2900 4950
1246 221 1364 285 Imp.
1402 221 1593 274 Leonis.
2503 199 2585 265 89

1230 401 1401 463 Nov.
1446 401 1621 463 XVII.

254 527 340 589 De
383 526 691 607 puerperis
738 523 975 605 quando
1021 521 1350 584 divinorum
1396 520 1804 600 mysteriorum
1847 519 2162 600 participes
2206 520 2380 595 fiant,
2425 527 2485 582 et
2524 530 2590 582 ut

298 628 552 689 infantes
582 626 954 706 baptizentur
984 635 1119 704 post
1149 623 1246 684 XL
1280 623 1424 696 dies,
1460 631 1620 682 extra
1655 640 1827 701 quam
1860 621 1908 682 si
1940 622 2263 684 necessitas
2293 623 2546 701 urgeat¹.

1085 793 1269 862 ΔΙΑ
1274 790 1507 865 ΤΑΞΙ
1510 793 1584 861 Σ
1634 784 1744 878 ιζ.

256 926 450 1020 Περὶ
500 935 659 1003 τῶν
708 933 1082 1000 τεκουσῶν
1127 933 1510 1026 γυναικῶν
1546 932 1721 1000 πότε
1760 920 2123 1020 λαμβάνει
2164 932 2321 997 τῶν
2353 921 2592 997 θείων

250 1045 725 1141 μυστηρίων,
790 1043 918 1118 καὶ
981 1041 1152 1117 πότε
1217 1041 1310 1117 τὰ
1379 1043 1625 1140 βρέφη
1672 1041 2164 1140 βαπτίζονται
2214 1037 2385 1140 ἄχρι
2434 1049 2593 1116 τῶν

844 1168 924 1256 μ’
971 1161 1271 1258 ἡμερῶν
1316 1161 1548 1256 χωρὶς
1599 1156 1925 1262 ἀνάγκης
1949 1165 2001 1232 ².

887 1307 973 1378 [Ὁ
1011 1304 1223 1367 αὐτὸς
1256 1307 1653 1377 panthus-J·
1685 1311 1764 1378 τῷ
1800 1304 1965 1378 αὐτῷ.

420 1407 506 1477 Ἡ
541 1413 659 1495 μὲν
705 1408 977 1491 ἀξίωσις
1018 1414 1134 1498 τῆς
1176 1407 1492 1497 ὑμετέρας
1531 1410 2013 1498 μακαριότητος
2054 1403 2165 1498 ὑφ’
2198 1404 2380 1493 ὖμιῦν
2421 1395 2591 1494 μᾶλ-

248 1516 370 1580 λον
416 1514 637 1580 δικαία
678 1517 1129 1598 προέρχεσθαι
1179 1538 1288 1599 ην,
1349 1507 1392 1598 ἢ
1448 1507 1604 1599 παρ’
1649 1507 1833 1597 ἡμῶν
1877 1511 1993 1600 τὴν
2035 1517 2288 1598 γένεσιν
2330 1514 2588 1596 λαβεῖν·

250 1615 388 1683 ἔδει
429 1613 552 1701 γὰρ
597 1617 712 1702 τῆς
754 1611 937 1700 ὑμῶν
984 1612 1315 1700 ἱερότητος
1370 1619 1727 1697 θέσπισμα
1784 1609 1954 1682 εἶναι
2005 1610 2342 1681 ὑπόθεσιν
2388 1611 2585 1699 ἱεράν.

250 1716 395 1784 ἐπεὶ
445 1717 518 1782 δέ
563 1740 732 1803 φατε
776 1711 865 1794 ὥς
910 1710 986 1782 ού
1033 1716 1181 1783 δέον
1226 1710 1327 1802 ἐφ’
1379 1714 1474 1782 ἑνὶ
1519 1716 1857 1803 κεφαλαίῳ
1901 1714 2245 1803 συνοδικὴν
2273 1721 2591 1802 γενέσθαι

252 1817 636 1903 διάσκεψιν,
697 1817 975 1884 συνόδου
1022 1812 1086 1884 δ’
1136 1812 1215 1884 ἂν
1261 1817 1360 1904 εἴη
1407 1816 1593 1901 ἔργον
1637 1817 1954 1902 προάγειν
2001 1815 2299 1904 ψήφους,
2359 1813 2590 1902 ἡμέτε-

250 1944 367 2005 ρον
405 1921 477 1987 δὲ
519 1923 631 1986 καὶ
675 1920 821 2002 δίχα
866 1918 1145 1985 συνόδου
1178 1918 1572 1984 ἐκτίθεσθαι
1619 1916 1847 2002 δόγμα,
1897 1917 2234 2001 δεχόμενοι
2273 1918 2390 2004 τὴν
2421 1941 2592 2002 προ-

248 2022 502 2110 τροπὴν
538 2011 641 2088 ’ὦν
687 2015 948 2100 ἀξιοῦτε
993 2019 1290 2098 διάταξιν
1336 2018 1709 2106 ἐκφέρομεν.
1799 2022 1915 2084 τοῦ
1960 2024 2183 2103 κυρίου
2225 2025 2447 2084 τοίνυν
2482 2021 2593 2084 καὶ

251 2126 546 2211 σωτῆρος
573 2121 758 2209 ἡμῶν
789 2119 960 2189 ὥστε
988 2125 1081 2209 τῷ
1115 2124 1440 2209 φωτισμῷ
1470 2123 1585 2207 τῆς
1614 2114 1814 2185 αὐτοῦ
1848 2119 2038 2203 δόξης
2079 2119 2592 2206 ἐπιλαμφθῆναι

251 2224 407 2302 τοὺς
452 2224 518 2291 ἐν
565 2223 784 2291 σκότει
828 2226 1425 2309 διαπορευομένους
1471 2219 1710 2309 σαρκὸς
1753 2216 1936 2308 ἡμῶν
1980 2223 2086 2286 καὶ
2135 2220 2416 2303 αἵματος
2457 2246 2593 2287 πα-

256 2326 643 2413 ραπλησίως
696 2324 1265 2412 κεκοινωνηκότος,
1327 2325 1474 2391 λίαν
1536 2325 1758 2408 ἔμοιγε
1813 2324 2082 2388 δοκοῦσι
2137 2326 2403 2410 φρονεῖν
2461 2317 2592 2388 ὖπ-

255 2434 518 2496 εναντία
561 2430 639 2515 τῇ
673 2425 921 2494 ἐκείνου
953 2424 1360 2514 σωτηριώδει
1389 2432 1695 2514 προνοίᾳ,
1744 2421 1933 2492 ὅσοι*
1974 2425 2063 2513 μὴ
2092 2427 2210 2491 τοῦ
2243 2425 2590 2513 φωτισμοῦ

254 2526 444 2608 ἀξίαν
489 2523 1038 2614 ὑπολαμβάνουσι
1079 2528 1195 2613 τὴν
1240 2527 1392 2612 ἄρτι
1433 2530 1553 2612 μὲν
1596 2538 1935 2595 τετοκυῖαν
1964 2529 2070 2593 καὶ
2105 2525 2430 2609 ἔπίλοχον,
2476 2550 2593 2591 κα-

251 2631 833 2718 ταλαμβανομένην
879 2632 951 2697 δὲ
993 2627 1128 2696 ὑπὸ
1173 2633 1291 2694 τοῦ
1333 2629 1634 2695 θανάτου
1680 2627 1864 2714 παρὰ
1907 2628 2125 2707 πόδας
2155 2628 2439 2707 ἑστῶτος
2481 2630 2591 2694 καὶ

251 2731 369 2818 τὴν
412 2738 840 2817 προθεσμίαν
884 2731 960 2818 ἢν
1006 2726 1196 2796 αὐτοὶ
1241 2726 1583 2814 ἀναμένειν
1630 2731 1888 2796 σἰὀνται
1931 2735 2125 2818 (φημὶ
2159 2730 2235 2818 δὴ
2266 2730 2382 2815 τὴν
2423 2728 2592 2814 μετὰ

251 2833 369 2921 τὴν
414 2833 601 2898 λύσιν
644 2836 775 2898 τῶν
822 2827 1075 2898 ὠδίνων
1117 2830 1644 2917 τεσσαρακοστὴν
1687 2827 1956 2916 ἡμέραν)
1999 2829 2114 2898 οὐκ
2158 2826 2593 2915 ἀναμένοντος

253 2929 426 3002 ἀλλὰ
468 2936 723 2998 θᾶττον
768 2931 1345 3016 προαρπάζοντος,
1404 2935 1509 2997 καὶ
1560 2921 1690 2996 διά
1715 2931 1830 3017 τὴν
1876 2931 2248 3018 σωματικὴν
2293 2927 2594 3017 ἀκαθαρ-

254 3041 411 3102 σίαν
460 3030 838 3117 ἀκάθαρτον
884 3028 973 3110 ὥς
1027 3026 1298 3118 ἀληθῶς
1355 3031 1425 3109 ἐξ
1468 3028 1850 3116 ἀνθρώπων
1902 3026 2175 3097 ἀπιέναι
2215 3056 2595 3118 καταπρατ-

252 3135 526 3219 τόμενοι
570 3133 840 3220 ταύτην,
890 3130 1440 3219 άμυσταγώγητον
1487 3122 1688 3199 οὖσαν
1743 3134 1851 3198 καὶ
1906 3135 2022 3219 τῆς
2082 3132 2194 3198 διὰ
2235 3136 2353 3197 τοῦ
2397 3139 2594 3198 θείου

255 3238 534 3321 λουτροῦ
578 3234 970 3319 καθάρσεως
1013 3237 1119 3301 καὶ
1168 3230 1650 3321 ἀναγεννήσεως
1694 3229 2043 3319 ἀμέτοχον·
2103 3227 2246 3299 οὐδ’
2298 3232 2596 3299 ἐννοοῢσι

253 3337 334 3405 τὸ
375 3343 660 3424 μέγεθος
702 3338 818 3402 τοῦ
862 3335 1163 3403 κινδύνου
1206 3339 1312 3403 καὶ
1357 3338 1473 3424 τῆς
1529 3336 1786 3424 ζημίας,
1851 3334 1928 3424 ἢν
1973 3339 2089 3424 τῆς
2145 3329 2359 3402 αὐτῶν
2406 3329 2595 3403 εὐλα-

255 3445 441 3527 βείας
492 3439 569 3504 τὸ
628 3435 978 3523 ἀνευλαβὲς
1030 3441 1140 3505 καὶ
1197 3438 1529 3526 σφαλερὸν
1579 3440 1900 3524 προξενεῖ.
1992 3444 2280 3525 καίτοιγε
2324 3436 2437 3505 διὰ
2476 3436 2593 3527 τὴν

257 3537 629 3628 ὑπερβολὴν
675 3535 828 3606 σι’·δὲ
872 3540 1065 3625 λόγου
1099 3544 1313 3608 δεῖται
1354 3537 1393 3627 ἦ
1439 3540 1708 3629 τοιαύτη
1757 3537 2025 3608 ἀτοπία.
2115 3545 2264 3620 πῶς
2304 3540 2426 3627 γὰρ
2471 3548 2595 3608 θε-

257 3643 450 3729 μιτὸν
493 3639 536 3729 ἢ
578 3646 726 3721 πῶς
770 3636 845 3708 οὗ
889 3643 1183 3730 λυπηρὸν
1226 3644 1404 3729 θεῷ,
1465 3641 1539 3721 ὃς
1593 3642 1705 3710 διὰ
1747 3646 1861 3729 τῆς
1918 3643 2012 3722 εἷς
2059 3637 2258 3709 αύτὸν
2302 3649 2594 3721 πίστεως

394 3829 412 3856 ¹
448 3831 631 3881 Laudat
663 3831 787 3882 Bals.
824 3832 883 3881 ud
915 3848 956 3882 c.
977 3831 1009 3882 2
1045 3832 1237 3896 Dionys.
1272 3830 1401 3881 Alex.
1439 3831 1536 3891 (ed.
1575 3830 1726 3881 Rham
1763 3832 1818 3881 lv
1854 3844 1901 3893 p.
1937 3830 1990 3890 9)
2025 3837 2076 3878 et
2108 3831 2254 3880 Btnst.
2287 3827 2356 3884 A,
2401 3829 2461 3885 1ss
2498 3830 2593 3893 (ed.

259 3916 445 3967 Rev-11
482 3932 528 3979 p.
564 3915 667 3977 34).
836 3914 856 3943 ²
890 3917 1095 3967 Rubi-ica
1133 3917 1200 3977 (in
1238 3930 1333 3979 qua
1368 3916 1751 3964 emendaverim·
1800 3909 1934 3963 πότε
1966 3906 2449 3980 μεταλαμβάνουσι
2482 3914 2595 3964 τῶν

207 3985 226 4003 ”
258 4001 317 4050 θ.
355 4016 415 4068 μ.
455 4015 547 4050 και
579 3993 668 4050 ὅτι
701 3995 772 4050 τὰ
804 4004 915 4070 pp.)
953 4002 1078 4064 apud
1116 4002 1314 4061 Scrimg.
1353 4007 1454 4061 est,
1503 4000 1551 4048 iu
1588 3999 1753 4048 Zuich.
1791 4002 1839 4048 et
1871 3999 2063 4049 Mearm.
2111 4013 2209 4048 nou
2245 3999 2375 4049 item.
2447 4000 2498 4050 lu
2532 4002 2593 4051 iis

260 4087 497 4137 scholium
543 4086 745 4148 legitur:
798 4080 930 4146 αὕτη
982 4077 1301 4151 ἐξεφωνιίθη
1350 4076 1487 4151 υπὲρ
1535 4097 1601 4130 ου
1645 4075 1817 4149 νόμος
1852 4075 1947 4131 οὔκ
1983 4068 2052 4143 ἦν
2085 4076 2210 4133 οὐδὲ
2243 4075 2456 4131 κανών·
2502 4078 2595 4132 καὶ

262 4166 395 4231 αὕτη
436 4163 465 4230 ἦ
502 4165 672 4237 νεαρὰ
708 4166 1002 4236 φυλακτέα.
1144 4167 1163 4196 ⁸
1199 4171 1327 4220 Haec
1361 4170 1502 4219 verbu
1526 4167 1652 4217 Beck
1677 4169 1971 4232 praeposuit.
2108 4165 2131 4195 ⁴
2165 4170 2425 4234 Agytaeus.
2464 4171 2593 4233 „·No

262 4262 420 4305 tantur
452 4254 747 4318 Theophilus
795 4262 841 4305 et
874 4254 1157 4319 DionysiuS,
1212 4254 1429 4319 episcopi
1465 4252 1801 4305 Alexandrini!
1805 4252 1820 4279 ‘
1889 4255 1987 4305 lmo
2023 4254 2300 4306 Timotheus
2335 4269 2441 4306 can.
2477 4254 2524 4305 6.
2561 4254 2590 4303 7

260 4348 313 4413 ,⁰²
342 4341 538 4406 Dionys.
576 4356 616 4392 c.
655 4339 702 4389 2.
