2900 4950
385 237 510 299 306
1145 248 1262 299 con.
1301 248 1380 298 ιιι.
1452 247 1564 297 Nov.
1603 245 1979 296 xxvii—xxix.

385 402 498 463 aiio
537 399 737 479 judice
783 397 1269 478 qualemcumque
1313 413 1597 476 unquam.
1686 396 1825 458 ideo
1862 396 2140 476 jubemus
2170 406 2229 457 et
2257 396 2533 459 omnibus
2563 415 2740 459 man-

384 502 591 564 damus
639 545 654 560 .
704 543 717 560 .
767 500 818 560 ‚⁷
863 499 975 579 ipsi
1021 498 1344 560 cartularib
1361 500 1461 578 qui
1507 498 1616 560 sub
1661 499 1759 559 iiio
1800 507 2028 560 suntet
2063 497 2272 558 notarii
2304 498 2731 577 parobalasari,

382 601 788 674 luminarchi⁰‚
835 600 1226 680 epologerni⁹‚
1273 609 1333 661 ct
1362 601 1441 661 illi
1474 601 1750 661 dicuntur
1792 599 2140 672 silocalami‚
2187 597 2608 661 commen-clarii
2656 599 2733 662 de

382 704 596 776 Avido‚
653 711 754 764 aut,
797 702 941 763 alios
986 701 1287 774 homines,
1343 701 1442 780 qui
1489 702 1767 762 reductus
1810 712 1875 762 ut
1918 697 2204 780 imperiali
2250 699 2487 762 servitio
2539 720 2733 780 usque

383 805 442 865 in
489 804 733 865 minimo
773 803 1030 875 nervine,
1079 821 1278 863 verum
1312 802 1385 862 de
1429 801 1667 881 publico
1696 803 1869 863 etiam
1919 801 2144 862 nullum
2179 802 2479 862 hominem
2511 802 2732 863 habere

385 906 677 967 licentiam
726 923 983 983 unquam
1027 912 1296 983 tempore
1352 923 1462 983 per
1517 904 1984 983 qualemcunque
2042 903 2412 964 occasionem
2470 912 2570 964 aut
2612 903 2727 983 ipsi

385 1007 644 1067 Venetici
691 1016 790 1066 aut
833 1005 932 1065 iiio
979 1005 1219 1082 navigiis
1265 1013 1493 1066 tentare
1540 1015 1640 1065 aut.
1685 1015 1924 1082 tangere
1960 1013 2061 1065 aut
2104 1005 2353 1066 scrutari
2398 1015 2499 1066 aut
2528 1004 2731 1083 quale-

387 1127 637 1186 cumque
683 1108 988 1167 occasione
1033 1107 1405 1186 perquirere,
1466 1116 1566 1166 aut
1612 1105 1805 1166 dicere
1850 1106 1994 1178 iliis,
2054 1124 2161 1185 pro
2207 1106 2480 1184 quibus¹⁰
2521 1115 2727 1166 nostro

386 1208 639 1287 Imperio
684 1207 1118 1268 commendabit
1177 1207 1306 1268 ilios
1363 1199 1499 1268 csse
1544 1208 1654 1269 sub
1699 1223 1874 1268 manu
1922 1207 1995 1268 de
2040 1207 2352 1286 logothetis
2398 1208 2470 1267 de
2516 1207 2725 1268 diorno

387 1309 532 1381 3010,
578 1319 636 1369 et
681 1309 753 1369 ab
797 1306 897 1369 illo
929 1308 1053 1368 solo
1097 1308 1226 1370 illos
1259 1318 1563 1387 pensetur.
1651 1308 2031 1369 Observando
2063 1316 2122 1368 et
2149 1307 2283 1367 ilios
2313 1309 2531 1383 omnia,
2577 1327 2728 1387 quae

386 1411 782 1489 suprascripta
840 1418 1007 1478 sunt.
1069 1419 1126 1469 et
1182 1428 1314 1470 cum
1373 1410 1502 1470 aliis
1547 1410 1796 1471 servitiis
1841 1428 2087 1488 operare
2138 1427 2271 1469 cum
2318 1410 2441 1470 suis
2486 1410 2728 1489 navigiis

386 1530 493 1590 pro
541 1511 896 1572 karicatione
940 1511 1013 1570 de
1058 1521 1263 1572 nostro
1307 1511 1497 1584 hoste,
1545 1510 1642 1591 qui
1690 1510 1932 1572 forsitan
1962 1510 2085 1570 vult
2126 1519 2331 1571 nostro
2376 1510 2629 1591 Imperio
2665 1512 2725 1572 in

386 1610 857 1690 Longombardia
904 1612 1173 1689 dirigere.
1264 1612 1576 1673 Pensando
1622 1630 1829 1673 omnes
1874 1620 1932 1672 et
1976 1612 2354 1690 expectando,
2398 1612 2497 1690 qui
2542 1629 2729 1673 ausus

384 1712 591 1774 suisset
633 1712 1010 1785 contrarium,
1056 1729 1207 1791 quae
1253 1731 1362 1773 nos
1400 1712 1688 1792 jussimus
1733 1722 1792 1773 et
1835 1713 1944 1773 hec
1973 1712 2333 1793 scripsimus,
2377 1731 2485 1792 pro
2516 1712 2728 1791 quovis

387 1814 752 1893 prevaricare
797 1823 855 1875 et
899 1814 1189 1875 contraire
1232 1814 1485 1888 faciunt,
1550 1833 1731 1893 super
1785 1833 1918 1875 eum
1976 1816 2175 1876 venire
2232 1813 2726 1892 disdignationem

386 1924 444 1975 et
487 1914 630 1975 iram
677 1915 750 1974 de
795 1925 998 1976 nostro
1043 1915 1317 1995 Imperio,
1364 1916 1710 1976 sufficiendo
1754 1916 1914 1976 omni
1961 1915 2460 1976 demonstratione
2494 1915 2617 1975 sola
2650 1913 2725 1976 de

388 2025 591 2076 nostro
636 2015 767 2094 ipso
812 2015 1149 2077 chrisobulii
1196 2017 1417 2095 sigium
1465 2018 1621 2097 quod
1670 2007 1882 2078 factum
1929 2026 2020 2078 est
2061 2017 2120 2078 in
2167 2036 2369 2078 mense
2400 2017 2605 2077 Martio
2635 2016 2727 2077 in-

390 2115 643 2177 dictione
701 2116 936 2195 quinta3
999 2116 1059 2177 in
1118 2137 1234 2196 quo
1292 2127 1349 2179 et
1406 2127 1607 2179 nostro
1666 2118 1762 2196 pio
1820 2126 1877 2178 et
1921 2137 1951 2177 a
1999 2118 2109 2178 deo
2155 2118 2425 2178 ordinato
2469 2117 2725 2197 imperio

386 2218 765 2277 confirmavit.
854 2219 1059 2278 Amen.

1251 2427 1765 2437 ——-—--———---
1780 2429 1861 2438 ¹—-

1319 2637 1490 2699 Nov.
1538 2639 1787 2700 xxvllt.

981 2754 1126 2834 imp.
1173 2755 1441 2817 Basilii
1489 2756 2123 2836 porphyrogeniti

385 2862 444 2913 ut
494 2854 847 2914 monasteria
897 2855 1031 2929 sint,
1081 2876 1230 2935 quae
1277 2856 1425 2919 ultra
1475 2859 1599 2919 vm
1633 2856 1714 2918 vel
1758 2860 1809 2919 X
1854 2858 2173 2920 monachos
2218 2858 2490 2933 habeant,
2538 2861 2719 2940 siqui-

508 2952 642 3013 dem
689 2956 1074 3019 sufficientem
1126 2957 1194 3019 iis
1241 2968 1456 3021 terram
1504 2960 1899 3039 possideant'.
1989 2958 2174 3033 (Inter
2215 2952 2599 3037 975—9962)

1368 3078 1500 3141 Non
1547 3092 1735 3143 emtat.

1243 3292 1370 3302 ——...,
1407 3294 1845 3303 ——Q—-ae—

1340 3480 1510 3541 Nuv.
1559 3480 1759 3542 xxix.

975 3596 1117 3673 imp.
1167 3596 1434 3658 Basiiii
1486 3600 2114 3679 Porphyrogcuiti

378 3712 451 3752 nc
495 3691 686 3753 locutu
734 3692 945 3754 haheat
990 3696 1085 3755 xt,
1132 3717 1419 3758 annorum
1469 3701 1851 3781 praescriptio
1897 3702 1955 3762 in
2001 3704 2257 3782 praediis
2302 3723 2333 3764 a
2375 3704 2713 3783 potentibus

374 3795 703 3875 acquisitis:
752 3796 823 3855 de
871 3796 1073 3857 finium
1121 3799 1515 3880 descriptione
1559 3803 1752 3864 aureis
1798 3803 1971 3865 bullis
2015 3804 2267 3866 inserta:
2315 3807 2387 3867 de
2420 3816 2713 3867 monaste·

372 3938 676 3948 ——-——-—-—---
687 3939 804 3947 —-——-

508 4012 526 4038 ⁷
571 4013 792 4064 Editores
832 4019 1104 4081 Loyothetae
1152 4020 1391 4083 supplent.
1463 4021 1597 4071 Male.
1671 4022 1830 4072 Potius
1879 4024 1938 4072 de
1985 4017 2207 4090 ἐπάρχῳ
2252 4021 2711 4092 παραθαλασσίτῃ

377 4099 690 4159 cogitaverim.
827 4097 849 4125 ⁸
883 4097 1239 4169 Λιμενάρχαι.
1393 4103 1415 4131 ⁹
1443 4098 1741 4170 ‘Ynoaciyot
1776 4107 1875 4155 τοῦ
1908 4109 2144 4172 γενικοῦ.
2300 4107 2340 4135 ¹⁰
2376 4112 2503 4158 Haec
2538 4112 2708 4160 verba:

374 4189 452 4228 mat
487 4183 639 4231 dicere
672 4185 788 4243 iltis,
824 4199 907 4247 pro
944 4189 1127 4250 quibus,
1169 4189 1215 4237 in
1255 4189 1371 4239 Cod.
1407 4191 1535 4240 inter
1570 4196 1769 4242 scrutari
1805 4201 1853 4241 et
1884 4202 1962 4243 aut
1999 4198 2319 4259 qualecunque
2348 4194 2519 4257 posita,
2559 4201 2714 4244 trans-

373 4263 594 4322 ponenda
630 4279 739 4313 esse
772 4267 988 4317 viderunt
1023 4270 1248 4321 editores.

506 4342 520 4370 ¹
559 4345 800 4396 Laudatur
836 4350 883 4397 in
920 4351 1031 4402 Nov.
1068 4354 1206 4404 ΧΧΙΧ
1237 4373 1278 4407 c.
1317 4357 1346 4405 3
1380 4358 1463 4415 (οῖ.
1502 4359 1567 4407 ibi
1603 4366 1702 4407 not.
1741 4360 1808 4421 3).
1884 4362 1989 4423 {psa
2026 4376 2121 4411 uon
2162 4369 2299 4411 extat.
