2900 4950
353 240 478 301 244
1271 251 1389 302 nou.
1425 251 1507 301 m.
1578 250 1691 302 Νῦν.
1729 251 1780 300 V.

521 400 598 487 γ’.
685 401 857 486 Περὶ
913 401 1046 465 τῶν
1099 396 1266 464 κατὰ
1309 397 1603 476 πολλοὺς
1643 393 1938 483 τρόπους
1981 395 2075 474 εἷς
2115 400 2456 481 κρείττονα
2499 423 2706 482 μετα-

357 506 856 570 σκευασθέντων
907 497 1134 585 τύχην,
1191 503 1410 583 μένειν
1465 500 1574 564 καὶ
1631 488 1873 576 αὐτοὺς
1927 496 1995 564 ἐν
2040 492 2143 576 οἷς
2186 491 2358 580 εἶχον
2403 498 2540 584 πρὸ
2584 502 2704 586 τῆς

356 602 625 688 πρώτης
669 601 1076 678 ι’νδικτιῶνος
1116 602 1226 665 καὶ
1266 598 1490 683 μόνον.

525 701 602 768 δ’.
692 703 861 787 Περὶ
905 703 1037 767 τῶν
1084 700 1571 783 ἒκδιωκομένων
1615 696 2004 784 προσώπων
2034 701 2143 765 καὶ
2173 697 2347 784 πρὸΒ
2374 701 2491 786 τῆς
2525 723 2704 786 παρ-

357 803 685 889 ελθούσης
743 801 1010 889 πρώτης
1068 800 1476 879 ἷνδικτιῶνος
1530 801 1636 866 καὶ
1699 802 2032 887 φορτικῶν
2074 803 2186 867 καὶ
2231 799 2551 884 ἐπαχθῶν
2593 804 2705 868 καὶ

354 913 626 992 βαρείας
680 903 867 982 τινὰς
921 898 964 989 ἢ
1020 912 1308 986 συνεχεῖς
1367 899 1864 987 προξενούντων
1922 900 2177 987 βλάβας
2229 911 2374 980 τοῖς
2416 903 2703 987 πλησίον

359 1003 576 1075 αὐτῶν
621 1012 877 1088 πένησι.

529 1107 597 1174 ε’.
686 1108 855 1190 Περὶ
899 1107 1017 1170 τοῦ
1064 1105 1382 1183 δοθέντος
1410 1105 1707 1190 τριετοῦς
1733 1101 1969 1189 χρόνου
1997 1103 2207 1171 ἕνεκεν
2235 1106 2353 1191 τῆς
2384 1097 2706 1189 ἀναστρο-

361 1212 492 1298 φῆς
533 1211 651 1274 τοῦ
694 1204 1081 1293 τιμήματος,
1150 1207 1258 1271 καὶ
1301 1208 1418 1292 τῆς
1464 1199 1874 1272 άπεντεῦθεν
1916 1201 2039 1292 ἤδη
2106 1203 2545 1291 παραδόσεως
2585 1207 2703 1270 τοῦ
2798 1210 2810 1221 ”

356 1309 683 1395 κτήματος
734 1307 1060 1395 βοήθειαν
1115 1309 1209 1393 τῷ
1267 1301 1505 1393 ἀπόρῳ
1549 1304 1867 1392 πράττειν
1911 1307 2021 1372 καὶ
2064 1315 2209 1384 τοῖς
2251 1307 2521 1385 λοιποῖς
2563 1316 2706 1385 τοῖς

361 1406 498 1478 άπὸ
542 1411 739 1478 τοῦδε
781 1412 897 1475 τοῦ
944 1407 1147 1492 νόμου
1193 1413 1698 1493 προτιμηθεῖσα

531 1512 608 1594 ς’.
697 1513 870 1594 Περὶ
895 1512 1028 1575 τῶν
1060 1503 1200 1575 άπὸ
1229 1512 1345 1595 τῆς
1374 1507 1643 1595 πρώτης
1675 1509 2082 1587 ἰνδικτιῶνος
2109 1513 2297 1593 μέχρι
2325 1511 2441 1595 τῆς
2472 1504 2707 1595 ὀγδόης

361 1618 793 1699 πραθέντων,
853 1605 1054 1691 ἀξίων
1100 1607 1308 1676 ὄντων
1353 1609 1658 1676 ἐπέκεινα
1699 1613 1818 1676 τοῦ
1863 1611 2332 1688 διπλασίονος,
2392 1605 2709 1695 ἀναστρέ-

364 1720 624 1800 φεσθαι
669 1707 1064 1797 άναργύρως.

533 1813 603 1895 ζ.
691 1816 859 1898 Περὶ
925 1816 1040 1899 τῆς
1101 1811 1452 1897 καταδίκης
1516 1814 1649 1878 τῶν
1715 1807 2180 1900 ἆγορασάντων
2248 1811 2523 1880 ἔνδοθεν
2590 1815 2708 1879 τοῦ

363 1917 861 2003 προῤῥηθέντος
901 1912 1136 1999 χρόνου
1184 1911 1452 1980 ἔλαττον
1495 1916 1612 1999 τῆς
1657 1914 1914 1993 δικαίας
1957 1917 2167 2001 τιμῆς.

529 2014 611 2104 η’.
699 2018 867 2100 Περὶ
912 2017 1029 2080 τοῦ
1077 2015 1357 2099 λαβεῖν’),
1406 2009 1576 2081 ἀλλὰ
1619 2018 1727 2081 καὶ
1773 2014 2130 2101 λαμβάνειν
2173 2014 2260 2082 τὰ
2299 2013 2712 2101 μοναστήρια

361 2121 493 2185 τῶν
548 2113 717 2203 ὑπὲρ
775 2112 1112 2202 άποταγῆς
1157 2117 1520 2201 διδομένων
1563 2123 1821 2184 τοπίων
1863 2117 1984 2196 τὰς
2026 2116 2255 2202 τιμὰς,
2314 2120 2421 2224 καὶ
2468 2110 2545 2181 ού
2589 2113 2707 2181 τὸν

362 2243 597 2286 τοπον.

528 2348 961 2436 Ἀνθρώποις
1017 2349 1156 2418 ἐστὶ
1214 2352 1500 2437 ζηλωτὸν
1555 2355 1666 2419 καὶ
1720 2352 2334 2439 περισπούδαστον,
2399 2347 2501 2432 οἷς
2541 2359 2709 2439 μέγα

365 2456 474 2523 καὶ
533 2452 895 2539 σεβάσμιον
948 2451 1027 2517 τὸ
1081 2455 1198 2540 τῆς
1253 2458 1670 2540 παντουργοῢ
1692 2458 1735 2491 ¹⁰
1783 2452 2005 2541 χειρὸς
2048 2456 2443 2539 νομίζεσθαί
2484 2481 2556 2523 τε
2598 2457 2708 2522 καὶ

367 2553 872 2641 ὂνομάζεσθαι“
919 2555 1380 2641 φιλοτέχνημα,
1426 2555 1505 2621 τὸ
1549 2547 1720 2642 πρὸς
1762 2561 1878 2644 τὴν
1922 2560 2039 2624 τοῦ
2072 2557 2571 2643 παραγαγόντος
2597 2562 2711 2641 μί·-

364 2682 565 2745 μησιν
619 2657 736 2744 τὴν
791 2655 1070 2743 ψυχικὴν
1129 2656 1648 2741 παρασκευάζειν
1710 2656 2054 2726 διάθεσιν·
2113 2653 2215 2737 οἷς
2271 2660 2341 2726 δὲ
2397 2658 2485 2747 μὴ
2540 2663 2711 2744 μέγα

365 2763 562 2826 τοῦτο
604 2758 771 2844 μηδὲ
787 2761 828 2794 ¹²
868 2757 1190 2844 μακάριον
1233 2757 1641 2844 λελόγισται,
1688 2759 1950 2839 τούτοις
1995 2757 2125 2845 ἄρα
2165 2760 2334 2845 μετὰ
2375 2764 2490 2849 τῆς
2534 2759 2710 2826 πλά-

367 2885 537 2940 σεως
577 2863 684 2927 καὶ
731 2855 767 2926 ὃ
810 2863 927 2947 τῆς
966 2857 1243 2946 κρίσεως
1287 2860 1717 2947 ἐξαρνεῖσθαι
1760 2860 2109 2948 πρόκειται
2144 2860 2353 2948 λόγος,
2400 2865 2507 2928 καὶ
2539 2858 2708 2927 ὕπο-

368 2964 712 3028 λέλειπται
767 2957 858 3040 ὥς
913 2962 981 3029 ἐν
1036 2964 1116 3048 γῇ
1180 2961 1268 3054 τὸ.
1313 2965 1450 3028 πᾶν
1497 2957 2060 3049 ἇναδεξαμένοις“’
2100 2967 2217 3051 τῆς
2258 2962 2559 3049 βιώσεως
2600 2965 2709 3029 καὶ

366 3062 571 3151 μόνης
616 3063 727 3131 ἐπὶ
772 3066 889 3152 τῆς
932 3066 1049 3151 γῆς
1089 3062 1415 3149 βιοτεύειν
1478 3064 1946 3150 αἱρουμένοις“
1995 3064 2072 3132 τὸ
2113 3069 2230 3152 τῆς
2273 3065 2518 3144 οἰκείας
2559 3064 2710 3132 ἑπι-

371 3166 762 3234 δείκνυσθαι
815 3170 1289 3251 προαιρέσεως.
1382 3164 1691 3234 ἐντεῦθεν
1742 3163 1783 3254 ἡ
1841 3164 2056 3254 πολλὴ
2117 3169 2249 3233 τῶν
2304 3166 2709 3253 πραγμάτων

367 3269 691 3354 σύγχυσις,
739 3267 1045 3336 ἐντεῦθεν
1087 3263 1128 3353 ἡ
1170 3268 1417 3356 μεγάλη
1463 3270 1595 3335 τῶν
1642 3261 2061 3355 ἀδικημάτων
2108 3267 2433 3355 ἐπιφορὰ,
2493 3268 2712 3335 ἐντεῦ-

365 3375 492 3437 θεν
534 3367 575 3454 ἡ
618 3369 863 3456 μεγάλη
907 3372 1018 3435 καὶ
1058 3368 1278 3453 μακρὰ
1317 3372 1450 3435 τῶν
1482 3372 1764 3452 πτωχῶν
1803 3371 2244 3455 ταλαιπωρία,
2290 3372 2397 3435 καὶ
2431 3363 2467 3435 ὅ
2498 3369 2714 3448 πολὺς

372 3468 731 3555 στεναγμὸς
772 3472 904 3536 τῶν
949 3467 1279 3554 πενήτων,
1348 3465 1430 3536 δι’
1482 3468 1595 3549 οὓς
1641 3465 1991 3538 ἀνίσταται
2033 3471 2270 3558 κύριος.
2360 3471 2545 3538 ἕνεκα
2588 3471 2711 3557 γάρ

371 3591 539 3657 φησι
579 3571 695 3654 τῆς
736 3570 1195 3656 ταλαιπωρίας
1238 3573 1370 3636 τῶν
1414 3575 1699 3655 πτωχῶν
1741 3574 1847 3638 καὶ
1885 3576 2003 3640 τοῦ
2034 3576 2395 3659 στεναγμοῦ
2425 3576 2557 3640 τῶν
2587 3598 2711 3641 πε-

371 3668 582 3757 νήτων
611 3671 751 3736 -νῢν
807 3665 1296 3757 ἀναστήσομαι,
1357 3674 1532 3759 λέγει
1584 3672 1825 3760 κύριος.
1916 3674 1975 3742 εἰ
2028 3673 2194 3754 θεὸς
2249 3675 2345 3753 εἷς
2389 3674 2714 3760 ἐκδίκησιν

372 3773 790 3840 διανίσταται
836 3769 872 3840 ὅ
914 3775 1024 3840 καὶ
1066 3772 1330 3852 πλάσας
1373 3769 1546 3861 ἡμᾶς
1572 3779 1682 3842 καὶ
1713 3774 1937 3854 σώσας
1962 3779 2070 3842 καὶ
2100 3776 2518 3861 βασιλεύσας,
2566 3779 2713 3854 πῶς

368 3870 526 3961 ἡμῖν
570 3869 1126 3963 ὖπεροφθήσεται
1167 3878 1276 3943 καὶ
1323 3876 1416 3956 εἰς
1458 3879 1646 3956 τέλος
1676 3876 2242 3965 ἔπιλησθήσεταις
2291 3876 2439 3944 ἐπεὶ
2465 3879 2711 3962 μόνους

383 4031 428 4039 —
479 4033 616 4041 --.-

505 4112 526 4139 ⁸
562 4115 710 4164 Labb.
744 4111 885 4184 περί.
1025 4115 1048 4144 ⁹
1083 4119 1212 4168 Haec
1248 4125 1473 4182 corrupta
1508 4125 1635 4168 suut.
1689 4118 1859 4169 Forte:
1895 4112 2023 4184 περὶ
2060 4116 2156 4166 τοῦ
2187 4112 2562 4184 μονασᾰντων
2591 4109 2717 4176 κτή-

375 4208 484 4250 σεις
530 4192 606 4263 μὴ
664 4193 960 4265 λαμβάνειν
1012 4195 1081 4249 τὰ
1125 4195 1508 4268 μοναηστήρια,
1575 4193 1684 4249 ἀλλ’
1732 4194 1865 4269 ὑπὲρ
1933 4194 2217 4267 ἆποταγῆς
2275 4200 2389 4249 τῶν
2437 4195 2545 4248 διδ.
2598 4197 2713 4248 κτλ.

375 4280 411 4309 ¹⁰
448 4282 640 4332 Leuncl.
675 4283 1007 4351 πανουργοῢ.
1153 4283 1184 4310 ¹¹
1221 4284 1413 4335 Leuncl.
1448 4280 1731 4351 νομίζεταί
1764 4299 1820 4335 τε
1853 4282 1946 4335 καὶ
1981 4279 2328 4353 ὀνομάζεται.
2473 4283 2510 4311 ¹²
2546 4285 2713 4334 Idem:

376 4351 457 4419 οἷς
491 4362 548 4414 δὲ
582 4362 726 4431 μέγα
763 4367 923 4416 τοῦτο
957 4362 1050 4416 καὶ
1080 4380 1210 4433 μακ.
1353 4365 1387 4395 ¹³
1424 4369 1586 4419 Idem:
1626 4359 1841 4426 ἇποδεξ.
1988 4369 2023 4398 “
2062 4372 2205 4423 Labb.
2244 4363 2623 4440 αἱρουμένους.
