2900 4950
319 213 444 272 -166
1109 223 1227 273 Con.
1266 224 1322 271 ΙΙ.
1393 223 1507 271 Nov.
1543 220 1693 270 ΙᾸΙΧ.
1733 222 1857 271 Lxx.

1289 440 1460 500 Nov.
1509 428 1704 499 LXIX.

463 561 538 621 Ut
580 558 758 631 caeci,
806 558 1058 657 illiteratj
1103 567 1162 618 et
1205 557 1497 618 foeminae
1540 565 1955 619 testamentum
1998 557 2193 619 facere
2238 556 2521 635 poesiuv.

1145 745 1326 812 AIA
1337 742 1655 817 ΤΑΞΙΣ
1699 736 1840 823 ἔθ’.

235 940 250 945 -
337 876 522 972 Περὶ
588 883 724 949 τοῦ
799 874 1288 947 διατίθεσθαι
1359 880 1668 971 τυφλοῖς
1753 872 1879 947 καὶ
1961 872 2484 975 ἀγραμμάτοις
2548 875 2683 948 καὶ

1289 990 1635 1092 γυναιξίν
1660 997 1711 1062 2.

849 1140 904 1193 Ὀ
943 1137 1152 1197 αὐτὸς·
1182 1140 1513 1207 βασιλεὺς
1549 1142 1817 1209 στυλιανῷ
1858 1146 1933 1212 τῷ
1972 1138 2139 1207 αὐτῷ.

498 1238 758 1328 Ἐπειδὴ
805 1238 1325 1330 ἀμφισβητεῖται
1367 1245 1523 1327 περὶ
1569 1246 1684 1308 τοῦ
1730 1246 1879 1321 πῶς
1924 1243 2025 1310 δεῖ
2053 1242 2343 1331 τυφλούς
2375 1244 2682 1311 διατίθε-

335 1352 522 1422 σθαι,
570 1347 676 1409 καὶ
721 1340 758 1429 ἡ
808 1338 1179 1430 ἀμφιβολία
1224 1344 1293 1410 ἔκ
1336 1370 1407 1410 τε
1449 1346 1581 1409 τῶν
1627 1350 1921 1428 νομίμων
1966 1343 2238 1430 πρόεισι
2270 1343 2538 1411 τόπων3
2568 1347 2679 1411 καὶ

336 1435 426 1512 (ὗν
484 1439 793 1531 ἀλλήλοις
849 1448 1005 1539 περὶ
1059 1444 1296 1512 τούτου
1356 1443 1911 1525 ἀντιθεσπίζουσι
1968 1443 2193 1528 νόμοι,
2252 1447 2361 1512 καὶ
2404 1448 2521 1533 τῆς
2564 1450 2681 1513 νῦν

336 1548 850 1632 πολιτευομένης
907 1551 1294 1633 συνηθείας,
1357 1542 1511 1612 οὐδὲ
1566 1549 1762 1611 τοῦτο
1809 1543 2080 1633 ἄκαιρον
2124 1542 2282 1631 ἡμῖν
2327 1547 2682 1632 ἐνομίσατο

335 1653 536 1733 μέρος
593 1646 687 1725 εἷς
744 1646 1097 1732 ἕπίσκεψίν
1154 1673 1228 1714 τε
1281 1650 1390 1713 καὶ
1444 1643 1922 1734 ἀνακάθαρσιν.
2012 1651 2121 1715 καὶ
2164 1648 2286 1734 γὰρ
2334 1644 2369 1714 ό
2412 1654 2532 1732 μέν
2575 1674 2684 1727 τις

340 1746 741 1834 ἀπαγορεύει
783 1751 914 1814 τῶν
959 1747 1213 1833 νόμων*
1269 1750 1499 1837 τυφλῷ
1548 1748 1845 1828 διάταξιν
1889 1748 2055 1815 κατὰ
2097 1749 2212 1816 τὸν
2255 1748 2679 1836 μυστηριώδη

339 1855 790 1935 προέρχεσθαι
832 1848 1104 1936 τρόπον,
1151 1855 1259 1916 καὶ
1300 1849 1389 1937 μὴ
1437 1848 1653 1929 ἄλλως
1696 1861 2053 1937 προσεῖναι
2081 1849 2281 1938 ταύτῃ
2315 1854 2508 1936 κῦρος
2540 1846 2684 1937 ὁρί-

342 1952 547 2032 ζεται,
611 1950 668 2019 εἰ
709 1950 797 2038 μὴ
846 1956 1182 2040 παρουσίᾳ
1224 1951 1571 2037 μαρτύρων
1618 1952 1924 2038 ἐγγυᾶται
1971 1946 2011 2040 ἢ
2053 1951 2482 2037 προελθόντα
2526 1950 2685 2018 στό-

340 2077 551 2138 ματος
602 2054 857 2141 τυφλοῦ
913 2052 997 2119 τὰ
1042 2055 1515 2138 διατεταγμένα
1558 2048 1786 2141 ἢτοῒς
1830 2053 2113 2120 ἐκείνουὸ
2158 2046 2320 2119 ὠσὶν
2364 2050 2685 2139 ὑπάρχειν

341 2155 694 2242 ἕνηχημένα
749 2149 846 2231 (οὗ
904 2153 1025 2240 γὰρ
1055 2149 1265 2233 -ἀξιοῒ
1318 2154 1384 2221 ἐν
1439 2154 1624 2241 μόνῳ
1683 2165 1929 2242 γραφεῖ
1980 2153 2097 2241 τὴν
2157 2152 2406 2223 τούτων
2452 2161 2683 2221 πίστιν

343 2257 860 2341 ἐξωχυρῶσθαι),
909 2250 945 2320 ὃ
992 2256 1063 2321 δέ
1106 2282 1208 2334 τις
1238 2260 1371 2322 τῶν
1403 2254 1659 2340 νόμων6
1690 2251 2052 2342 εὐρύχωρον
2085 2250 2336 2340 ἀνοίγει
2363 2254 2478 2342 τὴν
2510 2254 2686 2341 πάρ-

343 2358 497 2423 οδον
541 2359 652 2423 καὶ
691 2363 986 2442 γυναίοις
1029 2360 1134 2423 καὶ
1181 2352 1635 2444 ἀγραμμάτοις
1680 2352 2073 2439 ἀνθρώποις
2119 2355 2212 2435 εἷς
2255 2356 2331 2421 τὸ
2363 2354 2534 2442 πρὸς
2560 2382 2685 2440 μυ-

343 2464 738 2544 στικωτέρας
783 2458 1113 2538 διατάξεις
1154 2465 1639 2539 καθίστασθαι,
1703 2460 1905 2546 μηδὲν
1953 2458 2172 2544 ἕτερον
2219 2452 2709 2543 ἀκριβολογού-·

340 2583 566 2646 μενος,
613 2554 657 2647 ἢ
698 2559 776 2625 τὸ
820 2557 968 2626 τὸνΊ
1014 2560 1511 2645 διατιθέμενον,
1578 2556 1692 2627 οὐκ
1740 2558 1897 2626 ὄντα
1940 2561 2060 2644 μὲν
2106 2554 2338 2646 ἀμαθῆ
2381 2559 2684 2646 γραμμά-

342 2689 494 2741 των,
542 2661 750 2748 οἷκείᾳ
795 2658 1147 2750 ὑπογραφῇ
1192 2661 1307 2749 τὴν
1355 2663 1653 2742 διάταξιν
1699 2659 2228 2750 ἀσφαλίζεσθαι,
2279 2660 2337 2728 εἷ
2381 2656 2445 2727 δ’
2497 2660 2685 2728 ἐλάτ-

343 2790 476 2829 των
507 2762 752 2840 ἒκεῒνος
779 2768 1088 2848 παρέχειν
1118 2762 1233 2850 τὴν
1266 2763 1573 2851 τοιαύτην
1605 2759 1994 2851 ἀσφάλειαν,
2031 2759 2230 2828 ἄλλον
2263 2756 2412 2829 ἀνθ’
2450 2761 2683 2829 ἑαυτοῦ

345 2862 662 2950 πρὸςτὴν
691 2858 1082 2952 ὑπογραφὴν
1113 2866 1676 2951 παραλαμβάνειν.
1727 2860 1900 2930 οὕτω
1922 2865 2041 2947 μὲν
2072 2852 2185 2930 οῦν
2210 2862 2277 2930 ἐκ
2304 2866 2435 2930 τῶν
2467 2862 2683 2947 νόμων

348 2966 693 3046 στασιάζοι
737 2960 816 3033 ἀν
861 2964 945 3033 τὰ
988 2965 1377 3053 πράγματα·
1424 2971 1572 3046 πῶς
1613 2963 1736 3052 γάρ
1785 2965 1842 3032 εἰ
1883 2963 2120 3051 γύναια
2149 2967 2257 3031 καὶ
2287 2963 2682 3051 γραμμάτων

348 3062 691 3134 ἀδίδακτοι
747 3066 1105 3152 ἄνθρωποι
1163 3068 1328 3135 κατὰ
1385 3067 1501 3135 τὸν
1558 3063 2020 3153 ἀναχωροῦντα
2074 3066 2327 3152 τρόπον
2384 3070 2499 3154 τῆς
2550 3069 2681 3132 τῶν

347 3170 614 3236 πολλῶν
658 3169 960 3255 γνώσεως
1006 3170 1428 3250 διατάξονται
1473 3170 1540 3237 ἐν
1582 3169 1763 3256 μόνῳ
1808 3173 1901 3254 τῷ
1931 3167 2257 3255 γράφοντι
2286 3167 2685 3254 σαλευούσης

346 3273 462 3358 τῆς
502 3278 811 3350 πίστεως,
863 3266 1003 3352 οὐχὶ
1047 3274 1154 3337 καὶ
1202 3267 1237 3335 0‘
1281 3270 1531 3358 τυφλὸς
1575 3271 1643 3338 ἐκ
1684 3274 1801 3356 τῆς
1846 3265 2045 3357 αὐτῆς
2090 3270 2306 3347 αἰτίας
2351 3262 2682 3335 ἀκώλυτον

350 3379 534 3458 σχοίη
580 3370 657 3437 τὸ
705 3373 1146 3439 διατίθεσθαι
1158 3403 1181 3454 ,-
1230 3368 1398 3438 ἀλλὰ
1439 3370 1562 3457 γάρ
1606 3374 1713 3439 καὶ
1758 3370 1844 3438 τὰ
1886 3375 2002 3458 τῆς
2033 3376 2408 3458 συνηθείας,
2457 3365 2530 3436 οὗ
2562 3369 2685 3454 μό-

349 3496 462 3539 νον
517 3471 603 3538 τὰ
659 3473 727 3539 ἐκ
783 3477 899 3538 τοῦ
942 3474 1178 3557 νόμου,
1238 3472 1410 3559 πρὸς
1451 3473 1567 3539 τὸν
1612 3472 1827 3557 νόμον
1860 3469 2095 3559 ὁρᾶται
2137 3471 2492 3557 μαχόμενα.
2580 3474 2684 3538 καὶ

717 3606 766 3612 α-μ
791 3605 972 3613 —u——v-0
1025 3606 1071 3614 *a

487 3656 502 3684 ¹
555 3659 652 3709 Ecl.
690 3661 800 3710 Nov.
838 3662 917 3712 35.
989 3665 1149 3713 Harm.
1187 3666 1237 3726 V,
1283 3666 1322 3725 Ι,
1361 3663 1441 3713 22.
1583 3662 1602 3690 ²
1639 3666 1767 3714 Haec
1817 3661 2007 3713 rubrica
2058 3665 2104 3712 in
2144 3663 2241 3714 Ecl.
2282 3670 2384 3712 est:
2436 3662 2604 3711 endem
2639 3663 2685 3711 in

351 3745 517 3796 Zuieh.
554 3745 647 3794 nisi
683 3747 811 3810 quod
849 3744 1089 3813 τυφλοὺς·
1120 3742 1210 3796 καὶ
1247 3740 1646 3815 ἀγραμμάτους
1677 3743 1768 3796 καὶ
1800 3748 2063 3813 γυναῖκας
2098 3748 2292 3798 scribat.
2495 3744 2517 3774 ⁸
2552 3748 2687 3796 Forte

356 3825 555 3880 τύπων.
715 3829 736 3856 ⁴
773 3833 849 3880 Se.
888 3833 920 3882 Ι.
956 3832 987 3882 3
1026 3834 1076 3882 C.
1115 3834 1197 3896 qui
1236 3841 1342 3883 test.
1379 3834 1468 3883 fue.
1508 3848 1637 3897 [msa.
1789 3831 1809 3860 ⁶
1845 3834 1972 3897 Agyl.
2009 3833 2123 3895 legit
2155 3831 2272 3884 τοῖς
2306 3826 2545 3882 ἑαυτῶν·
2580 3845 2686 3895 pes-

355 3915 501 3976 sime,
548 3915 726 3978 quippe
773 3917 854 3979 qui
891 3925 1041 3967 [olum
1079 3920 1206 3968 hunc
1240 3919 1397 3968 locum
1433 3920 1558 3969 male
1594 3920 1934 3981 interpretatus
1968 3918 2046 3967 sit.
2120 3918 2452 3966 Praesentibus
2488 3917 2687 3966 testibus

356 4001 647 4048 coecus'aut
681 4001 784 4063 ipse
820 4000 1105 4051 voluntatem
1144 4018 1278 4052 suam
1315 4012 1543 4053 oretenus
1580 4003 1790 4052 declaret
1824 4012 1906 4053 aut
1941 4003 1989 4051 in
2016 4003 2299 4064 scripturam
2319 4003 2559 4052 redactum
2579 4001 2687 4050 dum

356 4098 385 4133 a
419 4083 649 4132 tabulario
686 4084 914 4134 recitatur
947 4086 1143 4134 auribus
1178 4088 1282 4136 ‘suis
1319 4089 1550 4151 percipiat
1585 4101 1786 4136 necesse
1823 4096 1911 4136 est.
2117 4085 2139 4114 ⁶
2172 4087 2425 4136 lastiniani
2463 4086 2574 4135 Nov.
2597 4085 2689 4135 119

358 4183 400 4216 c.
436 4167 483 4216 9.
619 4165 637 4191 ⁷
671 4168 752 4217 Sic
787 4167 909 4228 lego.
979 4168 1142 4219 Zuich.
1181 4178 1227 4219 et
1263 4173 1454 4221 Meet-ru.
1494 4167 1554 4219 τὸ
1594 4162 1743 4219 αὐτὸ.
1821 4172 2020 4233 Scrimg.
2058 4166 2120 4219 τὸ
2151 4163 2337 4226 αὐτὸν,
2378 4171 2510 4234 quod
2528 4170 2688 4232 steph.

360 4253 406 4300 ἰιι
455 4246 516 4298 τὸ
565 4245 662 4298 τὸν
696 4243 893 4306 αὐτὸν,
946 4253 1287 4317 Οεεηὺτϋςςεῃ
1323 4257 1372 4304 ἰιι
1409 4249 1470 4302 τὸ
1508 4245 1678 4303 αὐτὸν
1715 4249 1812 4303 τὸν
1845 4256 2125 4306 mutandum
2162 4263 2343 4316 censet,
2378 4255 2493 4304 licet
2527 4243 2690 4301 αῦτὸν

358 4337 418 4385 ob
455 4350 664 4399 sequens
703 4327 872 4395 οἰκείᾳ
909 4335 1132 4385 abundet.
