2900 4950
336 214 459 277 280
1131 229 1247 279 con.
1285 229 1365 279 ut.
1437 230 1550 279 Nov.
1586 226 1871 280 xm-xw

1321 427 1494 493 Nov.
1539 429 1693 491 XIII.

802 546 948 625 Imp.
1009 545 1498 608 Constantini
1564 546 2206 627 Porphyrogeniti

883 646 955 707 de
1000 646 1183 708 servis
1227 647 1479 726 fugitivis
1523 648 1768 729 aliisque
1813 647 2082 728 capitulis
2098 649 2135 710 ¹.

338 800 593 906 Νεαρά
661 821 715 885 ε’
766 812 1325 887 κωνσταντίνου
1392 813 1439 909 ἡ
1506 813 1946 909 ἀποκειμένη
1974 820 2005 863 ²
2070 817 2153 890 ἐν
2202 824 2294 911 τῇ
2350 815 2682 913 σακέλλῃζ

485 931 673 1026 Περὶ
724 938 996 1027 φυγῶν
1047 931 1448 1026 ψυχαρίων
1499 934 1627 1006 καὶ
1679 931 2179 1006 ἀπολωλότων
2227 942 2543 1029 κτηνῶν.

509 1080 590 1147 α’.
674 1076 869 1165 Ὑπὲρ
928 1074 1359 1161 ἀπολωλότος
1413 1089 1741 1168 ψυχαρίου
1795 1084 1906 1148 καὶ
1960 1080 2027 1148 ἐν
2071 1084 2165 1168 τῷ
2212 1076 2388 1170 αὐτῷ
2434 1089 2687 1172 θέματι

257 1240 266 1248 .
342 1178 727 1268 εὖρεθέντος
781 1187 1056 1267 παρέχει
1110 1177 1147 1247 ὃ
1203 1182 1532 1272 δεσπότης
1596 1183 1889 1268 νόμισμα
1966 1184 2034 1249 ἓν
2089 1185 2317 1267 μίλια3
2370 1190 2680 1270 τέσσαρα.

342 1284 402 1350 εἰ
458 1284 529 1350 δὲ
585 1279 1131 1368 ὗπερθεματίσαν
1189 1280 1463 1371 εὑρεθῇ,
1525 1290 1899 1368 νομίσματα
1960 1283 2077 1351 δύο
2133 1286 2327 1370 μίλια
2368 1292 2680 1371 τέσσαρα.

342 1384 400 1450 εἰ
456 1385 529 1450 δὲ
586 1384 701 1450 δύο
759 1378 802 1471 ἢ
856 1390 1010 1469 τρία
1063 1390 1331 1469 θέματα
1387 1384 1660 1453 διελθὸν
1716 1389 2051 1473 κρατηθῇ,
2113 1392 2488 1471 νομίσματα
2529 1393 2686 1473 τρία

340 1486 532 1569 μίλια
572 1490 880 1569 τέσσαρα.
940 1483 1053 1551 καὶ
1095 1485 1231 1571 πρὸ
1272 1488 1393 1571 μὴ
1426 1490 1543 1552 τοῦ
1575 1489 1946 1573 παρελθεῖν
1973 1487 2091 1554 τὸν
2121 1489 2685 1576 δωδεκαμηνιαῒον

336 1586 574 1671 χρόνον
613 1585 702 1671 μὴ
751 1585 994 1665 ἐξεῖναι
1038 1587 1555 1673 διαπιπράσκειν
1600 1584 1761 1655 αὐτὸ
1792 1583 2098 1672 ἀλλαχοῦ,
2145 1585 2313 1656 ἀλλὰ
2341 1598 2686 1675 συντηρεῖν

342 1689 451 1752 καὶ
499 1686 853 1773 φυλάττειν
899 1687 965 1755 ἐν
1012 1682 1362 1776 ἀσφαλείᾳ.
1439 1689 1498 1756 εἰ
1544 1689 1614 1755 δὲ
1656 1692 1765 1755 καὶ
1808 1693 1942 1758 τῶν
1975 1690 2228 1757 δώδεκα
2253 1693 2475 1775 μηνῶν
2505 1714 2686 1776 παρ-

347 1786 683 1856 ελθόντων
751 1784 866 1855 οὐκ
935 1784 1315 1877 ἀναζητηθῇ
1381 1790 1461 1855 τὸ
1519 1785 1871 1869 ἀπολωλὸς
1930 1792 2258 1877 ψυχάριον
2311 1790 2498 1877 παρὰ
2561 1794 2685 1858 τοῦ

343 1895 569 1975 κυρίου
631 1883 832 1956 αὐτοῦ
845 1942 864 1971 ,
921 1889 1073 1957 τότε
1129 1889 1373 1970 ἐξεῖναι
1426 1894 1520 1978 τῷ
1585 1888 1884 1979 εὖρηκότι
1941 1892 2461 1979 διαπιπράσκειν
2520 1885 2683 1958 αὗτὸ

344 1990 438 2069 εἷς
482 1990 769 2079 ἐμφανὲς
813 1991 1181 2079 πρόσωπον
1227 1990 1344 2058 ἐπὶ
1385 1993 1715 2079 καταβολῇ
1751 1994 2175 2080 νομισμάτων
2207 1995 2278 2073 ἓξ
2304 1995 2413 2060 καὶ
2442 1993 2685 2077 μιλίων

340 2090 695 2178 τεσσάρων.
788 2092 900 2160 διὰ
941 2097 1138 2159 τοῦτο
1185 2094 1257 2160 δὲ
1303 2091 1513 2173 οὕτως
1555 2089 1814 2173 εὐώνως
1858 2093 2399 2181 διαπιπράσκειν,
2448 2091 2564 2160 διὰ
2603 2092 2686 2159 τὸ

339 2193 427 2279 μὴ
475 2188 645 2260 εἶναι
688 2194 801 2260 τὸν
849 2193 1178 2281 δεσπότην
1221 2195 1499 2282 διηνεκῆ,
1547 2189 1716 2260 ἀλλὰ
1758 2194 1962 2261 πάλιν
2009 2191 2110 2263 ἐπ’
2162 2196 2464 2275 ἐξουσίας
2516 2194 2687 2278 ’ἔχειν

340 2293 457 2362 τὸν
498 2295 721 2381 κύριον
766 2290 1000 2374 αὐτοῦ,
1049 2290 1206 2361 ὅταν
1254 2295 1527 2383 διαγνῷ,
1585 2301 1897 2381 παρέχειν
1938 2296 2023 2363 τὰ
2065 2300 2341 2363 τοιαῦτα
2384 2299 2458 2377 ἓξ
2497 2302 2687 2382 νομί-

343 2418 563 2481 σματα
604 2397 772 2482 μετὰ
812 2399 945 2462 τῶν
989 2396 1326 2484 τεσσάρων
1368 2398 1628 2482 μιλίων,
1674 2401 1782 2466 καὶ
1827 2398 1943 2465 τὸν
1972 2399 2148 2466 ἰ’διον
2180 2392 2682 2486 ἀπολαμβάνειν

344 2498 615 2585 οἰκέτην.

507 2598 591 2684 β’.
674 2594 871 2684 Ὑπὲρ
931 2599 1001 2665 δὲ
1054 2602 1302 2686 κτηνῶν
1359 2596 1837 2682 ἀπολωλότων,
1905 2600 2018 2668 ἐπὶ
2074 2602 2194 2685 μὲν
2237 2611 2382 2681 τοῖς
2423 2602 2686 2685 μείζοσι

340 2700 450 2766 καὶ
495 2696 892 2786 ἆδροτέροις,
942 2700 1146 2767 οἱονεὶ
1185 2704 1380 2786 βουσὶ
1423 2705 1532 2768 καὶ
1578 2701 1824 2781 ἵπποις
1864 2705 1974 2768 καὶ
2002 2699 2323 2790 ἡμιόνοις,
2371 2708 2683 2789 παρέχειν

341 2800 457 2869 τὸν
500 2801 675 2868 >ι’διον
721 2797 1045 2888 αὐθέντην
1088 2804 1279 2886 μίλια
1321 2809 1612 2891 τέσσαρα
1654 2807 1763 2870 καὶ
1808 2803 2165 2890 λαμβάνειν
2209 2798 2393 2872 αὗτά.
2463 2804 2578 2871 ἐπὶ
2607 2804 2685 2870 δὲ

341 2913 486 2981 τοῖς
516 2909 946 2990 μικροτέροις,
990 2910 1293 2971 τουτέστι
1321 2904 1690 2991 προβάτοις
1716 2908 1825 2972 καὶ
1851 2912 2123 2993 χαίροις,
2167 2905 2399 2991 μόνοις
2426 2911 2684 2975 κείσθω

340 3014 486 3084 τοῖς
525 3012 776 3092 κυρίοις
819 3000 1035 3072 αὐτῶν
1081 3004 1116 3069 ὃ
1159 3004 1515 3090 βούλονται
1558 3012 1886 3093 παρέχειν.

509 3106 585 3192 γ’.
672 3105 893 3193 Χάριν
940 3107 1010 3172 δὲ
1053 3108 1184 3172 τῶν
1229 3106 1341 3174 ἐπὶ
1385 3108 1637 3196 κεφαλῇ
1683 3105 2074 3193 τραυμάτων
2121 3104 2244 3175 εἴτ’
2296 3097 2411 3175 οὖν
2456 3107 2686 3193 ἐκτρα-

339 3208 661 3294 χωμάτων
707 3202 748 3295 ἢ
791 3213 1105 3293 πορνείας
1147 3200 1191 3294 ἢ
1221 3215 1520 3292 μοιχείας
1547 3203 1590 3294 ἢ
1618 3210 1871 3296 κλοπῆς
1897 3204 2053 3297 μηδ’
2092 3200 2313 3276 ὁτιοῦν
2346 3204 2679 3276 ἀπαιτεῖν.

342 3308 426 3376 τὰ
482 3310 555 3376 δὲ
596 3310 970 3394 κλοπιμαῖα
1017 3304 1444 3393 εὑρισκόμενα
1489 3304 1960 3390 ἀνασώζεσθαι
2003 3320 2146 3389 τοῖς
2191 3311 2389 3389 ἰδίοις
2433 3309 2687 3377 δεσπό-

340 3436 506 3489 ταις.
598 3410 941 3477 δεσποτῶν
988 3410 1059 3476 δὲ
1100 3408 1187 3496 μὴ
1237 3406 1463 3491 ὄντων,
1509 3413 1602 3498 τῷ
1650 3412 1944 3499 δημοσίῳ
1992 3411 2508 3497 εἰσκομίζεσθαι.

477 3578 495 3605 ¹
531 3580 666 3636 Quae
701 3579 779 3628 hic
814 3580 1034 3642 subsunt,
1072 3596 1126 3630 ex
1161 3582 1425 3645 appendice
1463 3583 1665 3647 Synops.
1703 3584 1800 3634 cl.l
1838 3585 1987 3634 edidit
2021 3585 2216 3635 Leuncl.
2252 3591 2365 3648 post
2400 3585 2511 3648 Syn.
2545 3598 2595 3647 p.
2615 3583 2684 3634 22

347 3671 395 3714 et
428 3664 476 3713 in
499 3663 624 3713 JGR.
651 3663 693 3713 II
727 3663 910 3726 p.150.
979 3665 1217 3716 Novellam
1254 3668 1405 3731 ipsam
1441 3683 1536 3717 non
1577 3682 1711 3731 esse,
1749 3669 1900 3731 quivis
1936 3670 2184 3732 intelligit:
2224 3669 2563 3732 deperditaene
2587 3668 2685 3717 No-
2776 3662 2786 3672 ‘

343 3748 489 3801 vellae
525 3748 744 3812 Epitome
793 3748 880 3814 sit,
928 3749 1130 3800 dubitari
1167 3759 1342 3815 potest.
1411 3753 1637 3803 Nonnulli
1674 3752 1831 3816 capita
1864 3754 1898 3804 4
1934 3762 1980 3804 et
2018 3754 2048 3804 5
2085 3770 2138 3803 ex
2173 3752 2367 3803 Novella
2400 3753 2509 3815 XII,
2558 3765 2685 3815 quae

342 3833 636 3898 praecessit,
684 3833 940 3897 epitomata
989 3850 1096 3885 esse
1142 3844 1451 3899 putaverunt:
1505 3839 1664 3887 minus
1714 3843 1873 3901 recte,
1922 3853 2070 3902 quum
2106 3838 2268 3901 cap.4
2304 3851 2413 3886 cum
2449 3837 2530 3886 illa
2565 3835 2685 3885 nihil

346 3934 599 3969 commune
637 3918 837 3984 habeat,
875 3927 921 3969 et
956 3936 1059 3985 cap.
1083 3922 1112 3970 5
1150 3921 1277 3971 aliud
1314 3936 1459 3986 quam
1494 3922 1575 3972 illa
1610 3927 1801 3972 statuat.
1870 3922 1942 3971 Ad
1978 3921 2341 3972 successionem
2375 3927 2688 3983 cognatorum

347 4019 502 4068 usque
548 4004 610 4053 ad
655 4010 838 4053 sextum
875 4005 1071 4066 gradum
1108 4005 1326 4055 conferas
1363 4020 1509 4069 supra
1546 4005 1659 4054 Nov.
1697 4006 1790 4054 Vlll
1828 4021 1869 4056 c.
1896 4006 1943 4055 2.
2149 4004 2169 4030 ²
2218 4004 2413 4054 Leuncl.
2450 4005 2500 4053 in
2535 4018 2683 4066 marg.

346 4088 440 4150 „al.
479 4080 884 4152 ἀποκλειομένη.
942 4088 1111 4139 Male“.
1261 4085 1279 4114 ⁸
1316 4089 1403 4138 Hic
1441 4096 1487 4139 et
1525 4088 1645 4137 iufra
1676 4083 2002 4154 μιλιαρῆσια
2038 4089 2347 4139 scribendum
2385 4102 2493 4138 esse
2529 4088 2688 4137 credi-

349 4171 515 4219 derim.
586 4172 884 4235 Quamquam
922 4172 1115 4222 Leuncl.
1151 4172 1209 4221 ad
1244 4186 1284 4222 v.
1318 4168 1476 4238 μίλια
1510 4178 1670 4222 notat:
1728 4181 1981 4238 „monetae
2018 4188 2224 4237 nomen,
2261 4187 2387 4237 quae
2425 4178 2472 4222 et
2504 4166 2688 4237 μιλιά-

348 4249 559 4320 ρίσιονε
596 4269 708 4318 pars
744 4256 926 4306 scilicet
962 4256 1094 4307 aurei
1130 4256 1428 4319 duodecima,
1465 4261 1516 4305 ut
1552 4256 1741 4320 Suidas,
1794 4258 1888 4307 sive
1924 4257 2128 4321 siliquae
2166 4257 2278 4320 (hoc
2315 4262 2405 4322 est,
2440 4249 2697 4323 κεράτια)

350 4337 489 4401 duae,
524 4344 577 4386 ut
612 4336 858 4389 Cedrenus
893 4341 1053 4404 tradit,
1090 4340 1172 4402 qui
1210 4346 1258 4389 et
1292 4340 1514 4404 siliquam
1549 4339 1617 4391 ait
1651 4340 1820 4391 obolos
1854 4342 1936 4393 ΧΠ
1972 4340 2273 4393 continere.“
