2900 4950
344 244 381 286 x
1336 238 1693 301 Prolegomena.

340 395 609 463 torum“,
652 382 899 451 alteruin
943 389 1059 450 sic:
1119 387 1453 464 „Novellae
1499 392 1761 451 omnium
1810 377 2317 470 Imperatorum&
2410 392 2679 456 Similiter

346 493 829 553 Montl‘aucon
886 490 946 551 in
992 489 1143 551 Bibl.
1189 489 1214 549 1
1260 509 1319 567 p.
1352 493 1477 553 502
1538 489 1867 559 „Novellas
1917 491 2404 571 Imperatormn“
2472 494 2681 556 Medio-

345 592 462 653 lani
525 592 584 652 in
650 591 999 652 bibliotheca
1066 589 1448 651 Anibi-osiana
1518 599 1716 650 extare
1776 592 1972 652 refert.
2062 592 2127 653 ln
2190 594 2465 669 Catalogo
2523 595 2677 656 MSS.

343 691 583 771 Angliae
639 702 698 754 et
758 691 1070 752 Hiberniae
1128 699 1207 751 to.
1251 690 1301 752 ll
1349 710 1407 770 p.
1449 690 1474 751 1
1519 711 1578 770 p.
1618 695 1735 755 106
1775 682 2063 755 'laudatur
2119 694 2312 755 Codex
2377 696 2488 755 suh
2556 715 2674 757 nro.

344 796 531 858 4068.
577 798 659 866 4.,
705 792 803 873 qui
850 793 1005 854 inter
1048 800 1275 853 caetera
1322 791 1586 865 „Basilii
1616 791 1762 872 Imp.
1812 792 1968 874 loyes
2014 794 2262 874 aliquot,
2310 808 2364 858 et
2399 797 2676 859 Novellas

345 896 554 957 Leonis
597 896 747 975 Imp.
793 895 1237 976 Porphyroy.“,
1299 901 1357 953 et
1400 891 1548 979 alius
1593 911 1652 971 p.
1685 894 1806 958 218
1851 894 1962 955 sub
2009 914 2137 956 nro.
2172 900 2355 960 7102.
2404 900 2517 971 99,
2584 898 2675 977 qni

330 996 816 1076 „Supplemenm
845 995 1017 1072 juris
1054 996 1287 1057 orient.
1326 993 1518 1055 Enim.
1555 993 1852 1074 Bomfiaelii
1893 1014 1971 1057 em
2004 997 2139 1058 Cod.
2177 999 2679 1061 Amerbackiuno“

344 1097 663 1157 contineat.
752 1097 817 1157 ln
876 1096 1079 1159 Museo
1143 1094 1477 1155 Britannico
1530 1095 1685 1155 inter
1745 1095 2131 1172 Egertonii
2182 1097 2346 1159 MSS.
2395 1117 2522 1158 nro.
2555 1102 2673 1163 265

340 1196 635 1258 habentur
676 1162 1194 1267 „Consl'ae‘cncioms
1239 1200 1449 1257 variae
1495 1199 1943 1275 imperatoriae,
1987 1217 2219 1276 praece.
2300 1199 2441 1261 Cart.
2487 1200 2675 1261 chart.

343 1318 499 1359 saec.
532 1298 698 1358 XV.“
776 1292 1201 1375 Ducaiigius
1247 1296 1304 1357 in
1355 1296 1653 1357 Glossario
1699 1316 1748 1357 s.
1782 1317 1831 1357 v.
1876 1294 2242 1374 καιτιτάνος
2288 1301 2431 1359 haec
2476 1300 2673 1362 habet:

338 1400 872 1475 „Kana-avium*
915 1398 1031 1460 τοῦ
1089 1393 1402 1477 κάστρου,
1463 1397 1522 1457 in
1563 1398 1961 1476 ⁴Cliryeobullo
2019 1420 2089 1461 cx
2134 1400 2275 1461 Cod.
2321 1401 2463 1478 Reg.
2519 1404 2673 1466 1598

341 1502 382 1560 f.
424 1504 516 1562 1⁶⁶.
607 1499 870 1580 Denique
917 1497 1162 1560 Miller
1205 1498 1263 1558 in
1313 1497 1585 1574 Catalogo
1619 1499 1895 1560 Codicum
1929 1500 2438 1563 Scorialensiuni²¹
2471 1522 2529 1581 p.
2557 1507 2674 1567 430

339 1601 400 1662 in
449 1601 661 1663 Codice
693 1600 1042 1662 Scorialensi
1082 1601 1245 1662 Ψ-
1270 1599 1530 1663 11-20
1577 1600 1673 1660 101.
1707 1604 1957 1665 97—99
2004 1602 2451 1664 constitutiones
2496 1602 2679 1664 eccle-

341 1701 605 1764 siasticas
650 1703 839 1781 lmpp.
886 1699 1366 1762 Constantini
1415 1710 1473 1761 et
1517 1700 1822 1763 Romani
1868 1703 1980 1782 legi
2026 1713 2230 1765 auctor
2273 1713 2380 1764 est.
2457 1704 2542 1765 De
2587 1704 2676 1765 his

343 1803 654 1865 Codicibus
711 1803 985 1867 omnibus
1041 1801 1368 1863 accuratior
1413 1801 1616 1862 notitia
1659 1802 2057 1877 desideratur,
2118 1815 2177 1865 et
2221 1824 2359 1866 num
2406 1805 2544 1885 qnid
2592 1804 2679 1869 in-

340 1904 480 1966 editi
526 1914 586 1966 et
628 1904 909 1984 incogniti
953 1903 1290 1964 contineant
1334 1901 1656 1981 dijudicare
1702 1923 1819 1964 non
1865 1905 2072 1966 ausim.

1462 2089 1539 2160 B.

504 2236 1004 2324 Χρυσόβουλλα,
1051 2234 1448 2320 προστάξεις
1493 2249 1550 2300 et
1593 2232 1907 2322 ὁρισμούς
1951 2239 2378 2318 Imperatorum
2427 2242 2677 2305 Graeco-
2724 2252 2735 2261 “

340 2362 502 2417 rum,
544 2332 777 2403 'locales
834 2340 1053 2402 scilicet
1108 2349 1166 2401 et
1223 2340 1565 2419 personales
1610 2340 2088 2413 constitutiones,
2146 2341 2205 2401 in
2255 2342 2676 2421 diplomatariis

341 2446 676 2506 monasterii
725 2443 1143 2505 Macrinitissae
1189 2453 1247 2503 et
1289 2441 1361 2502 ad
1409 2452 1666 2504 montem
1716 2441 1965 2515 Lembo,
2027 2462 2059 2504 e
2105 2442 2317 2522 quibus
2361 2445 2677 2508 nonnullas

339 2547 585 2626 exempli
631 2546 811 2624 gratia
859 2545 1032 2615 edidi,
1080 2544 1410 2623 complures
1457 2545 1628 2604 etiam
1676 2544 1818 2604 alias
1863 2554 2077 2617 extare,
2124 2545 2195 2604 ad
2243 2544 2385 2606 Coll.
2433 2545 2478 2604 V
2534 2547 2676 2609 Nov.

298 2653 377 2724 ·2
423 2658 479 2709 et
532 2630 593 2710 11
653 2627 862 2708 notavi.
954 2645 1232 2706 Similiter
1274 2646 1332 2706 in
1377 2645 1696 2705 Joannis
1743 2645 2097 2706 Comneni
2143 2645 2355 2718 librov,
2403 2648 2492 2707 cui
2541 2649 2679 2708 titu-

339 2751 461 2810 lus:
518 2743 1098 2830 Προσκυνητάριον
1142 2748 1259 2808 τοῦ
1306 2739 1494 2827 ἁγίου
1542 2740 1734 2826 ὄρους
1779 2747 1894 2808 τοῦ
1941 2741 2241 2823 ἅθωνος,
2301 2766 2512 2807 aureae
2551 2747 2681 2808 bul-

336 2850 427 2912 lae
466 2845 842 2910 'Mannelis
898 2848 1247 2909 Comneni
1305 2841 1668 2927 aliorumque
1727 2848 2150 2933 imperatorum
2196 2848 2254 2907 in
2305 2850 2679 2910 monasteriis

335 2952 553 3014 montis
598 2950 745 3010 Atlio
804 2958 1062 3009 servatae
1118 2949 1461 3020 laudantur,
1521 2959 1578 3010 et
1636 2949 1693 3009 in
1755 2948 2103 3011 bibliotheca
2163 2950 2499 3010 monasterii
2545 2949 2679 3012 τῶν

336 3048 636 3135 ι’βὴρων”
673 3051 873 3131 ‘Codex
920 3049 1103 3110 chart.
1139 3069 1292 3111 saec.
1327 3049 1474 3110 XVII
1522 3061 1803 3122 servatur,
1852 3051 1948 3130 qui
1998 3050 2261 3110 continet
2305 3051 2674 3129 clirysolnilla

336 3155 523 3233 impp.
570 3151 804 3212 Alexii
863 3161 920 3211 et
975 3151 1415 3223 Andronici,
1478 3152 1691 3230 quibus
1736 3151 2072 3212 constitutio
2118 3159 2177 3209 et
2221 3149 2513 3227 privilegia
2558 3151 2680 3234 τῆς

332 3250 714 3336 κοινότητος
786 3252 902 3313 τοῦ
979 3245 1167 3334 ἁγίου
1243 3247 1437 3331 ὄρους
1518 3252 1900 3312 illustrantur.
2018 3249 2285 3326 Denique
2361 3249 2424 3308 L.
2495 3250 2682 3311 Ros·
2791 3289 2798 3294 -

332 3355 548 3416 sius²⁸
597 3355 654 3413 in
703 3352 1059 3414 monasterio
1104 3351 1333 3424 insulae
1377 3352 1561 3412 Patmi
1612 3350 1742 3430 plus
1787 3369 1961 3429 quam
1996 3349 2092 3408 XL
2139 3349 2503 3427 clirysobulla
2551 3370 2681 3412 sera

334 3456 452 3516 vari
501 3464 716 3515 narrat.
808 3455 925 3514 Has
986 3453 1350 3532 antiquitatis
1396 3451 1672 3531 reliquias
1721 3459 1783 3511 ut
1826 3450 1918 3510 alii
1968 3450 2026 3509 in
2075 3449 2261 3509 lucem
2309 3453 2677 3529 protrahant,

340 3575 697 3636 magnopere
741 3564 899 3634 opto.
988 3554 1109 3614 Nec
1151 3552 1350 3614 dubito
1396 3553 1551 3625 sore,
1606 3547 1745 3629 q‘uin
1795 3550 1997 3611 Graeci
2043 3550 2340 3612 literarum
2389 3564 2677 3628 amantes,

334 3659 380 3721 si
428 3659 657 3720 curiose
702 3657 761 3716 in
804 3654 1291 3717 monasteriorum
1326 3648 1810 3736 σκευοφυλάκια
1843 3651 2159 3730 inquirant,
2207 3672 2476 3715 acervum
2508 3656 2684 3736 chry-

331 3760 693 3821 sobullorum
739 3757 810 3818 ad
858 3777 924 3818 ea
973 3755 1325 3818 monasteria
1371 3754 1760 3834 spectantium
1808 3753 2188 3827 cumulaturi,
2236 3755 2488 3834 indeque
2534 3757 2683 3817 cho-

468 4011 501 4039 ²¹
539 4012 603 4061 Ex
643 4011 812 4060 eodeni
850 4009 1064 4068 catalogo
1101 4009 1161 4058 ad
1199 4007 1316 4057 Coll.
1346 4008 1406 4058 111
1443 4008 1608 4058 Notae
1645 4008 1786 4066 (infra
1824 4023 1867 4070 p.
1894 4007 1991 4059 253
2031 4015 2128 4058 not.
2157 4009 2174 4056 1
2208 4017 2254 4057 ct
2279 4010 2329 4064 5)
2366 4023 2548 4072 quaeso
2588 4023 2682 4057 no—

331 4105 433 4159 teS,
482 4097 720 4146 Novellam
766 4087 892 4156 περὶ
935 4086 1123 4145 πενίας
1167 4086 1259 4140 καὶ
1295 4085 1531 4156 ἀπορίας
1561 4088 1671 4140 κτλ.
1714 4101 1936 4155 tanquam
1978 4092 2174 4142 Romani
2213 4093 2429 4141 Senioris
2467 4093 2512 4139 in
2553 4092 2660 4142 Cod

333 4181 532 4232 Scorial.
572 4182 606 4228 R
636 4175 1109 4227 -1—15t01.tt·1
1148 4176 1255 4238 legi.
1393 4175 1433 4203 ²²
1471 4180 1674 4226 Primum
1715 4177 1982 4227 ltukurestii
2021 4193 2065 4226 a.
2092 4177 2207 4225 1701
2255 4177 2411 4224 editus
2450 4183 2552 4225 est:
2595 4191 2679 4225 re-

331 4267 509 4329 petitus
546 4263 717 4312 deinde
755 4263 799 4311 in
840 4262 1141 4327 Monttaucon
1181 4263 1417 4324 Palaeogr.
1454 4277 1524 4324 gr.
1560 4278 1607 4326 p.
1629 4263 1720 4313 411
1748 4277 1854 4325 sqq.
2061 4257 2100 4285 ²³
2148 4260 2217 4308 Cs.
2249 4250 2530 4307 Ἀνέκδοτα
2566 4275 2679 4311 mea

329 4364 377 4416 p.
398 4349 509 4398 xlv.
650 4343 690 4371 ²⁴
727 4346 901 4396 Reieen
938 4347 1022 4398 aul*
1055 4348 1131 4397 die
1167 4347 1347 4410 griech.
1382 4348 1544 4400 Inseln
1583 4348 1622 4398 11
1661 4362 1707 4411 p.
1730 4346 1841 4397 135.
1915 4345 1985 4394 Cf.
2024 4343 2144 4394 inira
2180 4343 2346 4406 p.370
2383 4351 2482 4393 not.
2513 4345 2552 4394 1.
