2900 4950
387 257 506 319 196
1228 251 1345 314 οόιι.
1385 266 1439 314 ιι.
1512 264 1623 312 Νον.
1660 262 1858 311 xcvm.

380 419 453 498 ἐξ
501 412 882 499 ἀνθρώπων
939 414 1272 496 προϊοῦσα
1324 410 1627 495 θυμηδία
1679 412 1787 472 καὶ
1834 404 2222 491 ἀγαλλίασις
2264 403 2436 489 πρὸς
2477 403 2555 470 τὸ
2598 409 2723 492 τῆς

377 518 748 606 γεναρχίας“
789 516 976 591 τέλος
1018 507 1344 597 ἀφορῶσα
1385 511 1492 575 καὶ
1537 512 1654 574 τοῦ
1685 513 1908 591 γένους
1940 505 2217 573 ἑκάστου
2245 505 2363 591 τὴν
2391 504 2725 592 βλάστην“

279 640 283 644 Α
327 695 334 705 ‚
378 616 698 702 λαμβάνει
741 615 857 701 τὴν
903 613 1227 696 πρόοδον·
1287 610 1360 675 οἵ
1399 635 1473 676 τε
1515 609 1638 695 γὰρ
1680 612 1813 674 τῶν
1859 613 2159 694 νυμφίων
2202 609 2598 692 γεννήτορες,
2648 606 2722 673 ἐν

380 719 644 786 ἐλπίσιν
687 712 870 792 ὄντες
911 716 1028 779 τοῦ
1070 711 1264 797 γονὴν
1308 710 1705 788 ἐπόψεσθαι
1742 712 1874 775 τῶν
1907 707 2162 774 οἰκείων
2193 704 2602 790 σπλάγχνων,
2650 707 2731 772 οἵ

378 846 452 887 τε
495 814 1122 904 νυμφαγωγούμενοι
1170 815 1285 877 τοῦ
1354 811 1584 877 δοῦναι
1637 814 1730 895 τῷ
1774 817 1900 895 βίῳ
1944 815 2171 894 γένους
2214 805 2555 893 διαδοχὴν,
2600 811 2725 894 τῆς

382 916 902 1003 περισταζούσης
944 909 1181 990 αὐτοὺς
1225 907 1679 978 ἀπολαύουσιν
1722 907 1978 996 ἡδονῆς.
2040 898 2095 995 ᾦ
2141 910 2239 976 δὲ
2230 904 2498 992 μηδὲν(
2474 905 2723 976 ύπεστι

381 1022 711 1095 τοιοῦτον,
759 1022 927 1102 ποίᾳ
968 1016 1087 1096 μὲν
1134 1008 1527 1099 ἀνθρωπίνῃ
1576 1007 1941 1098 εὐφροσύνῃ
1990 1010 2375 1089 συνέλθοι,·“’
2429 1015 2599 1096 ποίᾳ
2644 1003 2718 1074 δ’

386 1121 527 1207 ἱερᾷ
583 1115 1105 1202 συνεπιλήψεται
1157 1115 1417 1201 τελετῇ,
1477 1110 1651 1179 οὕτω
1713 1114 1784 1179 δὲ
1826 1114 1942 1198 τῆς
1986 1116 2347 1196 συναφείας
2388 1105 2726 1197 ὃρωμένης

386 1216 832 1305 ἀνευφράντου
877 1218 984 1282 καὶ
1031 1209 1292 1299 ἀνιέρου
1334 1217 1442 1280 καὶ
1481 1209 1829 1280 ἀτελέστου
1860 1214 1967 1278 καὶ
1999 1206 2368 1294 ἀμεθέκτου
2400 1206 2720 1296 εὐλογίας,

385 1323 533 1398 πῶς
587 1315 626 1406 ἡ
681 1318 998 1404 γαμήλιος
1052 1317 1279 1403 κλῆσις
1322 1312 1636 1399 ἁρμόσας
1692 1315 1943 1397 μᾶλλον
1989 1314 2061 1378 δὲ
2104 1315 2252 1389 πῶς
2295 1306 2412 1394 ούχ
2457 1313 2569 1378 οἵα
2610 1315 2725 1378 καὶ

385 1421 689 1505 ἐκθέσμῳ
704 1424 732 1493 ⁸,
778 1419 1049 1495 κόλασις
1108 1418 1345 1501 ἕψεται
1399 1412 1437 1502 ἦ
1498 1415 1611 1482 επὶ
1667 1425 1812 1493 τοῖς
1867 1415 2221 1498 ἒκθέσμοις
2287 1410 2721 1500 ὀφειλομένη,-

386 1515 523 1588 ἀλλ’
574 1516 678 1584 ὅτι
717 1521 836 1601 μὲν
881 1513 1033 1584 οὐδὲ
1076 1517 1191 1603 τὴν
1238 1512 1435 1602 ἀρχὴν
1478 1516 1687 1602 γάμος
1730 1517 1997 1599 δύναιτο
2034 1509 2114 1582 ἂν
2145 1517 2479 1600 λέγεσθαι,
2528 1510 2619 1592 ὥς
2648 1513 2718 1580 ἐν

384 1621 574 1705 τύπῳ
633 1615 872 1697 οὕτως·
944 1623 1281 1701 θεωρείτω
1336 1618 1407 1683 δὲ
1460 1619 1710 1700 μᾶλλον
1769 1613 1804 1681 5
1861 1612 2053 1700 λόγος
2106 1618 2212 1682 καὶ
2259 1610 2719 1701 ἀκριβέστερον

385 1721 502 1806 τὴν
546 1715 804 1787 ἀδικίαν
847 1722 963 1784 τοῦ
1009 1717 1408 1804 πράγματος.
1469 1717 1547 1783 τὸ
1593 1715 1789 1801 ἄρσεν
1832 1719 1939 1782 καὶ
1984 1719 2160 1805 θῆλυ
2198 1716 2617 1801 συναρμόζων
2649 1714 2726 1796 ἐξ

388 1817 585 1908 ἀρχῆς
642 1817 676 1886 5
735 1819 1038 1906 πλάστης
1077 1817 1247 1903 πρὸς
1289 1818 1403 1883 τὸν
1451 1818 1707 1884 ἐκεῖθεν
1751 1818 2154 1904 πληθυσμὸν
2199 1814 2471 1905 ἀφορῶν
2516 1818 2722 1885 διετί-

387 1929 503 1988 θει
544 1920 659 2006 τὴν
704 1927 1204 2006 συναρμοστίαν,
1250 1922 1355 1986 καὶ
1401 1919 1528 2003 μὴν
1570 1921 1681 1985 καὶ
1723 1921 1801 2004 τῇ
1848 1918 2046 2003 φύσει
2091 1918 2410 1995 (καθόσον
2443 1918 2719 1985 δυνατὸν

387 2018 498 2088 οἷα
541 2021 739 2109 δούλῃ
786 2020 1017 2101 σώζειν
1058 2019 1212 2098 τοὺς
1258 2022 1646 2104 δεδομένους
1688 2017 1874 2104 παρὰ
1916 2023 2033 2085 τοῦ
2076 2026 2419 2097 κτίσαντος
2462 2019 2719 2104 λόγους)

386 2120 636 2201 σκοπὸς
680 2121 796 2188 ἐπὶ
835 2121 1047 2206 τούτῳ
1089 2121 1365 2208 γαμικὴν
1410 2117 1675 2203 ὁμιλίαν
1720 2126 2185 2200 συνίστασθαι,
2234 2115 2334 2207 ἐφ’
2368 2146 2422 2206 ῳ
2452 2123 2583 2186 τῶν
2612 2146 2719 2207 γε·

386 2227 514 2289 νῶν
549 2218 587 2308 ἦ
623 2222 891 2306 διαδοχὴ
922 2224 1157 2305 προΐοι
1186 2227 1410 2308 μέχρις
1446 2249 1525 2288 αν
1572 2218 1653 2287 δι’
1704 2215 1902 2308 αὐτῆς
1934 2217 1968 2286 5
2001 2229 2227 2299 κτίσας
2255 2220 2563 2306 βούλοιτο
2600 2221 2717 2309 τὴν

384 2320 692 2406 τοιαύτην
734 2317 845 2387 ὕπ’
898 2317 1096 2407 αὐτῆς
1142 2324 1545 2406 λειτουργίαν
1593 2325 2071 2389 διακονεῖσθαι.
2135 2322 2192 2390 εἰ
2236 2346 2350 2389 ουν
2396 2322 2534 2389 ἐστὶ
2564 2317 2719 2390 κάν-

385 2425 609 2489 ταῦθα
656 2419 691 2486 ὃ
734 2426 839 2488 καὶ
885 2426 977 2508 τῷ
1024 2422 1284 2510 πλάστῃ
1328 2426 1445 2509 τῆς
1489 2421 1750 2510 φύσεως
1779 2425 1885 2489 καὶ
1920 2426 1998 2510 τῇ
2031 2423 2230 2511 φύσει
2260 2422 2578 2512 νενόηται,
2625 2425 2713 2513 μὴ

384 2525 747 2590 κωλυέσθω
768 2523 846 2589 τὸ
867 2524 1308 2607 κωλυόμενον·
1358 2525 1415 2591 εἰ
1439 2519 1495 2590 δ’
1520 2522 1633 2591 οὐκ
1659 2525 1835 2591 ἐστὶν
1861 2522 2112 2610 (ὥσπερ
2140 2521 2276 2592 οὐδ’
2305 2526 2498 2604 ἐστὶν,
2548 2523 2718 2593 ἀλλὰ

385 2630 523 2691 πᾶν
552 2620 950 2704 τούναντίον,
983 2623 1238 2707 ἄπορον
1261 2627 1380 2709 μὲν
1405 2625 1499 2703 εἷς
1520 2624 1861 2711 πλήρωσιν
1889 2630 2006 2713 τῆς
2031 2628 2426 2714 δεσποτικῆς
2453 2629 2712 2715 βουλῆς,

387 2727 665 2811 ἔκφυλον
711 2727 783 2791 δὲ
824 2728 930 2790 καὶ
977 2719 1119 2790 οἷον
1163 2725 1250 2812 μὴ
1299 2726 1566 2809 ἔγνωκεν
1609 2722 1647 2813 ἡ
1697 2726 1940 2813 φύσις),
1988 2732 2133 2806 πῶς
2170 2724 2245 2794 οὗ
2277 2732 2477 2795 παντὶ
2510 2732 2718 2795 κωλυ-

384 2826 671 2910 θήσεται
713 2824 976 2912 τρόπῳς
1024 2825 1081 2892 εἷ
1127 2827 1199 2892 δέ
1238 2851 1339 2903 τις
1384 2827 1562 2910 λέγοι
1605 2826 1681 2892 τὸ
1719 2829 2115 2913 φιλονεικεῖν
2144 2824 2264 2915 ἡδὺ
2297 2830 2712 2914 ποιούμενος,

386 2922 476 3003 ὥς
519 2927 584 2992 εἴ
621 2950 691 3010 γε
736 2925 847 2992 διὰ
889 2926 965 2992 τὸ
1011 2925 1244 3011 ἄγονον
1290 2921 1712 2993 ἀποκλείεται
1755 2939 1987 3011 γαμεῖν
2033 2923 2378 3011 εὐνούχοις,
2448 2933 2716 3000 πολλῶν

382 3030 487 3093 καὶ
536 3025 751 3094 ἄλλων
798 3024 1250 3105 ἀποκωλύσεις
1291 3028 1539 3112 γάμους
1585 3023 1684 3100 (ού
1729 3028 1850 3114 γὰρ
1895 3029 2157 3107 πάντες,
2194 3026 2364 3098 ὅσοι
2354 3033 2542 3119 πρὸς
2571 3057 2712 3099 κοι-

381 3130 688 3196 νιονίαν”
652 3153 967 3214 ερχονται,
1011 3129 1319 3216 τοιαύτην
1351 3129 1552 3215 φύσιν
1585 3128 1651 3195 ἐκ
1683 3133 1798 3217 τῆς
1828 3137 2173 3209 κοινωνίας
2204 3131 2498 3212 ε’δειξαν),
2546 3135 2718 3220 πρὸς

379 3257 495 3318 την
556 3232 960 3317 φιλονεικίαν
1006 3231 1269 3311 ἕτοιμος
1313 3226 1348 3315 ἦ
1395 3225 1778 3314 ἀπόκρισις,
1842 3227 1945 3296 ὅτι
1990 3226 2091 3297 ἐπ’
2143 3232 2401 3298 εκείνων
2442 3236 2595 3316 μὲν,
2657 3236 2717 3302 εἷ

379 3335 484 3398 καὶ
531 3331 616 3416 μὴ
664 3329 918 3416 καρπὸς
963 3330 1216 3414 φύεται,
1266 3324 1400 3394 ἀλλ’
1451 3332 1565 3395 οὖν
1611 3325 1725 3397 οὐκ
1769 3331 1880 3396 ἐπὶ
1925 3331 2136 3418 τούτῳ
2188 3335 2515 3419 συνῆλθον
2561 3331 2710 3401 οὔδ’

382 3455 553 3498 ωστε
594 3431 682 3515 μὴ
729 3433 956 3496 δοῦναι
998 3433 1091 3514 τῷ
1137 3435 1262 3514 βίω
1305 3432 1423 3514 τῆς
1464 3436 1738 3516 γαμικῆς
1779 3441 2096 3518 γεωργίας
2141 3428 2496 3519 ὠφέλειαν,
2545 3431 2717 3505 ἀλλὰ

383 3532 579 3614 δῆλον
627 3527 715 3606 ὥς
758 3529 963 3614 πόθῳ
1006 3530 1124 3610 μὲν
1170 3530 1630 3609 παιδοποιΐας.
1679 3529 2119 3621 ὑπειληφότες
2164 3537 2233 3600 δὲ
2268 3532 2373 3601 ὅτι
2402 3536 2573 3620 πρὸς
2608 3538 2715 3621 &Qe-

380 3655 496 3716 γον
551 3626 586 3695 5
632 3628 857 3708 πόθος
895 3629 1214 3714 χωρήσοι,
1275 3628 1333 3695 εἰ
1375 3633 1482 3694 καὶ
1529 3632 1698 3716 πρὸς
1743 3635 2005 3718 ἔκβασιν
2048 3632 2360 3721 ἠτύχησεν
2403 3634 2441 3723 ἦ
2491 3638 2712 3717 ἐλπίς·

383 3732 676 3799 ἐνταῦθα
721 3731 793 3797 δὲ
836 3724 950 3796 ούκ
995 3731 1137 3797 ἔστι
1177 3733 1480 3797 τοιοῦτον
1526 3733 1739 3800 εἰπεῖν
1783 3737 2060 3809 (πολλοῦ
2102 3761 2174 3822 γε
2215 3740 2321 3802 καὶ
2369 3739 2523 3817 δεῖ),
2571 3734 2709 3806 ἀλλ’

516 3935 535 3962 ³
583 3937 724 3998 Vulgo
767 3930 1054 4000 γεωργίας.
1131 3923 1337 4001 Reposdi
1384 3939 1705 4003 γεναρχίας,
1757 3941 1885 4002 quod
1934 3944 2225 4005 respondeat
2256 3937 2611 4009 γεννήτορσι,
2651 3946 2713 3995 de

383 4020 556 4082 quibus
603 4035 709 4069 mox
758 4034 914 4068 sermo
951 4020 1087 4069 redit.
1161 4022 1456 4085 Quamquam
1495 4031 1541 4071 et
1574 4025 1841 4088 γεωργίας
1877 4025 2066 4075 defendi
2105 4034 2290 4089 potest,
2341 4027 2448 4077 coll.
2485 4027 2581 4087 τῆς
2612 4043 2713 4093 γα-

380 4100 541 4169 μικῆς
572 4099 858 4167 γεωργίας,
900 4104 1028 4165 quod
1063 4105 1262 4155 inferius
1299 4107 1517 4156 recurrit.
1670 4105 1692 4132 ⁶
1726 4108 1870 4168 Vulgo
1904 4103 2137 4169 ἑκάστην
2172 4104 2272 4169 τὴν
2302 4103 2539 4173 βλάβην,
2580 4115 2711 4175 quod

384 4184 547 4245 Steph.
586 4191 634 4233 ει
660 4187 782 4248 Agyl.
820 4187 1201 4237 emendaverunt.
1337 4187 1355 4214 ⁷
1392 4190 1729 4251 Osenhriiggen
1768 4194 1923 4258 conj.:
1962 4186 2096 4241 ποῖα
2128 4187 2233 4258 μὲν
2268 4186 2591 4259 ἀνθρωπίνη
2629 4188 2711 4244 εὖ·

385 4260 634 4332 φροσύνη
683 4265 967 4321 συνέλθοι,·
1023 4267 1156 4318 ποία
1205 4264 1261 4319 δ’
1315 4265 1432 4337 ἱερὰ
1470 4297 1536 4307 -
1571 4267 1769 4332 τελετή.
1978 4275 1999 4302 ⁸
2054 4278 2177 4341 Agyl.
2228 4278 2323 4327 vult
2368 4271 2425 4326 ἐκ
2474 4279 2705 4344 θεσμοῦ.
2745 4304 2757 4312 -

382 4350 517 4400 Male.
