2900 4950
265 235 364 279 vm
420 276 429 285 ‚
1255 233 1613 296 Prolegomena.

440 383 690 445 Collatia
731 383 908 445 tertia
958 382 1365 462 complectitur
1421 383 1692 445 Novellas
1736 381 2223 446 Constantini
2270 382 2607 467 Porphy-

270 485 596 564 rogeniti
643 493 703 545 et
746 483 1181 564 insequentium
1225 484 1644 563 imperatorum
1691 503 1879 564 usque
1918 484 1989 546 ad
2024 484 2604 549 Constantinum

271 585 825 647 Monomachum
870 588 1329 662 (all—1057),
1376 604 1528 664 quae
1570 585 1806 665 quidem
1852 605 2040 667 paene
2083 587 2352 648 omnes¹³
2391 588 2454 648 in
2501 607 2607 668 ap·

269 687 636 768 pendicibus,
681 684 884 766 quales
926 686 987 746 in
1036 684 1220 747 tribus
1264 685 1550 748 classibus
1594 687 1871 749 Codicum
1917 688 2128 749 MSS.¹⁴
2196 688 2446 768 Synopsi
2493 689 2606 750 Ba-

269 788 567 851 silicorum
612 786 916 860 accedunt,
963 785 1133 848 nobis
1177 796 1437 849 servatae
1483 771 1640 850 sunt.
1729 789 2097 868 Appendices
2131 788 2469 869 Synopseos
2500 810 2606 851 an-

266 889 551 970 tiquiores
594 889 831 969 quidem
878 889 998 950 lere
1042 887 1328 968 epitomas
1373 897 1597 951 tantum
1632 889 1999 951 Novellarum
2029 889 2274 951 istarum
2303 891 2601 962 exhibent,

228 989 627 1052 'recentiores
673 1008 807 1049 vero
849 996 1071 1051 textum
1116 988 1353 1069 plenum
1399 1009 1470 1050 ac
1510 990 1850 1069 genuinum.
1932 991 2234 1070 Epitomas
2279 1001 2339 1054 et
2383 993 2600 1078 textum

269 1090 582 1152 ediderunt
624 1088 1155 1165 Leunclavius,
1202 1090 1627 1164 Labbaeus,
1674 1091 2065 1154 Wittius¹⁵=
2111 1111 2219 1172 ego
2267 1112 2402 1154 vero
2439 1094 2603 1154 suffi-

268 1209 403 1253 cere
445 1189 784 1263 existimavi,
829 1189 878 1252 si
924 1198 1142 1252 textum
1187 1190 1508 1273 gepuinum
1554 1200 2079 1272 repraesentarem,
2125 1203 2185 1255 et
2213 1190 2600 1274 epitomarum'

270 1291 365 1354 ubi
411 1310 562 1371 opus
603 1291 664 1352 in
710 1291 865 1352 notis
911 1292 1268 1353 mentionem
1312 1293 1587 1354 facerem.
1645 1292 1883 1355 Praeter
1923 1293 2052 1355 illas
2096 1296 2383 1375 epitomas
2427 1296 2599 1356 etiam

267 1392 415 1454 aliae
471 1391 766 1453 breviores
821 1392 1041 1471 passim
1085 1392 1167 1452 ‘in
1222 1391 1387 1454 libris
1444 1393 1799 1454 Graecorum
1860 1394 2130 1475 juridicis
2193 1397 2598 1476 reperiunturt

182 1526 193 1533 -
268 1493 376 1554 bas
421 1510 656 1571 quoque
698 1491 759 1552 iu
792 1491 947 1553 notis
970 1491 1225 1572 allegavi,
1271 1501 1328 1555 et
1372 1493 1557 1556 sicubi
1587 1494 1841 1556 ineditae
1872 1506 2090 1573 essent,
2134 1497 2392 1577 integras
2423 1498 2600 1561 edidi.

269 1592 535 1673 Denique
590 1611 648 1671 p.
680 1594 806 1655 234
862 1597 1049 1656 not.1
1111 1595 1760 1657 commentatiunculam
1820 1598 1893 1658 de
1944 1596 2081 1678 jure
2137 1594 2602 1684 προτιμήσεως

266 1713 339 1756 ex
384 1693 594 1755 Codice
640 1691 820 1753 Paris.
874 1694 1033 1755 1355
1080 1694 1254 1767 edidi,
1301 1684 1520 1775 quipp‘e
1565 1716 1678 1777 qua
1725 1698 1867 1759 Nov.
1901 1698 1952 1759 ll
1996 1699 2306 1779 insigniter
2348 1700 2603 1763 illustra-

266 1804 448 1857 retur.
534 1794 621 1855 De
676 1802 907 1853 caetero
961 1793 1105 1853 nibil
1160 1794 1296 1854 huic
1348 1796 1639 1857 collationi
1685 1798 1868 1873 inest,
1928 1792 2082 1880 quod
2133 1821 2249 1862 non
2297 1802 2381 1863 vel
2428 1811 2598 1864 antea

267 1897 455 1958 lucem
500 1894 740 1955 viderit:
785 1901 1002 1954 textum
1047 1902 1241 1954 autem
1287 1911 1319 1953 e
1363 1892 1747 1972 plurimorum
1787 1899 2063 1962 Codicum
2096 1903 2261 1964 MSS.
2293 1905 2602 1965 collatione

267 1996 726 2058 emendatiorem
785 1992 950 2067 dedi,
1008 2002 1067 2055 et
1122 1993 1592 2072 chronologiam,
1652 2016 1802 2075 quae
1847 2000 1998 2062 circa
2045 2003 2153 2064 has
2198 2004 2466 2065 Novellas
2513 1987 2598 2065 vel

266 2098 517 2181 maxime
562 2094 1020 2157 dubitationibus
1064 2093 1315 2155 obnoxia
1360 2104 1536 2169 esset,
1584 2096 1829 2158 definire
1874 2109 1932 2161 et
1977 2104 2208 2165 firmare
2252 2106 2470 2167 studui.

434 2197 686 2260 collatio
729 2202 941 2274 quarta
994 2194 1261 2255 Novellas
1299 2213 1596 2263 annorum
1649 2201 2063 2264 1057—1204
2107 2203 2146 2264 i.
2177 2224 2230 2265 e.
2277 2205 2350 2266 ab
2394 2206 2603 2268 Isaa-

266 2299 380 2361 cio
440 2299 815 2360 Comneno
871 2315 1058 2375 usque
1113 2296 1185 2356 ad
1244 2307 1474 2376 captam
1520 2317 1551 2359 a
1597 2298 1822 2361 Latinis
1868 2299 2412 2385 Constantinopolin
2462 2327 2604 2368 con-

263 2400 432 2463 tinet.
522 2400 685 2471 Quae
750 2398 987 2479 quidem
1030 2396 1189 2457 vario
1235 2397 1409 2458 modo
1454 2398 1527 2458 ad
1577 2408 1834 2460 nostram
1882 2401 2143 2463 notitiam
2189 2420 2601 2484 pervenerunt.

264 2500 590 2564 Nonnullas
656 2499 876 2561 scilicet
940 2499 1231 2579 appendix
1291 2501 1627 2580 Synopseos
1686 2501 2066 2563 Basilicorum
2127 2508 2330 2568 tertiae
2374 2510 2598 2587 classis,

267 2604 549 2684 quasdam
606 2600 896 2682 appendix
942 2599 1172 2661 Codicis
1215 2599 1583 2662 Novellarum
1628 2601 2021 2664 Bononiensis
2039 2605 2096 2680 ¹⁶,
2164 2607 2306 2669 alias
2351 2611 2443 2671 alii
2492 2614 2602 2674 Co-

265 2704 426 2766 dices
468 2704 634 2765 MSS.
680 2710 1013 2764 servarunt:
1076 2700 1358 2780 plurimas
1399 2701 1843 2764 Theodorus
1892 2703 2285 2779 Balsamon
2331 2710 2391 2770 in
2440 2731 2600 2774 com-

265 2803 567 2867 mentariis
612 2803 787 2864 suis¹⁷
832 2811 932 2863 aut
974 2810 1318 2881 argumento
1363 2809 1537 2864 tenus
1582 2813 1683 2865 aut
1711 2803 2060 2884 epitomatas
2090 2818 2190 2870 aut
2221 2810 2394 2870 verbo
2428 2820 2600 2874 tenus

263 2903 548 2979 laudavit,
607 2912 669 2966 ut
722 2904 864 2964 hinc
919 2903 1090 2964 nobis
1145 2902 1540 2965 innotuerintz
1611 2925 1761 2985 quae
1821 2907 2070 2970 Venetos
2113 2919 2478 2989 spectarent,
2536 2912 2597 2974 in

265 3006 503 3068 Librum
563 3005 756 3069 album
802 3013 861 3067 et
904 3005 1112 3068 Libros
1155 3012 1459 3085 pactorum
1478 3005 1518 3038 '⁸
1559 3007 1891 3089 descriptae
1936 3019 2166 3071 extant:
2234 3014 2603 3091 quarundam

265 3243 401 3293 treuil
449 3244 496 3292 in
547 3243 829 3307 quaestione
878 3243 937 3292 de
984 3245 1267 3294 auctoritate
1302 3259 1466 3294 earum
1502 3246 1797 3296 Novellarum
1837 3261 1925 3294 nec
1959 3245 2123 3305 locos,
2167 3245 2345 3307 quibus
2380 3246 2440 3295 ab
2478 3248 2601 3298 lCtis
2657 3248 2668 3255 ”

264 3327 459 3377 Graccis
495 3326 763 3389 laudantur,
801 3342 968 3376 omnes
1005 3328 1193 3389 collegit
1224 3329 1308 3389 (—
1332 3343 1481 3391 quare
1520 3329 1741 3392 equidem
1778 3337 2000 3377 accurate
2037 3341 2121 3376 eos
2157 3328 2204 3376 in
2243 3329 2369 3378 notis
2406 3331 2463 3379 ad
2502 3332 2601 3381 sin·-

261 3410 394 3472 gulas
430 3411 644 3460 Novellas
680 3412 903 3461 recensui
944 3413 1052 3473 -)‚
1091 3425 1180 3461 nec
1213 3409 1275 3460 ad
1311 3412 1496 3460 scholia
1529 3412 1774 3461 Zuicbemi
1813 3419 1862 3460 et
1896 3411 2231 3462 Mecrmaniani
2271 3413 2461 3463 Codicis
2497 3417 2602 3466 aui-

259 3508 389 3544 mum
439 3495 665 3557 advertit,
716 3510 874 3559 neque
921 3510 1031 3544 vero
1083 3495 1222 3544 etiam
1261 3496 1420 3544 locum
1454 3495 1658 3558 Tipuciti
1695 3496 1754 3544 ab
1793 3496 2103 3545 Heimbachio
2140 3497 2188 3546 in
2226 3497 2339 3548 edit.
2377 3499 2520 3551 Basil.
2559 3501 2600 3550 ΙΙ

260 3592 308 3641 p.
328 3578 427 3628 vtlt
466 3581 868 3629 communicatum
904 3580 966 3627 ob
1002 3575 1170 3628 oculos
1208 3579 1387 3628 babuit.
1527 3574 1561 3604 ¹⁸
1595 3579 1708 3628 Nor.
1738 3579 1875 3641 ΧΧΙΙ,
1910 3595 2054 3643 quam
2092 3597 2147 3631 ex
2186 3584 2449 3633 Leunclavii
2474 3586 2597 3635 JGR.

260 3665 623 3727 repraesentavi,
663 3665 788 3713 unde
824 3662 903 3712 ille
941 3663 1181 3726 sumseiit,
1219 3663 1430 3711 nondum
1468 3661 1678 3711 invenire
1714 3663 1865 3726 potui.
2002 3662 2038 3691 '⁴
2077 3666 2229 3717 Delin.
2267 3664 2418 3733 §.RQ
2463 3670 2598 3728 Quae

258 3747 322 3796 sit
354 3748 553 3797 varietas
589 3747 905 3810 appendicum
944 3747 1152 3810 primae,
1208 3745 1449 3795 secundae
1487 3753 1535 3795 et
1570 3748 1739 3797 tertiae
1775 3747 1970 3811 classis,
2011 3747 2150 3800 Witte
2187 3758 2285 3801 not.
2316 3753 2333 3801 l
2378 3752 2598 3803 laudatus

168 3837 185 3850 ⁸
259 3831 436 3894 optime
475 3832 707 3895 exposuit.
845 3827 882 3856 ¹⁸
933 3830 1240 3880 l.euoclavius
1278 3830 1474 3892 quidem
1509 3831 1557 3879 in
1597 3830 1727 3881 calce
1763 3834 2038 3897 synopseos
2076 3844 2123 3885 et
2159 3836 2205 3885 in
2240 3837 2354 3886 Iure
2391 3838 2598 3886 Graeco-

259 3915 500 3978 Romano,
551 3916 796 3964 Labbaeus
843 3923 954 3978 post
1002 3915 1141 3964 Obss.
1192 3915 1241 3962 in
1289 3915 1555 3978 Synopsin,
1603 3915 1791 3966 Wittius
1829 3917 1875 3966 in
1915 3918 2045 3969 calce
2075 3910 2402 3969 Ἀνεκδότων
2438 3923 2597 3971 Heiin-

257 3999 615 4048 baebianorum.
752 3995 791 4025 ¹⁸
826 3999 871 4047 ls
908 3997 1102 4062 quidem
1124 3997 1282 4046 Codex
1320 3998 1401 4056 (B,
1438 3999 1510 4059 IV,
1532 3999 1633 4063 67),
1671 4008 1885 4066 utsupra
1904 4004 2160 4066 observavi,
2197 4020 2252 4054 ex
2275 4006 2593 4054 Laurentiano

258 4083 423 4145 LXXX,
448 4084 478 4133 4
517 4082 630 4131 olim
668 4082 935 4145 descriptus
972 4091 1062 4132 est.
1136 4082 1483 4132 Laurentianus
1518 4099 1627 4133 vero
1664 4087 1807 4134 modo
1847 4089 2175 4151 compluribus
2224 4089 2348 4137 loliis
2399 4089 2445 4136 in
2496 4088 2591 4136 tine

254 4168 452 4220 mutilus
479 4173 567 4228 est,
606 4174 657 4214 ut
692 4167 957 4229 appendice
992 4166 1071 4216 illa
1110 4181 1237 4215 nunc
1274 4175 1447 4217 careat.
1555 4165 1588 4194 ¹⁷
1626 4169 1694 4219 Cl'.
1719 4169 1870 4219 Delin.
1894 4169 1943 4235 ξ.
1966 4172 2045 4221 51.
2153 4168 2189 4197 ¹⁸
2225 4173 2292 4221 lta
2328 4172 2591 4233 appellatae

255 4258 365 4300 suut
400 4249 724 4298 ,collectiones
775 4250 1170 4301 documentorum
1207 4252 1267 4302 ad
1302 4253 1644 4316 rempublicam
1680 4255 1901 4304 Venetam
1939 4255 2283 4317 spectantium,
2333 4269 2453 4319 quas
2491 4256 2591 4306 Dux

254 4334 467 4388 Andreae
517 4332 760 4386 vandalus
809 4336 1185 4397 (law—1354)
1231 4338 1469 4388 conscribi
1518 4338 1709 4388 curavit.
1778 4339 2031 4410 Videatur:
2083 4340 2178 4388 Der
2213 4340 2342 4401 Doge
2380 4340 2592 4389 Andreas
