2900 4950
1171 239 1286 302 Imp.
1321 238 1514 289 Tiberii.
2434 228 2518 291 29

160 388 359 474 φησὶν
406 378 683 471 ἀγωγὰς
727 388 873 465 τοῖς
914 380 1323 465 ὑπευθύνοις
1362 386 1532 453 κατὰ
1570 386 1687 474 τὴν
1729 387 1848 455 ἐπὶ
1889 388 2103 475 τούτῳ
2150 394 2516 476 κρατοῦσαν

158 485 543 554 ἀκόλουθον
591 491 799 555 κινεῖν
853 487 1070 567 τάξιν,
1122 486 1407 573 μηδενὸς
1459 491 1593 556 τῶν
1648 492 1797 569 ταῖς
1848 492 2226 576 βασιλικαῖς
2278 493 2519 572 οἰκίαις

156 587 565 676 ἐφεστώτων
608 587 1228 674 παρεμβάλλοντος,
1275 586 1465 678 ἡνίκα
1495 590 1568 657 δὲ
1608 589 1694 657 τὰ
1737 592 1949 659 οἰκεῖα
1978 591 2143 659 κατά
2172 593 2286 660 τὸν
2316 593 2518 677 νόμον

158 685 528 776 ἀπολάβοι,
572 692 787 756 ταῦτα
825 684 978 756 καθ’
1015 689 1089 757 ὃν
1134 685 1215 757 ἂν
1260 689 1491 758 ἐθέλοι
1535 693 1915 760 διατιθέναι
1955 694 2225 780 τρόπον.
2316 690 2519 774 αὐτὰς

152 792 271 877 γὰρ
317 792 451 872 τὰς
495 795 632 858 τῶν
678 786 950 877 ἀγωγῶν
994 791 1381 878 ἐκχωρήσεις
1424 801 1769 879 περινοίας
1813 820 1884 862 τε
1924 798 2031 862 καὶ
2070 802 2517 883 συκοφαντίας

154 893 375 961 αἰτίαν
426 892 709 977 ἐχούσας
750 896 1070 977 μισοῦμέν
1114 919 1187 960 τε
1232 890 1370 979 ἅμα
1412 897 1518 961 καὶ
1566 890 2159 984 ἀποστρεφόμεθα,
2208 895 2380 966 ὥστε
2407 901 2516 966 καὶ

156 998 218 1063 εἴ
268 1021 459 1075 τινες
512 998 822 1061 τοιαῦται
879 994 972 1074 εἰς
1026 994 1182 1074 τοὺς
1236 991 1477 1074 αὐτοὺς
1534 1003 1767 1077 θείους
1832 1001 2052 1078 οἴκους
2107 998 2232 1086 ἤδη
2289 1024 2516 1086 συγγε-

152 1098 535 1185 γράφαται,
604 1096 848 1175 ταύτας
902 1091 1179 1183 ἀκύρους
1245 1101 1706 1183 καθιστῶμεν,
1775 1094 2085 1184 οὐδεμίαν
2151 1097 2514 1186 ἀπαίτησιν

155 1202 328 1284 ἔχειν
350 1195 564 1278 αὐτὰς
588 1200 1087 1284 συγχωροῦντες,
1114 1198 1616 1283 ἐλευθεροῦντες
1643 1223 1716 1266 τε
1743 1202 1876 1266 τῶν
1907 1199 2213 1269 ἐντεῦθεν
2244 1198 2515 1289 ἀγωγῶν

152 1302 313 1382 τοὺς
356 1296 515 1367 καθ’
568 1297 683 1379 οὓς
724 1299 1045 1385 γεγόνασι,
1094 1300 1336 1386 ποινήν
1364 1324 1437 1367 τε
1479 1299 1719 1386 ταύτην
1751 1300 2170 1382 ἐπιτιθέντες
2211 1309 2354 1383 τοῖς
2396 1303 2516 1382 τὰς

152 1403 558 1490 ἔκχωρήσεις
598 1400 844 1480 ταύτας
886 1407 1327 1487 πεποιηκέναι
1368 1401 1872 1489 τεθαῤῥηκόσιν.

333 1503 405 1571 ε’.
495 1503 583 1570 Εἰ
628 1504 699 1570 δὲ
742 1506 849 1569 καὶ
896 1501 1113 1569 αὐτῶν
1155 1507 1288 1570 τῶν
1331 1505 1696 1589 βασιλικῶν
1743 1505 1943 1572 οἴκων
1987 1505 2052 1571 οἱ
2097 1508 2515 1591 προεστῶτες

152 1602 197 1695 ἢ
238 1604 719 1691 χαρτουλάριοι
763 1599 803 1692 ἢ
846 1604 1244 1693 ἔμφυτευταὶ
1291 1600 1332 1690 ἢ
1375 1608 1721 1690 μισθωταὶ
1768 1601 2170 1693 ἢδιοικηταὶ
2211 1602 2254 1694 ἢ
2297 1606 2514 1688 ἄλλως

153 1706 394 1787 αὐτοῖς
440 1708 871 1795 διαφέροντες
913 1703 1081 1791 ὑπὲρ
1127 1705 1533 1792 πραγμάτων
1581 1707 1721 1795 ἰδίᾳ
1770 1706 2239 1795 προσηκόντων
2285 1703 2515 1789 αὗτοῒς

150 1807 293 1877 ὖπό
323 1836 532 1877 τινων
563 1808 940 1893 ἐγκαλοῖντο
971 1819 1116 1887 τοῖς
1146 1808 1567 1896 προσφόροις
1599 1808 1930 1894 ἄρχουσιν,
1965 1804 2203 1888 αὖτοὺς
2232 1810 2515 1894 ἑτοίμως

151 1909 524 1979 ὑπακούειν
566 1910 931 1995 κελεύομεν,
976 1910 1097 1989 τάς
1136 1935 1210 1976 τε
1254 1906 1542 1989 εὐθύνας
1585 1907 1740 1995 παρ’
1790 1905 2018 1990 αὐτοῖς
2057 1907 2517 1993 ὑποδέχεσθαι

150 2013 324 2082 κατὰ
381 2011 507 2100 τὴν
560 2015 679 2078 τοῦ
737 2012 942 2096 νόμου
998 2014 1369 2099 προϊοῦσαν
1424 2012 1612 2091 τάξιν
1661 2015 1769 2078 καὶ
1824 2023 1969 2091 τοῖς
2023 2012 2281 2080 ἐκεῖθεν
2339 2011 2516 2097 ἐκβι-

149 2120 451 2201 βασμοῖς
496 2114 695 2181 εἴκειν
741 2109 832 2191 ῶς
875 2107 1064 2179 οὐδὲν
1106 2115 1256 2192 ταῖς
1298 2118 1526 2191 θείαις
1583 2112 1824 2192 οἰκίαις
1875 2113 2362 2200 προσήκοντας,
2423 2110 2515 2192 ὥς

149 2217 241 2304 μὴ
306 2220 393 2303 τῇ
464 2213 743 2298 δυνάμει
804 2214 1003 2300 ταύτῃ
1059 2218 1205 2292 τοῖς
1258 2208 1394 2280 κατ’
1457 2209 1675 2281 αὐτῶν
1735 2216 1955 2297 ἔχουσι
2009 2214 2130 2293 τὰς
2185 2213 2515 2301 ἐναγωγὰς

153 2316 553 2405 ἐπηρεάζειν
597 2316 890 2396 δοκοῖεν,
938 2312 1336 2400 ἀποστερεῖν
1378 2341 1452 2383 τε
1495 2315 1581 2382 τὰ
1624 2311 1781 2400 παρ’
1830 2310 2046 2382 αὐτῶν
2091 2311 2510 2403 ὀφειλόμενα.

153 2416 331 2487 οὕτω
383 2419 459 2486 δὲ
507 2415 638 2504 ἄρα
680 2420 814 2484 τῶν
856 2416 1177 2485 τοιούτων
1222 2413 1644 2505 ἀδικημάτων
1688 2417 1806 2497 τὰς
1847 2423 2045 2498 θείας
2087 2413 2271 2506 ἡμῶν
2302 2418 2514 2500 οἰκίας

151 2517 617 2606 ἀλλοτριῶσαι
662 2522 1069 2605 συνορῶμεν,
1136 2516 1241 2586 ὅτι
1286 2513 1439 2586 οὐδὲ
1494 2519 1613 2599 τὰς
1668 2517 1791 2607 ἤδη
1838 2518 2024 2606 παρὰ
2064 2527 2209 2599 τοῖς
2259 2521 2512 2589 τούτων

148 2612 904 2709 μεγαλοπρεπεστάτοις
974 2616 1018 2709 ἢ
1092 2619 1547 2700 ἐνδοξοτάτοις
1616 2620 2028 2706 κουράτωρσι
2096 2628 2515 2712 κεκινημένας

150 2721 535 2801 ὑποθέσεις
590 2724 724 2791 εἴτε
780 2721 846 2790 ἐν
900 2722 1278 2809 γράμμασιν
1337 2723 1470 2789 εἴτε
1526 2719 1636 2789 καὶ
1686 2722 2085 2809 γραμμάτιον
2147 2723 2350 2808 χωρὶς
2414 2724 2513 2791 ἔτι

151 2827 629 2913 ποῤῥωτέρω”
682 2830 1069 2910 προβαίνειν
1128 2826 1617 2911 συγχωροῦμεν,
1686 2824 1745 2890 εἰ
1796 2823 1884 2911 μὴ
1940 2829 2140 2909 μέρος
2207 2825 2510 2910 ἑκάτερον

152 2929 371 2995 ἑκοντι
418 2930 620 2992 τοῦτο
666 2926 981 3011 πράττειν
1026 2926 1262 2993 ε’λ.οιτο
1292 2931 1645 3049 θατέρου
1677 2926 1748 2990 δὲ
1789 2924 1878 3011 μὴ
1923 2928 2345 3010 βουλομένου,
2397 2928 2511 2994 ἕνα

152 3035 286 3097 τῶν
334 3025 673 3116 ημετέρων
717 3024 1065 3113 ἀρχόντων,
1113 3024 1214 3115 ἐφ’
1266 3016 1478 3146 ‹finee-
1497 3052 1577 3093 αν
1620 3025 1705 3091 τὰ
1746 3030 1908 3110 μέρη
1957 3032 2275 3108 συμβαῖεν
2318 3022 2360 3112 ἢ
2402 3030 2514 3095 καὶ

158 3131 229 3198 ὃν
276 3157 363 3199 αν
408 3126 601 3218 ἡμεῖς
645 3124 1105 3214 ἀπονείμωμεν
1150 3127 1318 3196 κατὰ
1360 3130 1558 3193 τοῦτο
1592 3125 1668 3213 δὴ
1700 3125 1777 3190 τὸ
1807 3119 1963 3210 παρ’
1998 3121 2182 3210 ἡμῶν
2214 3121 2513 3211 ἀρτίως”

157 3236 702 3316 διατεταγμένον,
761 3230 879 3317 τὴν
935 3225 1090 3316 παρ’
1154 3226 1466 3317 ᾡτινιοῦν
1518 3226 1767 3293 τούτων
1825 3225 2284 3313 ἐξεταζομένην
2342 3225 2514 3293 υπό-

157 3342 357 3402 θεσιν
402 3334 849 3419 παραλαβεῖν,
894 3332 978 3399 τά
1020 3357 1093 3399 τε
1136 3327 1249 3397 οἶα
1294 3330 1466 3409 εἰκὸς
1511 3323 1613 3396 ἐπ’
1663 3322 1825 3415 αὐτῇ
1870 3333 2333 3412 πεπραγμένα,
2380 3330 2511 3394 τῶν

157 3437 396 3526 ἑφεξῆς
442 3459 515 3501 τε
561 3431 936 3519 ἀκροᾶσθαι
981 3432 1093 3499 καὶ
1134 3432 1218 3500 τὰ
1265 3436 1696 3516 νενομισμένα
1740 3432 2069 3495 τυπῶσαι.

330 3537 411 3619 ς’.
503 3532 789 3602 Κάκεῖνό
830 3560 903 3622 γε
956 3534 1087 3646 μὴν
1131 3535 1425 3620 διορίσαι
1479 3533 1859 3616 συνείδομεν
1903 3531 1984 3596 τὸ
2024 3532 2156 3596 τῶν
2202 3532 2509 3596 συνωνῶν

157 3665 227 3708 τε
268 3642 383 3706 καὶ
436 3637 738 3722 μετάτων
781 3639 893 3703 καὶ
949 3620 1312 3722 άγγαρειῶν
1367 3639 1474 3703 καὶ
1537 3632 2002 3718 ὃδοστρωσιῶν
2057 3635 2170 3697 καὶ
2209 3635 2510 3717 γεφυρῶν

159 3746 262 3809 καὶ
312 3741 708 3826 διαγραφῶν
750 3741 861 3805 καὶ
917 3738 1282 3824 ἐπιβολῶν,
1349 3733 1438 3816 ῶς
1493 3762 1573 3803 αν
1615 3733 1703 3820 μὴ
1749 3737 1855 3801 καὶ
1903 3737 2110 3800 ταῦτα
2163 3728 2511 3816 ἀδιάκριτα

162 3851 393 3926 μείνοι,
443 3839 823 3918 ἀκόλουθος
854 3840 925 3906 δέ
955 3863 1057 3918 τις
1084 3842 1177 3926 τῷ
1206 3834 1500 3925 ἡμετέρῳ
1545 3834 1941 3920 δικαιοτάτῳ
1986 3835 2217 3917 σκοπῷ
2261 3835 2370 3897 καὶ
2403 3826 2504 3898 ἐπ’

167 3941 385 4024 αὐτοῖς
429 3941 850 4024 διᾳτύπωσις
890 3942 1243 4026 προέλθοι.
1330 3944 1462 4006 τῶν
1506 3938 1629 4023 γὰρ
1675 3941 2057 4022 προνομίων
2101 3936 2233 3999 τῶν
2265 3931 2333 3998 ἐκ
2375 3958 2510 3999 πα-

172 4048 348 4114 λαιοῦ
392 4051 545 4123 ταῖς
586 4043 970 4129 βασιλικαῖς
1000 4042 1239 4119 οἰκίαις
1268 4044 1782 4125 πεπορισμένων
1810 4034 2062 4102 τούτων
2095 4028 2297 4113 αὐτὰς
2333 4034 2510 4114 ἐξαι-

173 4155 510 4234 ρουμένων,
561 4143 794 4230 ὀρθῶς
836 4139 993 4230 ἡμῖν
1036 4149 1330 4230 παρέστη
1374 4140 1654 4229 χρειώδη
1699 4164 1772 4206 τε
1806 4141 1914 4204 καὶ
1959 4132 2313 4222 ἀναγκαίαν
2358 4137 2508 4204 ἐπι-

286 4371 321 4400 '²
356 4376 424 4425 ua
462 4378 606 4422 recte
642 4367 894 4431 Agylaeus.
964 4367 1163 4429 Scrimg.
1198 4357 1563 4434 πορρωτάτω.
1704 4361 1740 4392 ¹³
1776 4364 1856 4414 Sc.
1893 4377 2039 4427 supra
2074 4378 2116 4411 c.
2154 4360 2203 4410 2.
