<?xml version="1.0" encoding="UTF-8"?>
<!DOCTYPE html PUBLIC "-//W3C//DTD XHTML 1.0 Transitional//EN"
    "http://www.w3.org/TR/xhtml1/DTD/xhtml1-transitional.dtd">
<html xmlns="http://www.w3.org/1999/xhtml" xml:lang="en" lang="en">
 <head>
  <title>
</title>
<meta http-equiv="Content-Type" content="text/html;charset=utf-8" />
  <meta name='ocr-system' content='tesseract 3.04.00' />
  <meta name='ocr-capabilities' content='ocr_page ocr_carea ocr_par ocr_line ocrx_word'/>
</head>
<body>
  <div class='ocr_page' id='page_1' title='image "./jusgraecoromanu00linggoog_0420.png"; bbox 0 0 2900 4950; ppageno 0'>
   <div class='ocr_carea' id='block_1_1' title="bbox 366 204 1840 273">
    <p class='ocr_par' dir='ltr' id='par_1_1' title="bbox 366 204 1840 273">
     <span class='ocr_line' id='line_1_1' title="bbox 366 204 1840 273; baseline 0.004 -6"><span class='ocrx_word' id='word_1_1' title='bbox 366 204 492 270; x_wconf 73' lang='grc'><strong><em>368</em></strong></span> <span class='ocrx_word' id='word_1_2' title='bbox 1234 221 1356 273; x_wconf 78' lang='lat' dir='ltr'><strong>con.</strong></span> <span class='ocrx_word' id='word_1_3' title='bbox 1391 222 1466 272; x_wconf 74' lang='lat' dir='ltr'><strong><em>iv.</em></strong></span> <span class='ocrx_word' id='word_1_4' title='bbox 1536 221 1649 271; x_wconf 78' lang='lat' dir='ltr'><strong>Nov.</strong></span> <span class='ocrx_word' id='word_1_5' title='bbox 1686 221 1840 273; x_wconf 78' lang='lat' dir='ltr'><strong><em>xm.</em></strong></span> 
     </span>
    </p>
   </div>
   <div class='ocr_carea' id='block_1_2' title="bbox 1329 418 1751 484">
    <p class='ocr_par' dir='ltr' id='par_1_2' title="bbox 1329 418 1751 484">
     <span class='ocr_line' id='line_1_2' title="bbox 1329 418 1751 484; baseline 0 -2"><span class='ocrx_word' id='word_1_6' title='bbox 1329 420 1502 484; x_wconf 83' lang='lat' dir='ltr'><strong>Nov.</strong></span> <span class='ocrx_word' id='word_1_7' title='bbox 1547 418 1751 483; x_wconf 72' lang='lat' dir='ltr'><strong>xxix.</strong></span> 
     </span>
    </p>
   </div>
   <div class='ocr_carea' id='block_1_3' title="bbox 547 538 2520 721">
    <p class='ocr_par' dir='ltr' id='par_1_3' title="bbox 547 538 2520 721">
     <span class='ocr_line' id='line_1_3' title="bbox 1117 538 1951 618; baseline 0.002 -19"><span class='ocrx_word' id='word_1_8' title='bbox 1117 538 1264 618; x_wconf 90' lang='lat' dir='ltr'><strong>Imp.</strong></span> <span class='ocrx_word' id='word_1_9' title='bbox 1310 539 1550 600; x_wconf 80' lang='lat' dir='ltr'><strong>Alexii</strong></span> <span class='ocrx_word' id='word_1_10' title='bbox 1599 539 1951 601; x_wconf 84' lang='lat' dir='ltr'><strong>Comneni</strong></span> 
     </span>
     <span class='ocr_line' id='line_1_4' title="bbox 547 638 2520 721; baseline 0.001 -20"><span class='ocrx_word' id='word_1_11' title='bbox 547 640 621 702; x_wconf 87' lang='lat' dir='ltr'><strong>de</strong></span> <span class='ocrx_word' id='word_1_12' title='bbox 667 638 958 721; x_wconf 81' lang='lat' dir='ltr'><strong>episcopis</strong></span> <span class='ocrx_word' id='word_1_13' title='bbox 1003 640 1064 700; x_wconf 89' lang='lat' dir='ltr'><strong><em>in</em></strong></span> <span class='ocrx_word' id='word_1_14' title='bbox 1109 639 1373 701; x_wconf 83' lang='lat' dir='ltr'><strong>altiorem</strong></span> <span class='ocrx_word' id='word_1_15' title='bbox 1418 640 1698 702; x_wconf 84' lang='lat' dir='ltr'><strong>thronum</strong></span> <span class='ocrx_word' id='word_1_16' title='bbox 1744 641 2081 721; x_wconf 89' lang='lat' dir='ltr'><strong>promotis¹.</strong></span> <span class='ocrx_word' id='word_1_17' title='bbox 2170 643 2260 716; x_wconf 82' lang='lat' dir='ltr'><strong><em>(A.</em></strong></span> <span class='ocrx_word' id='word_1_18' title='bbox 2313 644 2520 721; x_wconf 84' lang='lat'><strong>1087.)</strong></span> 
     </span>
    </p>
   </div>
   <div class='ocr_carea' id='block_1_4' title="bbox 365 794 2699 997">
    <p class='ocr_par' dir='ltr' id='par_1_4' title="bbox 365 794 2699 997">
     <span class='ocr_line' id='line_1_5' title="bbox 525 794 2699 893; baseline 0.001 -21"><span class='ocrx_word' id='word_1_19' title='bbox 525 800 703 872; x_wconf 82' lang='grc' dir='ltr'><strong><em>Ἐπεὶ</em></strong></span> <span class='ocrx_word' id='word_1_20' title='bbox 751 807 823 872; x_wconf 80' lang='grc' dir='ltr'><strong><em>δὲ</em></strong></span> <span class='ocrx_word' id='word_1_21' title='bbox 867 805 932 871; x_wconf 78' lang='grc' dir='ltr'><strong><em>οἱ</em></strong></span> <span class='ocrx_word' id='word_1_22' title='bbox 963 800 1285 891; x_wconf 76' lang='grc' dir='ltr'><em>ἀρχιερεῖς</em></span> <span class='ocrx_word' id='word_1_23' title='bbox 1313 807 1420 871; x_wconf 77' lang='grc' dir='ltr'><strong><em>καὶ</em></strong></span> <span class='ocrx_word' id='word_1_24' title='bbox 1456 794 1660 885; x_wconf 72' lang='grc' dir='ltr'><strong><em>αὖθις</em></strong></span> <span class='ocrx_word' id='word_1_25' title='bbox 1688 805 1803 873; x_wconf 80' lang='grc' dir='ltr'><strong><em>τὸν</em></strong></span> <span class='ocrx_word' id='word_1_26' title='bbox 1832 808 1949 893; x_wconf 80' lang='grc' dir='ltr'><strong><em>τῆς</em></strong></span> <span class='ocrx_word' id='word_1_27' title='bbox 1978 805 2046 873; x_wconf 71' lang='grc' dir='ltr'><strong><em>ἐν</em></strong></span> <span class='ocrx_word' id='word_1_28' title='bbox 2072 806 2519 892; x_wconf 81' lang='grc' dir='ltr'><strong><em>χαλκηδόνι</em></strong></span> <span class='ocrx_word' id='word_1_29' title='bbox 2548 830 2699 875; x_wconf 83' lang='grc' dir='ltr'><strong><em>συν-</em></strong></span> 
     </span>
     <span class='ocr_line' id='line_1_6' title="bbox 365 904 2697 997; baseline 0.001 -23"><span class='ocrx_word' id='word_1_30' title='bbox 365 908 523 976; x_wconf 84' lang='grc' dir='ltr'><strong><em>ὁδου</em></strong></span> <span class='ocrx_word' id='word_1_31' title='bbox 579 905 823 975; x_wconf 84' lang='grc' dir='ltr'><strong><em>κανόνα</em></strong></span> <span class='ocrx_word' id='word_1_32' title='bbox 882 912 1195 995; x_wconf 81' lang='grc' dir='ltr'><strong><em>φέροντες</em></strong></span> <span class='ocrx_word' id='word_1_33' title='bbox 1248 906 1404 985; x_wconf 83' lang='grc' dir='ltr'><strong><em>τοὺς</em></strong></span> <span class='ocrx_word' id='word_1_34' title='bbox 1462 906 1531 974; x_wconf 77' lang='grc' dir='ltr'><strong><em>ἐκ</em></strong></span> <span class='ocrx_word' id='word_1_35' title='bbox 1586 905 2080 992; x_wconf 82' lang='grc' dir='ltr'><strong><em>προσελεύσεως</em></strong></span> <span class='ocrx_word' id='word_1_36' title='bbox 2127 910 2244 974; x_wconf 81' lang='grc' dir='ltr'><strong><em>τοῦ</em></strong></span> <span class='ocrx_word' id='word_1_37' title='bbox 2288 904 2697 997; x_wconf 83' lang='grc' dir='ltr'><strong><em>ῦψηλοτέρου</em></strong></span> 
     </span>
    </p>
   </div>
   <div class='ocr_carea' id='block_1_5' title="bbox 601 1058 876 1066">
    <p class='ocr_par' dir='ltr' id='par_1_5' title="bbox 601 1058 876 1066">
     <span class='ocr_line' id='line_1_7' title="bbox 601 1058 876 1066; baseline 0 3884"><span class='ocrx_word' id='word_1_38' title='bbox 601 1058 876 1066; x_wconf 95' lang='lat' dir='ltr'><strong><em> </em></strong></span> 
     </span>
    </p>
   </div>
   <div class='ocr_carea' id='block_1_6' title="bbox 887 1058 1074 1066">
    <p class='ocr_par' dir='ltr' id='par_1_6' title="bbox 887 1058 1074 1066">
     <span class='ocr_line' id='line_1_8' title="bbox 887 1058 1074 1066; baseline 0 0"><span class='ocrx_word' id='word_1_39' title='bbox 887 1058 1074 1066; x_wconf 95' lang='lat' dir='ltr'><strong><em> </em></strong></span> 
     </span>
    </p>
   </div>
   <div class='ocr_carea' id='block_1_7' title="bbox 358 1059 592 1069">
    <p class='ocr_par' dir='ltr' id='par_1_7' title="bbox 358 1059 592 1069">
     <span class='ocr_line' id='line_1_9' title="bbox 358 1059 592 1069; baseline 0 3881"><span class='ocrx_word' id='word_1_40' title='bbox 358 1059 592 1069; x_wconf 95' lang='lat' dir='ltr'><strong><em> </em></strong></span> 
     </span>
    </p>
   </div>
   <div class='ocr_carea' id='block_1_8' title="bbox 345 1128 2707 4407">
    <p class='ocr_par' dir='ltr' id='par_1_8' title="bbox 345 1128 2707 4407">
     <span class='ocr_line' id='line_1_10' title="bbox 502 1128 2702 1192; baseline 0 -11"><span class='ocrx_word' id='word_1_41' title='bbox 502 1129 517 1157; x_wconf 89' lang='lat'><strong>¹</strong></span> <span class='ocrx_word' id='word_1_42' title='bbox 554 1130 794 1181; x_wconf 81' lang='lat' dir='ltr'><strong>Eustratio</strong></span> <span class='ocrx_word' id='word_1_43' title='bbox 831 1131 1054 1179; x_wconf 86' lang='lat' dir='ltr'><strong>thronum</strong></span> <span class='ocrx_word' id='word_1_44' title='bbox 1094 1129 1458 1180; x_wconf 86' lang='lat' dir='ltr'><strong>oecumenicum</strong></span> <span class='ocrx_word' id='word_1_45' title='bbox 1508 1136 1774 1192; x_wconf 72' lang='lat' dir='ltr'>occupante</span> <span class='ocrx_word' id='word_1_46' title='bbox 1810 1128 2187 1189; x_wconf 78' lang='lat' dir='ltr'><strong>(lost—1084)</strong></span> <span class='ocrx_word' id='word_1_47' title='bbox 2225 1133 2543 1182; x_wconf 81' lang='lat' dir='ltr'><strong>controversia</strong></span> <span class='ocrx_word' id='word_1_48' title='bbox 2579 1130 2702 1182; x_wconf 87' lang='lat' dir='ltr'><strong>iuter</strong></span> 
     </span>
     <span class='ocr_line' id='line_1_11' title="bbox 365 1213 2699 1280; baseline 0 -15"><span class='ocrx_word' id='word_1_49' title='bbox 365 1230 581 1278; x_wconf 79' lang='lat' dir='ltr'><strong>magnam</strong></span> <span class='ocrx_word' id='word_1_50' title='bbox 621 1215 706 1264; x_wconf 82' lang='lat' dir='ltr'><strong>Dei</strong></span> <span class='ocrx_word' id='word_1_51' title='bbox 744 1215 998 1264; x_wconf 84' lang='lat' dir='ltr'><strong>ecclesiam</strong></span> <span class='ocrx_word' id='word_1_52' title='bbox 1036 1223 1081 1263; x_wconf 89' lang='lat' dir='ltr'><strong><em>et</em></strong></span> <span class='ocrx_word' id='word_1_53' title='bbox 1119 1214 1471 1277; x_wconf 82' lang='lat' dir='ltr'><strong>metropolitam</strong></span> <span class='ocrx_word' id='word_1_54' title='bbox 1498 1213 1799 1277; x_wconf 84' lang='lat' dir='ltr'><strong>potissimum</strong></span> <span class='ocrx_word' id='word_1_55' title='bbox 1824 1214 2121 1278; x_wconf 75' lang='lat' dir='ltr'><strong>Aneyranum</strong></span> <span class='ocrx_word' id='word_1_56' title='bbox 2150 1215 2210 1265; x_wconf 85' lang='lat' dir='ltr'><strong>de</strong></span> <span class='ocrx_word' id='word_1_57' title='bbox 2246 1217 2453 1265; x_wconf 86' lang='lat' dir='ltr'><strong>creando</strong></span> <span class='ocrx_word' id='word_1_58' title='bbox 2474 1217 2699 1280; x_wconf 81' lang='lat' dir='ltr'><strong>episcopo</strong></span> 
     </span>
     <span class='ocr_line' id='line_1_12' title="bbox 364 1293 2701 1364; baseline 0 -14"><span class='ocrx_word' id='word_1_59' title='bbox 364 1298 628 1351; x_wconf 78' lang='lat' dir='ltr'><strong>Basiteeusi</strong></span> <span class='ocrx_word' id='word_1_60' title='bbox 666 1312 836 1348; x_wconf 82' lang='lat' dir='ltr'><strong>exorsa</strong></span> <span class='ocrx_word' id='word_1_61' title='bbox 872 1306 961 1348; x_wconf 86' lang='lat' dir='ltr'><strong>est.</strong></span> <span class='ocrx_word' id='word_1_62' title='bbox 1034 1298 1414 1348; x_wconf 78' lang='lat' dir='ltr'><strong>Controversiam</strong></span> <span class='ocrx_word' id='word_1_63' title='bbox 1454 1298 1645 1347; x_wconf 78' lang='lat' dir='ltr'>diremit</span> <span class='ocrx_word' id='word_1_64' title='bbox 1692 1293 2195 1364; x_wconf 85' lang='grc' dir='ltr'><strong><em>,,σημείωμα“,</em></strong></span> <span class='ocrx_word' id='word_1_65' title='bbox 2249 1308 2300 1349; x_wconf 88' lang='lat' dir='ltr'><strong>ut</strong></span> <span class='ocrx_word' id='word_1_66' title='bbox 2335 1300 2502 1349; x_wconf 76' lang='lat' dir='ltr'><strong>scribit</strong></span> <span class='ocrx_word' id='word_1_67' title='bbox 2538 1300 2584 1350; x_wconf 79' lang='grc' dir='ltr'><strong><em>Ρ.</em></strong></span> <span class='ocrx_word' id='word_1_68' title='bbox 2622 1300 2701 1350; x_wconf 82' lang='lat' dir='ltr'><strong><em>Ni-</em></strong></span> 
     </span>
     <span class='ocr_line' id='line_1_13' title="bbox 363 1376 2702 1449; baseline -0.002 -13"><span class='ocrx_word' id='word_1_69' title='bbox 363 1387 530 1436; x_wconf 78' lang='lat' dir='ltr'><strong>coi&#39;aus</strong></span> <span class='ocrx_word' id='word_1_70' title='bbox 568 1383 944 1443; x_wconf 61' lang='lat'><strong>‹1084—1111)</strong></span> <span class='ocrx_word' id='word_1_71' title='bbox 983 1381 1040 1430; x_wconf 87' lang='lat' dir='ltr'><strong>ad</strong></span> <span class='ocrx_word' id='word_1_72' title='bbox 1082 1383 1198 1444; x_wconf 83' lang='lat' dir='ltr'><strong>imp.</strong></span> <span class='ocrx_word' id='word_1_73' title='bbox 1235 1382 1447 1431; x_wconf 79' lang='lat' dir='ltr'><strong>Alexium</strong></span> <span class='ocrx_word' id='word_1_74' title='bbox 1487 1382 1811 1444; x_wconf 87' lang='lat' dir='ltr'><strong>Comuenum‚</strong></span> <span class='ocrx_word' id='word_1_75' title='bbox 1846 1381 1992 1438; x_wconf 88' lang='grc' dir='ltr'><strong><em>,,τοῦ</em></strong></span> <span class='ocrx_word' id='word_1_76' title='bbox 2026 1377 2436 1448; x_wconf 74' lang='grc' dir='ltr'><strong><em>θεοπροβλῆτου</em></strong></span> <span class='ocrx_word' id='word_1_77' title='bbox 2469 1376 2702 1449; x_wconf 78' lang='grc' dir='ltr'><strong><em>κράτους</em></strong></span> 
     </span>
     <span class='ocr_line' id='line_1_14' title="bbox 365 1459 2702 1534; baseline -0.002 -15"><span class='ocrx_word' id='word_1_78' title='bbox 365 1482 499 1525; x_wconf 91' lang='grc' dir='ltr'><strong><em>σου,</em></strong></span> <span class='ocrx_word' id='word_1_79' title='bbox 549 1462 752 1533; x_wconf 76' lang='grc' dir='ltr'><strong><em>μεταξὺ</em></strong></span> <span class='ocrx_word' id='word_1_80' title='bbox 789 1460 1115 1519; x_wconf 76' lang='grc' dir='ltr'><em>δικάσαντος</em></span> <span class='ocrx_word' id='word_1_81' title='bbox 1147 1463 1244 1512; x_wconf 88' lang='grc' dir='ltr'><strong><em>τοῦ</em></strong></span> <span class='ocrx_word' id='word_1_82' title='bbox 1280 1478 1336 1512; x_wconf 91' lang='grc' dir='ltr'><strong><em>τε</em></strong></span> <span class='ocrx_word' id='word_1_83' title='bbox 1374 1461 1639 1530; x_wconf 75' lang='grc' dir='ltr'><strong><em>ῥηθέντος</em></strong></span> <span class='ocrx_word' id='word_1_84' title='bbox 1682 1463 1981 1533; x_wconf 75' lang='grc' dir='ltr'><strong><em>θεοφιλοῦς</em></strong></span> <span class='ocrx_word' id='word_1_85' title='bbox 2022 1463 2426 1533; x_wconf 89' lang='grc' dir='ltr'><strong><em>μητροπολίτου</em></strong></span> <span class='ocrx_word' id='word_1_86' title='bbox 2464 1459 2702 1534; x_wconf 76' lang='grc' dir='ltr'><em>ἀγκύρας</em></span> 
     </span>
     <span class='ocr_line' id='line_1_15' title="bbox 362 1541 2701 1616; baseline -0.002 -13"><span class='ocrx_word' id='word_1_87' title='bbox 362 1549 454 1603; x_wconf 83' lang='grc' dir='ltr'><strong><em>καὶ</em></strong></span> <span class='ocrx_word' id='word_1_88' title='bbox 479 1550 578 1600; x_wconf 88' lang='grc' dir='ltr'><strong><em>τοῦ</em></strong></span> <span class='ocrx_word' id='word_1_89' title='bbox 603 1541 998 1613; x_wconf 79' lang='grc' dir='ltr'><strong><em>εῦλαβεστάτου</em></strong></span> <span class='ocrx_word' id='word_1_90' title='bbox 1013 1544 1440 1615; x_wconf 82' lang='grc' dir='ltr'><strong><em>χαρτοφῦλακος</em></strong></span> <span class='ocrx_word' id='word_1_91' title='bbox 1464 1544 1559 1596; x_wconf 90' lang='grc' dir='ltr'><strong><em>καί</em></strong></span> <span class='ocrx_word' id='word_1_92' title='bbox 1581 1563 1748 1596; x_wconf 88' lang='grc' dir='ltr'><strong><em>τινων</em></strong></span> <span class='ocrx_word' id='word_1_93' title='bbox 1770 1551 1866 1610; x_wconf 73' lang='grc' dir='ltr'><strong><em>τῆς</em></strong></span> <span class='ocrx_word' id='word_1_94' title='bbox 1889 1549 1989 1599; x_wconf 90' lang='grc' dir='ltr'><strong><em>τοῦ</em></strong></span> <span class='ocrx_word' id='word_1_95' title='bbox 2011 1551 2145 1600; x_wconf 86' lang='grc' dir='ltr'><strong><em>θεοῦ</em></strong></span> <span class='ocrx_word' id='word_1_96' title='bbox 2169 1547 2408 1616; x_wconf 75' lang='grc' dir='ltr'><em>μεγάλης</em></span> <span class='ocrx_word' id='word_1_97' title='bbox 2426 1544 2701 1612; x_wconf 70' lang='grc' dir='ltr'><strong><em>ἐκκλησίας</em></strong></span> 
     </span>
     <span class='ocr_line' id='line_1_16' title="bbox 364 1625 2701 1702; baseline -0.001 -15"><span class='ocrx_word' id='word_1_98' title='bbox 364 1632 422 1687; x_wconf 70' lang='grc' dir='ltr'><strong><em>ἐκ</em></strong></span> <span class='ocrx_word' id='word_1_99' title='bbox 445 1629 791 1701; x_wconf 75' lang='grc' dir='ltr'><em>προστάξεως</em></span> <span class='ocrx_word' id='word_1_100' title='bbox 817 1632 911 1681; x_wconf 89' lang='grc' dir='ltr'><strong><em>τοῦ</em></strong></span> <span class='ocrx_word' id='word_1_101' title='bbox 936 1626 1043 1697; x_wconf 85' lang='grc' dir='ltr'><strong><em>πρὸ</em></strong></span> <span class='ocrx_word' id='word_1_102' title='bbox 1072 1627 1229 1697; x_wconf 74' lang='grc' dir='ltr'><strong><em>ἡμῶν</em></strong></span> <span class='ocrx_word' id='word_1_103' title='bbox 1249 1626 1314 1678; x_wconf 82' lang='grc' dir='ltr'><strong><em>τὰ</em></strong></span> <span class='ocrx_word' id='word_1_104' title='bbox 1343 1631 1439 1691; x_wconf 77' lang='grc' dir='ltr'><strong><em>τῆς</em></strong></span> <span class='ocrx_word' id='word_1_105' title='bbox 1462 1625 1738 1691; x_wconf 76' lang='grc' dir='ltr'><strong><em>ἐκκλησίας</em></strong></span> <span class='ocrx_word' id='word_1_106' title='bbox 1763 1626 2097 1691; x_wconf 80' lang='grc' dir='ltr'><strong><em>οἷακίζοντος</em></strong></span> <span class='ocrx_word' id='word_1_107' title='bbox 2121 1628 2553 1701; x_wconf 72' lang='grc' dir='ltr'><strong><em>ἐκπεμφθέντων</em></strong></span> <span class='ocrx_word' id='word_1_108' title='bbox 2576 1631 2701 1702; x_wconf 78' lang='grc' dir='ltr'><strong><em>περὶ</em></strong></span> 
     </span>
     <span class='ocr_line' id='line_1_17' title="bbox 364 1711 2701 1784; baseline -0.001 -17"><span class='ocrx_word' id='word_1_109' title='bbox 364 1721 463 1781; x_wconf 75' lang='grc' dir='ltr'><strong><em>τῆς</em></strong></span> <span class='ocrx_word' id='word_1_110' title='bbox 494 1714 849 1784; x_wconf 73' lang='grc' dir='ltr'><strong><em>προκειμένης</em></strong></span> <span class='ocrx_word' id='word_1_111' title='bbox 883 1711 1212 1771; x_wconf 71' lang='grc' dir='ltr'><strong><em>ὖποθέσειυς,</em></strong></span> <span class='ocrx_word' id='word_1_112' title='bbox 1252 1712 1500 1765; x_wconf 70' lang='grc' dir='ltr'><strong><em>δικαιοῦν</em></strong></span> <span class='ocrx_word' id='word_1_113' title='bbox 1527 1711 1625 1776; x_wconf 73' lang='grc' dir='ltr'><strong><em>τὴν</em></strong></span> <span class='ocrx_word' id='word_1_114' title='bbox 1643 1712 1885 1783; x_wconf 75' lang='grc' dir='ltr'><strong><em>μεγάλην</em></strong></span> <span class='ocrx_word' id='word_1_115' title='bbox 1919 1713 2267 1780; x_wconf 48' lang='lat' dir='ltr'><strong><em>{naqa-‘&#39;am“</em></strong></span> <span class='ocrx_word' id='word_1_116' title='bbox 2338 1721 2507 1770; x_wconf 73' lang='lat' dir='ltr'><strong>Postea</strong></span> <span class='ocrx_word' id='word_1_117' title='bbox 2540 1729 2701 1770; x_wconf 71' lang='lat' dir='ltr'><strong>tamen</strong></span> 
     </span>
     <span class='ocr_line' id='line_1_18' title="bbox 364 1802 2701 1869; baseline -0 -13"><span class='ocrx_word' id='word_1_118' title='bbox 364 1804 668 1868; x_wconf 82' lang='lat' dir='ltr'><strong>metropolita</strong></span> <span class='ocrx_word' id='word_1_119' title='bbox 687 1806 960 1866; x_wconf 74' lang='lat' dir='ltr'><strong>Ancyranus</strong></span> <span class='ocrx_word' id='word_1_120' title='bbox 986 1802 1045 1851; x_wconf 89' lang='lat' dir='ltr'><strong>ab</strong></span> <span class='ocrx_word' id='word_1_121' title='bbox 1083 1802 1373 1865; x_wconf 75' lang='lat' dir='ltr'><strong>Imperatore</strong></span> <span class='ocrx_word' id='word_1_122' title='bbox 1411 1803 1562 1864; x_wconf 85' lang='lat' dir='ltr'><strong>petiit,</strong></span> <span class='ocrx_word' id='word_1_123' title='bbox 1601 1810 1650 1851; x_wconf 88' lang='lat' dir='ltr'><strong>ut</strong></span> <span class='ocrx_word' id='word_1_124' title='bbox 1675 1812 2013 1854; x_wconf 73' lang='lat' dir='ltr'><strong>retractaretur</strong></span> <span class='ocrx_word' id='word_1_125' title='bbox 2042 1820 2202 1865; x_wconf 82' lang='lat' dir='ltr'><strong>causa,</strong></span> <span class='ocrx_word' id='word_1_126' title='bbox 2237 1805 2299 1855; x_wconf 83' lang='lat' dir='ltr'><strong>ad</strong></span> <span class='ocrx_word' id='word_1_127' title='bbox 2335 1820 2476 1869; x_wconf 84' lang='lat' dir='ltr'><strong>quam</strong></span> <span class='ocrx_word' id='word_1_128' title='bbox 2509 1807 2701 1869; x_wconf 84' lang='lat' dir='ltr'><strong>petitio-</strong></span> 
     </span>
     <span class='ocr_line' id='line_1_19' title="bbox 366 1879 2703 1955; baseline -0.001 -14"><span class='ocrx_word' id='word_1_129' title='bbox 366 1906 474 1941; x_wconf 86' lang='lat' dir='ltr'><strong><em>nem</em></strong></span> <span class='ocrx_word' id='word_1_130' title='bbox 512 1892 774 1954; x_wconf 82' lang='lat' dir='ltr'><strong>lmperator</strong></span> <span class='ocrx_word' id='word_1_131' title='bbox 808 1881 1016 1943; x_wconf 89' lang='grc' dir='ltr'><strong><em>,,θείαν</em></strong></span> <span class='ocrx_word' id='word_1_132' title='bbox 1048 1879 1292 1935; x_wconf 69' lang='grc' dir='ltr'><strong><em>ἐπίλυσιν</em></strong></span> <span class='ocrx_word' id='word_1_133' title='bbox 1326 1879 1419 1934; x_wconf 75' lang='grc' dir='ltr'><strong><em>διὰ</em></strong></span> <span class='ocrx_word' id='word_1_134' title='bbox 1458 1882 1773 1951; x_wconf 75' lang='grc' dir='ltr'><strong><em>σφραγῖδος</em></strong></span> <span class='ocrx_word' id='word_1_135' title='bbox 1806 1880 1863 1935; x_wconf 76' lang='grc' dir='ltr'><strong><em>ἐκ</em></strong></span> <span class='ocrx_word' id='word_1_136' title='bbox 1896 1889 2064 1953; x_wconf 80' lang='grc' dir='ltr'><strong><em>κηροῦ</em></strong></span> <span class='ocrx_word' id='word_1_137' title='bbox 2109 1884 2200 1937; x_wconf 85' lang='grc' dir='ltr'><strong><em>καὶ</em></strong></span> <span class='ocrx_word' id='word_1_138' title='bbox 2237 1889 2508 1955; x_wconf 86' lang='grc' dir='ltr'><strong><em>φοινικῶν</em></strong></span> <span class='ocrx_word' id='word_1_139' title='bbox 2536 1880 2703 1939; x_wconf 71' lang='grc' dir='ltr'><strong><em>ἀὖτο-</em></strong></span> 
     </span>
     <span class='ocr_line' id='line_1_20' title="bbox 354 1960 2700 2043; baseline -0.004 -19"><span class='ocrx_word' id='word_1_140' title='bbox 354 1977 563 2043; x_wconf 72' lang='grc' dir='ltr'><strong><em>χείρων</em></strong></span> <span class='ocrx_word' id='word_1_141' title='bbox 591 1966 940 2040; x_wconf 76' lang='grc' dir='ltr'><em>γραμμάτων</em></span> <span class='ocrx_word' id='word_1_142' title='bbox 974 1964 1036 2018; x_wconf 85' lang='grc' dir='ltr'><strong><em>τὸ</em></strong></span> <span class='ocrx_word' id='word_1_143' title='bbox 1075 1960 1394 2025; x_wconf 74' lang='grc' dir='ltr'><strong><em>ἀξιόπιστον</em></strong></span> <span class='ocrx_word' id='word_1_144' title='bbox 1438 1967 1812 2036; x_wconf 80' lang='grc' dir='ltr'><strong><em>κεκτημένην“</em></strong></span> <span class='ocrx_word' id='word_1_145' title='bbox 1866 1973 1995 2022; x_wconf 88' lang='lat' dir='ltr'><strong>dedit</strong></span> <span class='ocrx_word' id='word_1_146' title='bbox 2042 1974 2346 2038; x_wconf 81' lang='lat' dir='ltr'><strong>hujusmodi:</strong></span> <span class='ocrx_word' id='word_1_147' title='bbox 2402 1966 2497 2030; x_wconf 87' lang='lat'><em>‚,‘0</em></span> <span class='ocrx_word' id='word_1_148' title='bbox 2536 1966 2700 2037; x_wconf 76' lang='grc' dir='ltr'><strong><em>ἆγιιό-</em></strong></span> 
     </span>
     <span class='ocr_line' id='line_1_21' title="bbox 364 2047 2702 2126; baseline -0 -17"><span class='ocrx_word' id='word_1_149' title='bbox 364 2052 529 2112; x_wconf 87' lang='grc' dir='ltr'><strong><em>τατός</em></strong></span> <span class='ocrx_word' id='word_1_150' title='bbox 559 2072 669 2123; x_wconf 91' lang='grc' dir='ltr'><strong><em>μου</em></strong></span> <span class='ocrx_word' id='word_1_151' title='bbox 706 2049 971 2115; x_wconf 73' lang='grc' dir='ltr'><em>δεσπότης</em></span> <span class='ocrx_word' id='word_1_152' title='bbox 1002 2050 1094 2102; x_wconf 81' lang='grc' dir='ltr'><strong><em>καὶ</em></strong></span> <span class='ocrx_word' id='word_1_153' title='bbox 1130 2047 1499 2120; x_wconf 82' lang='grc' dir='ltr'><strong><em>οἶκουμενικὸς</em></strong></span> <span class='ocrx_word' id='word_1_154' title='bbox 1533 2050 1904 2123; x_wconf 73' lang='grc' dir='ltr'><em>πατριάρχης,</em></span> <span class='ocrx_word' id='word_1_155' title='bbox 1961 2050 2075 2123; x_wconf 78' lang='grc' dir='ltr'><strong><em>ἅμα</em></strong></span> <span class='ocrx_word' id='word_1_156' title='bbox 2124 2057 2188 2124; x_wconf 76' lang='grc' dir='ltr'><strong><em>τῇ</em></strong></span> <span class='ocrx_word' id='word_1_157' title='bbox 2238 2050 2541 2125; x_wconf 69' lang='grc' dir='ltr'><strong><em>ἔνδημοῦσῃ</em></strong></span> <span class='ocrx_word' id='word_1_158' title='bbox 2582 2052 2702 2126; x_wconf 76' lang='grc' dir='ltr'><strong><em>ἱερᾷ</em></strong></span> 
     </span>
     <span class='ocr_line' id='line_1_22' title="bbox 362 2131 2702 2208; baseline -0 -15"><span class='ocrx_word' id='word_1_159' title='bbox 362 2138 598 2207; x_wconf 75' lang='grc' dir='ltr'><strong><em>συνόδῳ,</em></strong></span> <span class='ocrx_word' id='word_1_160' title='bbox 628 2135 766 2207; x_wconf 87' lang='grc' dir='ltr'><strong><em>πρὸς</em></strong></span> <span class='ocrx_word' id='word_1_161' title='bbox 790 2134 850 2188; x_wconf 74' lang='grc' dir='ltr'><strong><em>δὲ</em></strong></span> <span class='ocrx_word' id='word_1_162' title='bbox 874 2134 964 2187; x_wconf 85' lang='grc' dir='ltr'><strong><em>καὶ</em></strong></span> <span class='ocrx_word' id='word_1_163' title='bbox 989 2138 1104 2191; x_wconf 89' lang='grc' dir='ltr'><strong><em>τοῖς</em></strong></span> <span class='ocrx_word' id='word_1_164' title='bbox 1130 2135 1500 2203; x_wconf 77' lang='grc' dir='ltr'><strong><em>συγκλητικοῖς</em></strong></span> <span class='ocrx_word' id='word_1_165' title='bbox 1525 2131 1792 2206; x_wconf 77' lang='grc' dir='ltr'><strong><em>ἄρχουσιν</em></strong></span> <span class='ocrx_word' id='word_1_166' title='bbox 1817 2134 1909 2194; x_wconf 77' lang='grc' dir='ltr'><strong><em>οὓς</em></strong></span> <span class='ocrx_word' id='word_1_167' title='bbox 1935 2133 2210 2200; x_wconf 73' lang='grc' dir='ltr'><strong><em>ἐζήτησας,</em></strong></span> <span class='ocrx_word' id='word_1_168' title='bbox 2250 2133 2342 2190; x_wconf 80' lang='grc' dir='ltr'><strong><em>ἵνα</em></strong></span> <span class='ocrx_word' id='word_1_169' title='bbox 2363 2133 2702 2208; x_wconf 78' lang='grc' dir='ltr'><strong><em>ἀκροάσηται</em></strong></span> 
     </span>
     <span class='ocr_line' id='line_1_23' title="bbox 363 2216 2700 2292; baseline 0 -16"><span class='ocrx_word' id='word_1_170' title='bbox 363 2229 460 2288; x_wconf 72' lang='grc' dir='ltr'><strong><em>τῆς</em></strong></span> <span class='ocrx_word' id='word_1_171' title='bbox 505 2222 761 2285; x_wconf 77' lang='grc' dir='ltr'><strong><em>τοιαύτης</em></strong></span> <span class='ocrx_word' id='word_1_172' title='bbox 809 2218 1120 2276; x_wconf 74' lang='grc' dir='ltr'><strong><em>ὑποθέσεως</em></strong></span> <span class='ocrx_word' id='word_1_173' title='bbox 1162 2218 1254 2271; x_wconf 78' lang='grc' dir='ltr'><strong><em>καὶ</em></strong></span> <span class='ocrx_word' id='word_1_174' title='bbox 1299 2220 1468 2289; x_wconf 74' lang='grc' dir='ltr'><strong><em>πέρας</em></strong></span> <span class='ocrx_word' id='word_1_175' title='bbox 1514 2216 1747 2291; x_wconf 75' lang='grc' dir='ltr'><strong><em>ἐπιθῆσῃ</em></strong></span> <span class='ocrx_word' id='word_1_176' title='bbox 1798 2220 1964 2292; x_wconf 72' lang='grc' dir='ltr'><strong><em>ταύτῃ</em></strong></span> <span class='ocrx_word' id='word_1_177' title='bbox 2012 2219 2166 2292; x_wconf 75' lang='grc' dir='ltr'><strong><em>νόμῳ</em></strong></span> <span class='ocrx_word' id='word_1_178' title='bbox 2212 2222 2305 2275; x_wconf 83' lang='grc' dir='ltr'><strong><em>καὶ</em></strong></span> <span class='ocrx_word' id='word_1_179' title='bbox 2354 2226 2468 2280; x_wconf 79' lang='grc' dir='ltr'><strong><em>τοῖς</em></strong></span> <span class='ocrx_word' id='word_1_180' title='bbox 2504 2221 2700 2276; x_wconf 82' lang='grc' dir='ltr'><strong><em>κανόσι</em></strong></span> 
     </span>
     <span class='ocr_line' id='line_1_24' title="bbox 364 2302 2700 2378; baseline 0.001 -20"><span class='ocrx_word' id='word_1_181' title='bbox 364 2306 633 2375; x_wconf 75' lang='grc' dir='ltr'><strong><em>συνᾷδον,</em></strong></span> <span class='ocrx_word' id='word_1_182' title='bbox 683 2303 758 2376; x_wconf 72' lang='grc' dir='ltr'><strong><em>μὴ</em></strong></span> <span class='ocrx_word' id='word_1_183' title='bbox 809 2303 1147 2373; x_wconf 82' lang='grc' dir='ltr'><strong><em>κωλυόμενος</em></strong></span> <span class='ocrx_word' id='word_1_184' title='bbox 1192 2302 1300 2356; x_wconf 81' lang='grc' dir='ltr'><strong><em>ἀπὸ</em></strong></span> <span class='ocrx_word' id='word_1_185' title='bbox 1350 2308 1448 2357; x_wconf 86' lang='grc' dir='ltr'><strong><em>τοῦ</em></strong></span> <span class='ocrx_word' id='word_1_186' title='bbox 1495 2303 1899 2374; x_wconf 87' lang='grc' dir='ltr'><strong><em>προγεγονότος</em></strong></span> <span class='ocrx_word' id='word_1_187' title='bbox 1936 2305 2319 2376; x_wconf 79' lang='grc' dir='ltr'><strong><em>σημειιόματος</em></strong></span> <span class='ocrx_word' id='word_1_188' title='bbox 2354 2311 2420 2378; x_wconf 77' lang='grc' dir='ltr'><strong><em>τῇ</em></strong></span> <span class='ocrx_word' id='word_1_189' title='bbox 2451 2309 2700 2376; x_wconf 73' lang='grc' dir='ltr'><strong><em>βασιλεία</em></strong></span> 
     </span>
     <span class='ocr_line' id='line_1_25' title="bbox 360 2386 2700 2465; baseline -0.001 -19"><span class='ocrx_word' id='word_1_190' title='bbox 360 2411 502 2465; x_wconf 87' lang='grc' dir='ltr'><strong><em>μου·</em></strong></span> <span class='ocrx_word' id='word_1_191' title='bbox 552 2388 692 2461; x_wconf 78' lang='grc' dir='ltr'><strong><em>μετὰ</em></strong></span> <span class='ocrx_word' id='word_1_192' title='bbox 740 2388 798 2442; x_wconf 73' lang='grc' dir='ltr'><strong><em>δὲ</em></strong></span> <span class='ocrx_word' id='word_1_193' title='bbox 847 2387 909 2440; x_wconf 83' lang='grc' dir='ltr'><strong><em>τὸ</em></strong></span> <span class='ocrx_word' id='word_1_194' title='bbox 959 2386 1164 2452; x_wconf 78' lang='grc' dir='ltr'><strong><em>ταύτην</em></strong></span> <span class='ocrx_word' id='word_1_195' title='bbox 1211 2386 1312 2452; x_wconf 73' lang='grc' dir='ltr'><strong><em>τὴν</em></strong></span> <span class='ocrx_word' id='word_1_196' title='bbox 1358 2386 1627 2442; x_wconf 77' lang='grc' dir='ltr'><strong><em>ὑπόθεσιν</em></strong></span> <span class='ocrx_word' id='word_1_197' title='bbox 1663 2391 1964 2454; x_wconf 79' lang='grc' dir='ltr'><strong><em>ζητηθῆναι</em></strong></span> <span class='ocrx_word' id='word_1_198' title='bbox 1996 2389 2187 2461; x_wconf 70' lang='grc' dir='ltr'><strong><em>γράψῃ</em></strong></span> <span class='ocrx_word' id='word_1_199' title='bbox 2223 2390 2317 2443; x_wconf 80' lang='grc' dir='ltr'><strong><em>καὶ</em></strong></span> <span class='ocrx_word' id='word_1_200' title='bbox 2351 2395 2416 2462; x_wconf 74' lang='grc' dir='ltr'><strong><em>τῇ</em></strong></span> <span class='ocrx_word' id='word_1_201' title='bbox 2449 2392 2700 2460; x_wconf 75' lang='grc' dir='ltr'><strong><em>βασιλείᾳ</em></strong></span> 
     </span>
     <span class='ocr_line' id='line_1_26' title="bbox 361 2471 2699 2551; baseline 0 -23"><span class='ocrx_word' id='word_1_202' title='bbox 361 2499 491 2551; x_wconf 83' lang='grc' dir='ltr'><strong><em>μου,</em></strong></span> <span class='ocrx_word' id='word_1_203' title='bbox 530 2475 621 2529; x_wconf 80' lang='grc' dir='ltr'><strong><em>καὶ</em></strong></span> <span class='ocrx_word' id='word_1_204' title='bbox 653 2471 806 2546; x_wconf 79' lang='grc' dir='ltr'><strong><em>παρὰ</em></strong></span> <span class='ocrx_word' id='word_1_205' title='bbox 842 2474 1039 2537; x_wconf 81' lang='grc' dir='ltr'><em>ταύτης</em></span> <span class='ocrx_word' id='word_1_206' title='bbox 1070 2471 1137 2526; x_wconf 84' lang='grc' dir='ltr'><strong><em>τὸ</em></strong></span> <span class='ocrx_word' id='word_1_207' title='bbox 1174 2471 1300 2527; x_wconf 76' lang='grc' dir='ltr'><strong><em>δέον</em></strong></span> <span class='ocrx_word' id='word_1_208' title='bbox 1348 2471 1859 2545; x_wconf 75' lang='grc' dir='ltr'><strong><em>οἰκονομηθῆσεται.</em></strong></span> <span class='ocrx_word' id='word_1_209' title='bbox 1932 2475 2065 2545; x_wconf 83' lang='grc' dir='ltr'><strong><em>μηνὶ</em></strong></span> <span class='ocrx_word' id='word_1_210' title='bbox 2112 2471 2400 2546; x_wconf 74' lang='grc' dir='ltr'><strong><em>αὔγοιῗστῳ</em></strong></span> <span class='ocrx_word' id='word_1_211' title='bbox 2448 2475 2699 2548; x_wconf 69' lang='grc' dir='ltr'><strong><em>ἐπινερἤ-</em></strong></span> 
     </span>
     <span class='ocr_line' id='line_1_27' title="bbox 363 2561 2703 2629; baseline 0 -13"><span class='ocrx_word' id='word_1_212' title='bbox 363 2581 499 2621; x_wconf 79' lang='grc' dir='ltr'><strong><em>σεως</em></strong></span> <span class='ocrx_word' id='word_1_213' title='bbox 516 2561 637 2623; x_wconf 80' lang='grc' dir='ltr'><strong><em>ζ’.“</em></strong></span> <span class='ocrx_word' id='word_1_214' title='bbox 688 2566 895 2627; x_wconf 79' lang='lat' dir='ltr'><strong>Accepto</strong></span> <span class='ocrx_word' id='word_1_215' title='bbox 918 2564 1010 2612; x_wconf 82' lang='lat' dir='ltr'><strong><em>hoc</em></strong></span> <span class='ocrx_word' id='word_1_216' title='bbox 1027 2565 1261 2627; x_wconf 85' lang='lat' dir='ltr'><strong>rescripto</strong></span> <span class='ocrx_word' id='word_1_217' title='bbox 1282 2570 1328 2611; x_wconf 91' lang='lat' dir='ltr'><strong><em>et</em></strong></span> <span class='ocrx_word' id='word_1_218' title='bbox 1347 2578 1493 2613; x_wconf 85' lang='lat' dir='ltr'><strong>causa</strong></span> <span class='ocrx_word' id='word_1_219' title='bbox 1518 2566 1705 2626; x_wconf 79' lang='lat' dir='ltr'><strong>cognita</strong></span> <span class='ocrx_word' id='word_1_220' title='bbox 1730 2566 1996 2616; x_wconf 69' lang='lat' dir='ltr'><strong>patriarcha</strong></span> <span class='ocrx_word' id='word_1_221' title='bbox 2023 2565 2247 2615; x_wconf 75' lang='lat' dir='ltr'><strong>Nicotaus</strong></span> <span class='ocrx_word' id='word_1_222' title='bbox 2272 2568 2329 2615; x_wconf 86' lang='lat' dir='ltr'><strong>ad</strong></span> <span class='ocrx_word' id='word_1_223' title='bbox 2356 2568 2703 2629; x_wconf 78' lang='lat' dir='ltr'><strong>imperatorem</strong></span> 
     </span>
     <span class='ocr_line' id='line_1_28' title="bbox 362 2648 2699 2713; baseline -0.001 -9"><span class='ocrx_word' id='word_1_224' title='bbox 362 2654 553 2704; x_wconf 88' lang='lat' dir='ltr'><strong>retulit:</strong></span> <span class='ocrx_word' id='word_1_225' title='bbox 595 2648 797 2713; x_wconf 81' lang='lat' dir='ltr'><strong>epistola</strong></span> <span class='ocrx_word' id='word_1_226' title='bbox 834 2649 940 2712; x_wconf 81' lang='lat' dir='ltr'><strong>ejus</strong></span> <span class='ocrx_word' id='word_1_227' title='bbox 974 2648 1120 2709; x_wconf 87' lang='lat' dir='ltr'><strong>(edita</strong></span> <span class='ocrx_word' id='word_1_228' title='bbox 1158 2649 1204 2697; x_wconf 90' lang='lat' dir='ltr'><strong><em>in</em></strong></span> <span class='ocrx_word' id='word_1_229' title='bbox 1243 2649 1434 2697; x_wconf 82' lang='lat' dir='ltr'><strong>Leuncl.</strong></span> <span class='ocrx_word' id='word_1_230' title='bbox 1458 2649 1622 2698; x_wconf 59' lang='lat' dir='ltr'><strong><em>mut</em></strong></span> <span class='ocrx_word' id='word_1_231' title='bbox 1659 2664 1706 2712; x_wconf 89' lang='lat' dir='ltr'><strong><em>p.</em></strong></span> <span class='ocrx_word' id='word_1_232' title='bbox 1729 2648 1821 2699; x_wconf 76' lang='lat'><strong><em>271</em></strong></span> <span class='ocrx_word' id='word_1_233' title='bbox 1865 2659 1912 2699; x_wconf 86' lang='lat' dir='ltr'><strong><em>et</em></strong></span> <span class='ocrx_word' id='word_1_234' title='bbox 1949 2651 1994 2699; x_wconf 90' lang='lat' dir='ltr'><strong><em>in</em></strong></span> <span class='ocrx_word' id='word_1_235' title='bbox 2033 2649 2183 2699; x_wconf 78' lang='lat' dir='ltr'><strong>Rham</strong></span> <span class='ocrx_word' id='word_1_236' title='bbox 2221 2658 2268 2700; x_wconf 87' lang='lat' dir='ltr'><strong><em>et</em></strong></span> <span class='ocrx_word' id='word_1_237' title='bbox 2305 2650 2422 2700; x_wconf 72' lang='lat' dir='ltr'><strong>roni</strong></span> <span class='ocrx_word' id='word_1_238' title='bbox 2449 2651 2568 2701; x_wconf 80' lang='lat' dir='ltr'><strong>eeu.</strong></span> <span class='ocrx_word' id='word_1_239' title='bbox 2591 2667 2699 2702; x_wconf 85' lang='lat' dir='ltr'><strong>cau.</strong></span> 
     </span>
     <span class='ocr_line' id='line_1_29' title="bbox 362 2728 2698 2803; baseline -0.002 -15"><span class='ocrx_word' id='word_1_240' title='bbox 362 2741 396 2789; x_wconf 80' lang='lat' dir='ltr'>V</span> <span class='ocrx_word' id='word_1_241' title='bbox 415 2754 462 2803; x_wconf 87' lang='lat' dir='ltr'><strong><em>p.</em></strong></span> <span class='ocrx_word' id='word_1_242' title='bbox 479 2737 563 2797; x_wconf 82' lang='lat'><strong><em>62)</em></strong></span> <span class='ocrx_word' id='word_1_243' title='bbox 583 2728 872 2800; x_wconf 83' lang='grc' dir='ltr'><strong><em>σημείωμα</em></strong></span> <span class='ocrx_word' id='word_1_244' title='bbox 896 2731 1012 2782; x_wconf 79' lang='lat' dir='ltr'><strong>iilud</strong></span> <span class='ocrx_word' id='word_1_245' title='bbox 1036 2732 1148 2782; x_wconf 81' lang='lat' dir='ltr'><strong>olim</strong></span> <span class='ocrx_word' id='word_1_246' title='bbox 1175 2734 1234 2780; x_wconf 86' lang='lat' dir='ltr'><strong>ab</strong></span> <span class='ocrx_word' id='word_1_247' title='bbox 1263 2735 1553 2795; x_wconf 78' lang='lat' dir='ltr'><strong>imperatore</strong></span> <span class='ocrx_word' id='word_1_248' title='bbox 1577 2734 1935 2796; x_wconf 78' lang='lat' dir='ltr'><strong>pronuntiatum</strong></span> <span class='ocrx_word' id='word_1_249' title='bbox 1963 2736 2207 2798; x_wconf 79' lang='lat' dir='ltr'><strong>impugnat</strong></span> <span class='ocrx_word' id='word_1_250' title='bbox 2230 2728 2343 2794; x_wconf 81' lang='grc' dir='ltr'><strong><em>(,,εἷ</em></strong></span> <span class='ocrx_word' id='word_1_251' title='bbox 2369 2730 2478 2803; x_wconf 83' lang='grc' dir='ltr'><strong><em>γὰρ</em></strong></span> <span class='ocrx_word' id='word_1_252' title='bbox 2512 2730 2605 2785; x_wconf 81' lang='grc' dir='ltr'><strong><em>καὶ</em></strong></span> <span class='ocrx_word' id='word_1_253' title='bbox 2633 2731 2698 2784; x_wconf 84' lang='grc' dir='ltr'><strong><em>τὸ</em></strong></span> 
     </span>
     <span class='ocr_line' id='line_1_30' title="bbox 364 2810 2701 2888; baseline 0 -21"><span class='ocrx_word' id='word_1_254' title='bbox 364 2817 652 2888; x_wconf 84' lang='grc' dir='ltr'><strong><em>σημείωμα</em></strong></span> <span class='ocrx_word' id='word_1_255' title='bbox 672 2816 766 2877; x_wconf 77' lang='grc' dir='ltr'><strong><em>τῆς</em></strong></span> <span class='ocrx_word' id='word_1_256' title='bbox 800 2810 856 2866; x_wconf 76' lang='grc' dir='ltr'><strong><em>ἐκ</em></strong></span> <span class='ocrx_word' id='word_1_257' title='bbox 882 2816 1016 2866; x_wconf 90' lang='grc' dir='ltr'><strong><em>θεοῦ</em></strong></span> <span class='ocrx_word' id='word_1_258' title='bbox 1039 2812 1314 2882; x_wconf 79' lang='grc' dir='ltr'><strong><em>βασιλείας</em></strong></span> <span class='ocrx_word' id='word_1_259' title='bbox 1339 2829 1438 2864; x_wconf 91' lang='grc' dir='ltr'><strong><em>σου</em></strong></span> <span class='ocrx_word' id='word_1_260' title='bbox 1465 2816 1719 2882; x_wconf 78' lang='grc' dir='ltr'><strong><em>τεχνικῶς</em></strong></span> <span class='ocrx_word' id='word_1_261' title='bbox 1738 2812 1829 2865; x_wconf 83' lang='grc' dir='ltr'><strong><em>καὶ</em></strong></span> <span class='ocrx_word' id='word_1_262' title='bbox 1852 2814 2149 2884; x_wconf 77' lang='grc' dir='ltr'><strong><em>ῥητορικῶς</em></strong></span> <span class='ocrx_word' id='word_1_263' title='bbox 2163 2812 2589 2869; x_wconf 78' lang='grc' dir='ltr'><strong><em>κατεσκεύασται</em></strong></span> <span class='ocrx_word' id='word_1_264' title='bbox 2603 2815 2701 2869; x_wconf 77' lang='grc' dir='ltr'><strong><em>καὶ</em></strong></span> 
     </span>
     <span class='ocr_line' id='line_1_31' title="bbox 361 2891 2701 2969; baseline -0.001 -15"><span class='ocrx_word' id='word_1_265' title='bbox 361 2899 605 2956; x_wconf 85' lang='grc' dir='ltr'><strong><em>πιθανὸν</em></strong></span> <span class='ocrx_word' id='word_1_266' title='bbox 623 2898 774 2952; x_wconf 74' lang='grc' dir='ltr'><strong><em>δοκεῖ</em></strong></span> <span class='ocrx_word' id='word_1_267' title='bbox 804 2902 918 2955; x_wconf 86' lang='grc' dir='ltr'><strong><em>τοῖς</em></strong></span> <span class='ocrx_word' id='word_1_268' title='bbox 939 2897 1172 2958; x_wconf 75' lang='grc' dir='ltr'><strong><em>πολλοῖς,</em></strong></span> <span class='ocrx_word' id='word_1_269' title='bbox 1212 2891 1318 2949; x_wconf 80' lang='grc' dir='ltr'><strong><em>ἀλλ’</em></strong></span> <span class='ocrx_word' id='word_1_270' title='bbox 1347 2891 1498 2948; x_wconf 80' lang='grc' dir='ltr'><strong><em>οῦπω</em></strong></span> <span class='ocrx_word' id='word_1_271' title='bbox 1522 2895 1613 2950; x_wconf 76' lang='grc' dir='ltr'><strong><em>καὶ</em></strong></span> <span class='ocrx_word' id='word_1_272' title='bbox 1635 2896 1871 2949; x_wconf 74' lang='grc' dir='ltr'><strong><em>δυνατὸν</em></strong></span> <span class='ocrx_word' id='word_1_273' title='bbox 1897 2895 2100 2969; x_wconf 87' lang='grc' dir='ltr'><strong><em>νόμους</em></strong></span> <span class='ocrx_word' id='word_1_274' title='bbox 2122 2894 2329 2952; x_wconf 78' lang='grc' dir='ltr'><strong><em>ἀνελεῖν</em></strong></span> <span class='ocrx_word' id='word_1_275' title='bbox 2346 2898 2437 2952; x_wconf 78' lang='grc' dir='ltr'><strong><em>καὶ</em></strong></span> <span class='ocrx_word' id='word_1_276' title='bbox 2462 2898 2701 2959; x_wconf 81' lang='grc' dir='ltr'><strong><em>κανόνας</em></strong></span> 
     </span>
     <span class='ocr_line' id='line_1_32' title="bbox 359 2978 2701 3053; baseline -0 -13"><span class='ocrx_word' id='word_1_277' title='bbox 359 2986 451 3040; x_wconf 76' lang='grc' dir='ltr'><strong><em>καὶ</em></strong></span> <span class='ocrx_word' id='word_1_278' title='bbox 486 2984 588 3049; x_wconf 80' lang='grc' dir='ltr'><strong><em>τὴν</em></strong></span> <span class='ocrx_word' id='word_1_279' title='bbox 623 2978 887 3047; x_wconf 75' lang='grc' dir='ltr'><strong><em>ἀλήθειαν</em></strong></span> <span class='ocrx_word' id='word_1_280' title='bbox 918 2985 1321 3045; x_wconf 83' lang='grc' dir='ltr'><strong><em>κατασεῖσαι“),</em></strong></span> <span class='ocrx_word' id='word_1_281' title='bbox 1363 2992 1410 3035; x_wconf 88' lang='lat' dir='ltr'><strong><em>et</em></strong></span> <span class='ocrx_word' id='word_1_282' title='bbox 1446 3000 1562 3035; x_wconf 85' lang='lat' dir='ltr'><strong>nova</strong></span> <span class='ocrx_word' id='word_1_283' title='bbox 1599 2986 1847 3036; x_wconf 73' lang='lat' dir='ltr'><strong>sanctione</strong></span> <span class='ocrx_word' id='word_1_284' title='bbox 1883 2999 2006 3050; x_wconf 78' lang='lat' dir='ltr'><strong>opus</strong></span> <span class='ocrx_word' id='word_1_285' title='bbox 2042 3003 2151 3037; x_wconf 82' lang='lat' dir='ltr'><strong>esse</strong></span> <span class='ocrx_word' id='word_1_286' title='bbox 2181 2996 2361 3038; x_wconf 72' lang='lat' dir='ltr'><strong>censet.</strong></span> <span class='ocrx_word' id='word_1_287' title='bbox 2431 2989 2701 3053; x_wconf 77' lang='lat' dir='ltr'><strong>Imperator</strong></span> 
     </span>
     <span class='ocr_line' id='line_1_33' title="bbox 360 3068 2701 3138; baseline -0.001 -11"><span class='ocrx_word' id='word_1_288' title='bbox 360 3084 518 3127; x_wconf 86' lang='lat' dir='ltr'><strong>autem</strong></span> <span class='ocrx_word' id='word_1_289' title='bbox 556 3073 669 3123; x_wconf 81' lang='lat' dir='ltr'><strong>huic</strong></span> <span class='ocrx_word' id='word_1_290' title='bbox 703 3071 906 3122; x_wconf 75' lang='lat' dir='ltr'><strong>consilio</strong></span> <span class='ocrx_word' id='word_1_291' title='bbox 943 3085 1038 3121; x_wconf 89' lang='lat' dir='ltr'><strong><em>non</em></strong></span> <span class='ocrx_word' id='word_1_292' title='bbox 1073 3072 1257 3121; x_wconf 85' lang='lat' dir='ltr'><strong>videtur</strong></span> <span class='ocrx_word' id='word_1_293' title='bbox 1291 3071 1681 3135; x_wconf 79' lang='lat' dir='ltr'><strong>obtemperasse:</strong></span> <span class='ocrx_word' id='word_1_294' title='bbox 1739 3086 1846 3124; x_wconf 85' lang='lat' dir='ltr'><strong>nam</strong></span> <span class='ocrx_word' id='word_1_295' title='bbox 1885 3068 2172 3138; x_wconf 84' lang='grc' dir='ltr'><strong><em>σημείωμα</em></strong></span> <span class='ocrx_word' id='word_1_296' title='bbox 2208 3073 2325 3137; x_wconf 82' lang='lat' dir='ltr'><strong>Imp.</strong></span> <span class='ocrx_word' id='word_1_297' title='bbox 2360 3073 2529 3136; x_wconf 81' lang='lat' dir='ltr'><strong>Alexii,</strong></span> <span class='ocrx_word' id='word_1_298' title='bbox 2563 3074 2701 3137; x_wconf 77' lang='lat' dir='ltr'><strong>quod</strong></span> 
     </span>
     <span class='ocr_line' id='line_1_34' title="bbox 361 3154 2701 3229; baseline -0.002 -18"><span class='ocrx_word' id='word_1_299' title='bbox 361 3161 500 3226; x_wconf 85' lang='lat' dir='ltr'><strong>qnasi</strong></span> <span class='ocrx_word' id='word_1_300' title='bbox 546 3159 702 3208; x_wconf 83' lang='lat' dir='ltr'><strong>adhuc</strong></span> <span class='ocrx_word' id='word_1_301' title='bbox 750 3158 964 3206; x_wconf 84' lang='lat' dir='ltr'><strong>obtineat</strong></span> <span class='ocrx_word' id='word_1_302' title='bbox 1010 3157 1204 3206; x_wconf 81' lang='lat' dir='ltr'><strong>laudant</strong></span> <span class='ocrx_word' id='word_1_303' title='bbox 1251 3154 1374 3204; x_wconf 78' lang='lat' dir='ltr'><strong>Bais.</strong></span> <span class='ocrx_word' id='word_1_304' title='bbox 1410 3156 1474 3204; x_wconf 84' lang='lat' dir='ltr'><strong>ad</strong></span> <span class='ocrx_word' id='word_1_305' title='bbox 1507 3171 1550 3205; x_wconf 89' lang='lat' dir='ltr'><strong><em>c.</em></strong></span> <span class='ocrx_word' id='word_1_306' title='bbox 1589 3154 1652 3206; x_wconf 78' lang='lat'><strong><em>38</em></strong></span> <span class='ocrx_word' id='word_1_307' title='bbox 1690 3156 1971 3229; x_wconf 67' lang='lat' dir='ltr'><strong>sym&#39;l&#39;rult.</strong></span> <span class='ocrx_word' id='word_1_308' title='bbox 2010 3157 2104 3216; x_wconf 84' lang='lat' dir='ltr'><strong>(ed.</strong></span> <span class='ocrx_word' id='word_1_309' title='bbox 2141 3157 2295 3207; x_wconf 74' lang='lat' dir='ltr'><strong>unani</strong></span> <span class='ocrx_word' id='word_1_310' title='bbox 2332 3158 2371 3207; x_wconf 88' lang='lat' dir='ltr'><strong>n</strong></span> <span class='ocrx_word' id='word_1_311' title='bbox 2410 3173 2456 3221; x_wconf 89' lang='lat' dir='ltr'><strong><em>p.</em></strong></span> <span class='ocrx_word' id='word_1_312' title='bbox 2479 3157 2598 3215; x_wconf 78' lang='lat'><strong>393)</strong></span> <span class='ocrx_word' id='word_1_313' title='bbox 2651 3165 2701 3207; x_wconf 83' lang='lat' dir='ltr'><strong><em>et</em></strong></span> 
     </span>
     <span class='ocr_line' id='line_1_35' title="bbox 362 3239 2700 3306; baseline -0.002 -11"><span class='ocrx_word' id='word_1_314' title='bbox 362 3245 505 3295; x_wconf 82' lang='lat' dir='ltr'><strong>Blast.</strong></span> <span class='ocrx_word' id='word_1_315' title='bbox 542 3244 609 3299; x_wconf 80' lang='lat' dir='ltr'><strong><em>E,</em></strong></span> <span class='ocrx_word' id='word_1_316' title='bbox 650 3242 709 3291; x_wconf 79' lang='lat'><strong><em>21</em></strong></span> <span class='ocrx_word' id='word_1_317' title='bbox 752 3241 845 3300; x_wconf 84' lang='lat' dir='ltr'><strong>(ed.</strong></span> <span class='ocrx_word' id='word_1_318' title='bbox 884 3243 990 3292; x_wconf 80' lang='lat' dir='ltr'><strong>Bev.</strong></span> <span class='ocrx_word' id='word_1_319' title='bbox 1028 3241 1067 3289; x_wconf 89' lang='grc' dir='ltr'><strong><em>ΙΙ</em></strong></span> <span class='ocrx_word' id='word_1_320' title='bbox 1105 3253 1150 3304; x_wconf 86' lang='lat' dir='ltr'><strong><em>p.</em></strong></span> <span class='ocrx_word' id='word_1_321' title='bbox 1177 3239 1306 3303; x_wconf 77' lang='lat'><strong>126),</strong></span> <span class='ocrx_word' id='word_1_322' title='bbox 1343 3239 1471 3289; x_wconf 88' lang='lat' dir='ltr'><strong>idem</strong></span> <span class='ocrx_word' id='word_1_323' title='bbox 1508 3254 1633 3303; x_wconf 85' lang='lat' dir='ltr'><strong>esse,</strong></span> <span class='ocrx_word' id='word_1_324' title='bbox 1670 3241 1710 3289; x_wconf 84' lang='lat' dir='ltr'><strong><em>si</em></strong></span> <span class='ocrx_word' id='word_1_325' title='bbox 1746 3248 2076 3302; x_wconf 78' lang='lat' dir='ltr'><strong>argumentum</strong></span> <span class='ocrx_word' id='word_1_326' title='bbox 2102 3249 2309 3303; x_wconf 81' lang='lat' dir='ltr'><strong>spectes,</strong></span> <span class='ocrx_word' id='word_1_327' title='bbox 2344 3241 2528 3291; x_wconf 81' lang='lat' dir='ltr'><strong>videtur</strong></span> <span class='ocrx_word' id='word_1_328' title='bbox 2550 3250 2700 3306; x_wconf 83' lang='lat' dir='ltr'><strong>atque</strong></span> 
     </span>
     <span class='ocr_line' id='line_1_36' title="bbox 345 3314 2700 3390; baseline -0.001 -11"><span class='ocrx_word' id='word_1_329' title='bbox 345 3314 493 3390; x_wconf 80' lang='lat' dir='ltr'><strong>illud,</strong></span> <span class='ocrx_word' id='word_1_330' title='bbox 531 3327 591 3377; x_wconf 84' lang='lat' dir='ltr'><strong>de</strong></span> <span class='ocrx_word' id='word_1_331' title='bbox 627 3340 724 3389; x_wconf 88' lang='lat' dir='ltr'><strong><em>quo</em></strong></span> <span class='ocrx_word' id='word_1_332' title='bbox 761 3326 809 3375; x_wconf 83' lang='lat' dir='ltr'><strong><em>P.</em></strong></span> <span class='ocrx_word' id='word_1_333' title='bbox 844 3324 1068 3375; x_wconf 74' lang='lat' dir='ltr'><strong>Nicotaus</strong></span> <span class='ocrx_word' id='word_1_334' title='bbox 1105 3324 1345 3374; x_wconf 81' lang='lat' dir='ltr'><strong>retulerat.</strong></span> <span class='ocrx_word' id='word_1_335' title='bbox 1419 3324 1558 3381; x_wconf 86' lang='lat' dir='ltr'><strong>Quod</strong></span> <span class='ocrx_word' id='word_1_336' title='bbox 1597 3324 1637 3373; x_wconf 81' lang='lat' dir='ltr'><strong><em>si</em></strong></span> <span class='ocrx_word' id='word_1_337' title='bbox 1672 3339 1833 3374; x_wconf 81' lang='lat' dir='ltr'><strong>verum</strong></span> <span class='ocrx_word' id='word_1_338' title='bbox 1870 3333 1969 3389; x_wconf 87' lang='lat' dir='ltr'><strong>est,</strong></span> <span class='ocrx_word' id='word_1_339' title='bbox 2010 3326 2295 3389; x_wconf 85' lang='lat' dir='ltr'><strong>rescriptum</strong></span> <span class='ocrx_word' id='word_1_340' title='bbox 2332 3339 2474 3388; x_wconf 85' lang='lat' dir='ltr'><strong>supra</strong></span> <span class='ocrx_word' id='word_1_341' title='bbox 2509 3325 2700 3376; x_wconf 82' lang='lat' dir='ltr'><strong>editum</strong></span> 
     </span>
     <span class='ocr_line' id='line_1_37' title="bbox 360 3404 2704 3474; baseline -0.001 -12"><span class='ocrx_word' id='word_1_342' title='bbox 360 3427 487 3463; x_wconf 82' lang='lat' dir='ltr'><strong>anno</strong></span> <span class='ocrx_word' id='word_1_343' title='bbox 527 3410 656 3460; x_wconf 82' lang='lat'>1099</span> <span class='ocrx_word' id='word_1_344' title='bbox 691 3410 790 3458; x_wconf 87' lang='lat' dir='ltr'><strong>ind.</strong></span> <span class='ocrx_word' id='word_1_345' title='bbox 828 3405 903 3457; x_wconf 79' lang='lat' dir='ltr'><strong><em>VH</em></strong></span> <span class='ocrx_word' id='word_1_346' title='bbox 939 3407 1270 3457; x_wconf 86' lang='lat' dir='ltr'><strong>vindicandum</strong></span> <span class='ocrx_word' id='word_1_347' title='bbox 1307 3408 1423 3470; x_wconf 85' lang='lat' dir='ltr'><strong>erit,</strong></span> <span class='ocrx_word' id='word_1_348' title='bbox 1473 3423 1619 3471; x_wconf 84' lang='lat' dir='ltr'><strong>quum</strong></span> <span class='ocrx_word' id='word_1_349' title='bbox 1657 3404 1941 3474; x_wconf 85' lang='grc' dir='ltr'><strong><em>σημείωμα</em></strong></span> <span class='ocrx_word' id='word_1_350' title='bbox 1976 3409 2091 3460; x_wconf 78' lang='lat' dir='ltr'><strong>iilud</strong></span> <span class='ocrx_word' id='word_1_351' title='bbox 2127 3424 2155 3458; x_wconf 82' lang='lat' dir='ltr'><strong>a</strong></span> <span class='ocrx_word' id='word_1_352' title='bbox 2190 3411 2468 3460; x_wconf 82' lang='lat' dir='ltr'><strong>Balsamoue</strong></span> <span class='ocrx_word' id='word_1_353' title='bbox 2505 3410 2704 3460; x_wconf 85' lang='lat' dir='ltr'><strong>dicatur</strong></span> 
     </span>
     <span class='ocr_line' id='line_1_38' title="bbox 361 3487 2703 3560; baseline -0.001 -15"><span class='ocrx_word' id='word_1_354' title='bbox 361 3510 487 3546; x_wconf 82' lang='lat' dir='ltr'><strong>anuo</strong></span> <span class='ocrx_word' id='word_1_355' title='bbox 531 3494 653 3543; x_wconf 80' lang='lat'><strong>1087</strong></span> <span class='ocrx_word' id='word_1_356' title='bbox 693 3493 792 3543; x_wconf 86' lang='lat' dir='ltr'><strong>ind.</strong></span> <span class='ocrx_word' id='word_1_357' title='bbox 827 3494 868 3542; x_wconf 76' lang='lat' dir='ltr'><em>X</em></span> <span class='ocrx_word' id='word_1_358' title='bbox 913 3492 1092 3542; x_wconf 81' lang='lat' dir='ltr'><strong>editum</strong></span> <span class='ocrx_word' id='word_1_359' title='bbox 1140 3505 1264 3541; x_wconf 80' lang='lat' dir='ltr'><strong>esse.</strong></span> <span class='ocrx_word' id='word_1_360' title='bbox 1313 3516 1381 3526; x_wconf 90' lang='lat'>—</span> <span class='ocrx_word' id='word_1_361' title='bbox 1433 3491 1683 3540; x_wconf 85' lang='lat' dir='ltr'><strong>Balsamon</strong></span> <span class='ocrx_word' id='word_1_362' title='bbox 1722 3492 1751 3542; x_wconf 67' lang='lat' dir='ltr'><strong>k</strong></span> <span class='ocrx_word' id='word_1_363' title='bbox 1786 3493 1818 3542; x_wconf 90' lang='grc'><strong><em>1.</em></strong></span> <span class='ocrx_word' id='word_1_364' title='bbox 1855 3494 2133 3556; x_wconf 82' lang='lat' dir='ltr'><strong>particulam</strong></span> <span class='ocrx_word' id='word_1_365' title='bbox 2172 3495 2276 3560; x_wconf 87' lang='lat' dir='ltr'><strong>ejus</strong></span> <span class='ocrx_word' id='word_1_366' title='bbox 2312 3487 2703 3560; x_wconf 78' lang='grc' dir='ltr'><strong><em>σημειιόματος</em></strong></span> 
     </span>
     <span class='ocr_line' id='line_1_39' title="bbox 363 3574 2695 3641; baseline -0 -11"><span class='ocrx_word' id='word_1_367' title='bbox 363 3579 631 3631; x_wconf 76' lang='lat' dir='ltr'><strong>textualiter</strong></span> <span class='ocrx_word' id='word_1_368' title='bbox 676 3577 892 3638; x_wconf 82' lang='lat' dir='ltr'><strong>exhibet,</strong></span> <span class='ocrx_word' id='word_1_369' title='bbox 940 3590 1082 3639; x_wconf 86' lang='lat' dir='ltr'><strong>quam</strong></span> <span class='ocrx_word' id='word_1_370' title='bbox 1121 3574 1332 3625; x_wconf 78' lang='lat' dir='ltr'><strong>Bonefld.</strong></span> <span class='ocrx_word' id='word_1_371' title='bbox 1371 3575 1505 3638; x_wconf 80' lang='lat' dir='ltr'><strong>p.64</strong></span> <span class='ocrx_word' id='word_1_372' title='bbox 1554 3584 1603 3626; x_wconf 87' lang='lat' dir='ltr'><strong><em>et</em></strong></span> <span class='ocrx_word' id='word_1_373' title='bbox 1650 3577 1843 3627; x_wconf 79' lang='lat' dir='ltr'><strong>Leuncl.</strong></span> <span class='ocrx_word' id='word_1_374' title='bbox 1889 3579 1935 3626; x_wconf 91' lang='lat' dir='ltr'><strong><em>in</em></strong></span> <span class='ocrx_word' id='word_1_375' title='bbox 1970 3579 2094 3628; x_wconf 87' lang='lat' dir='ltr'><strong>JGR.</strong></span> <span class='ocrx_word' id='word_1_376' title='bbox 2134 3579 2149 3629; x_wconf 90' lang='grc' dir='ltr'>Ι</span> <span class='ocrx_word' id='word_1_377' title='bbox 2188 3595 2234 3641; x_wconf 93' lang='lat' dir='ltr'><strong><em>p.</em></strong></span> <span class='ocrx_word' id='word_1_378' title='bbox 2260 3579 2353 3629; x_wconf 88' lang='grc'><strong><em>130</em></strong></span> <span class='ocrx_word' id='word_1_379' title='bbox 2404 3579 2695 3629; x_wconf 83' lang='lat' dir='ltr'><strong>ediderunt:</strong></span> 
     </span>
     <span class='ocr_line' id='line_1_40' title="bbox 362 3652 2702 3728; baseline -0.002 -12"><span class='ocrx_word' id='word_1_380' title='bbox 362 3664 563 3717; x_wconf 82' lang='lat' dir='ltr'><strong>eandem</strong></span> <span class='ocrx_word' id='word_1_381' title='bbox 602 3676 691 3711; x_wconf 78' lang='lat' dir='ltr'><strong><em>nos</em></strong></span> <span class='ocrx_word' id='word_1_382' title='bbox 725 3661 804 3709; x_wconf 74' lang='lat' dir='ltr'><strong>liic</strong></span> <span class='ocrx_word' id='word_1_383' title='bbox 842 3660 1026 3710; x_wconf 85' lang='lat' dir='ltr'><strong>damus.</strong></span> <span class='ocrx_word' id='word_1_384' title='bbox 1099 3661 1348 3709; x_wconf 82' lang='lat' dir='ltr'><strong>Caeterum</strong></span> <span class='ocrx_word' id='word_1_385' title='bbox 1387 3660 1630 3723; x_wconf 81' lang='lat' dir='ltr'><strong>praefatur</strong></span> <span class='ocrx_word' id='word_1_386' title='bbox 1660 3659 1944 3713; x_wconf 77' lang='lat' dir='ltr'><strong>Baisamon:</strong></span> <span class='ocrx_word' id='word_1_387' title='bbox 1996 3658 2184 3719; x_wconf 79' lang='grc' dir='ltr'><strong><em>,,Τέως</em></strong></span> <span class='ocrx_word' id='word_1_388' title='bbox 2230 3658 2291 3711; x_wconf 75' lang='grc' dir='ltr'><strong><em>δὲ</em></strong></span> <span class='ocrx_word' id='word_1_389' title='bbox 2338 3654 2577 3728; x_wconf 78' lang='grc' dir='ltr'><strong><em>ὀφείλεις</em></strong></span> <span class='ocrx_word' id='word_1_390' title='bbox 2624 3652 2702 3712; x_wconf 82' lang='grc' dir='ltr'><strong><em>εί-</em></strong></span> 
     </span>
     <span class='ocr_line' id='line_1_41' title="bbox 361 3736 2704 3818; baseline -0.003 -16"><span class='ocrx_word' id='word_1_391' title='bbox 361 3746 533 3806; x_wconf 76' lang='grc' dir='ltr'><strong><em>δέναι,</em></strong></span> <span class='ocrx_word' id='word_1_392' title='bbox 574 3741 660 3795; x_wconf 80' lang='grc' dir='ltr'><strong><em>ὅτι</em></strong></span> <span class='ocrx_word' id='word_1_393' title='bbox 688 3739 832 3793; x_wconf 76' lang='grc' dir='ltr'><strong><em>κατὰ</em></strong></span> <span class='ocrx_word' id='word_1_394' title='bbox 865 3738 963 3792; x_wconf 83' lang='grc' dir='ltr'><strong><em>τὸν</em></strong></span> <span class='ocrx_word' id='word_1_395' title='bbox 992 3738 1166 3810; x_wconf 78' lang='grc' dir='ltr'><strong><em>μάϊον</em></strong></span> <span class='ocrx_word' id='word_1_396' title='bbox 1196 3743 1348 3810; x_wconf 76' lang='grc' dir='ltr'><strong><em>μῆνα</em></strong></span> <span class='ocrx_word' id='word_1_397' title='bbox 1380 3744 1478 3804; x_wconf 79' lang='grc' dir='ltr'><strong><em>τῆς</em></strong></span> <span class='ocrx_word' id='word_1_398' title='bbox 1508 3736 1543 3792; x_wconf 83' lang='grc' dir='ltr'><strong><em>ι’</em></strong></span> <span class='ocrx_word' id='word_1_399' title='bbox 1578 3739 1942 3812; x_wconf 78' lang='grc' dir='ltr'><strong><em>ἑπινεμιὶσεως</em></strong></span> <span class='ocrx_word' id='word_1_400' title='bbox 1980 3746 2075 3796; x_wconf 87' lang='grc' dir='ltr'><strong><em>τοῦ</em></strong></span> <span class='ocrx_word' id='word_1_401' title='bbox 2109 3741 2280 3818; x_wconf 53' lang='grc' dir='ltr'><strong><em>,ςφςέ</em></strong></span> <span class='ocrx_word' id='word_1_402' title='bbox 2314 3739 2469 3800; x_wconf 80' lang='grc' dir='ltr'><strong><em>ἔτους</em></strong></span> <span class='ocrx_word' id='word_1_403' title='bbox 2499 3743 2704 3812; x_wconf 78' lang='grc' dir='ltr'><strong><em>γέγονε</em></strong></span> 
     </span>
     <span class='ocr_line' id='line_1_42' title="bbox 363 3820 2698 3903; baseline -0.002 -18"><span class='ocrx_word' id='word_1_404' title='bbox 363 3829 653 3903; x_wconf 85' lang='grc' dir='ltr'><strong><em>σημείωμα</em></strong></span> <span class='ocrx_word' id='word_1_405' title='bbox 697 3824 850 3895; x_wconf 79' lang='grc' dir='ltr'><strong><em>παρὰ</em></strong></span> <span class='ocrx_word' id='word_1_406' title='bbox 897 3827 995 3877; x_wconf 85' lang='grc' dir='ltr'><strong><em>τοῦ</em></strong></span> <span class='ocrx_word' id='word_1_407' title='bbox 1044 3820 1300 3894; x_wconf 73' lang='grc' dir='ltr'><strong><em>ἀοιδίμου</em></strong></span> <span class='ocrx_word' id='word_1_408' title='bbox 1333 3825 1598 3893; x_wconf 78' lang='grc' dir='ltr'><strong><em>βασιλέως</em></strong></span> <span class='ocrx_word' id='word_1_409' title='bbox 1629 3826 1819 3896; x_wconf 79' lang='grc' dir='ltr'><strong><em>κυρίου</em></strong></span> <span class='ocrx_word' id='word_1_410' title='bbox 1854 3822 2131 3888; x_wconf 79' lang='grc' dir='ltr'><strong><em>ἆλεξίου</em></strong></span> <span class='ocrx_word' id='word_1_411' title='bbox 2166 3830 2266 3879; x_wconf 88' lang='grc' dir='ltr'><strong><em>τοῦ</em></strong></span> <span class='ocrx_word' id='word_1_412' title='bbox 2299 3830 2698 3897; x_wconf 81' lang='grc' dir='ltr'><strong><em>κομνηνοῦ,</em></strong></span> 
     </span>
     <span class='ocr_line' id='line_1_43' title="bbox 361 3907 2701 3988; baseline -0.003 -16"><span class='ocrx_word' id='word_1_413' title='bbox 361 3916 737 3988; x_wconf 74' lang='grc' dir='ltr'><strong><em>διαλαμβάνον</em></strong></span> <span class='ocrx_word' id='word_1_414' title='bbox 771 3907 845 3968; x_wconf 80' lang='grc' dir='ltr'><strong><em>ὥς</em></strong></span> <span class='ocrx_word' id='word_1_415' title='bbox 878 3913 974 3974; x_wconf 79' lang='grc' dir='ltr'><strong><em>τῆς</em></strong></span> <span class='ocrx_word' id='word_1_416' title='bbox 1005 3909 1392 3980; x_wconf 80' lang='grc' dir='ltr'><strong><em>μητροπόλεως</em></strong></span> <span class='ocrx_word' id='word_1_417' title='bbox 1424 3913 1525 3962; x_wconf 86' lang='grc' dir='ltr'><strong><em>τοῦ</em></strong></span> <span class='ocrx_word' id='word_1_418' title='bbox 1568 3911 1842 3978; x_wconf 84' lang='grc' dir='ltr'><strong><em>βασιλείου</em></strong></span> <span class='ocrx_word' id='word_1_419' title='bbox 1886 3909 1977 3963; x_wconf 82' lang='grc' dir='ltr'><strong><em>καὶ</em></strong></span> <span class='ocrx_word' id='word_1_420' title='bbox 2024 3913 2119 3976; x_wconf 79' lang='grc' dir='ltr'><strong><em>τῆς</em></strong></span> <span class='ocrx_word' id='word_1_421' title='bbox 2161 3908 2552 3982; x_wconf 84' lang='grc' dir='ltr'><strong><em>μητροπόλεως</em></strong></span> <span class='ocrx_word' id='word_1_422' title='bbox 2586 3929 2701 3984; x_wconf 85' lang='grc' dir='ltr'><strong><em>μα-</em></strong></span> 
     </span>
     <span class='ocr_line' id='line_1_44' title="bbox 362 3992 2698 4071; baseline -0.003 -16"><span class='ocrx_word' id='word_1_423' title='bbox 362 4001 542 4055; x_wconf 75' lang='grc' dir='ltr'><strong><em>δῦτων</em></strong></span> <span class='ocrx_word' id='word_1_424' title='bbox 565 3999 922 4071; x_wconf 78' lang='grc' dir='ltr'><strong><em>χηρευουσῶν</em></strong></span> <span class='ocrx_word' id='word_1_425' title='bbox 942 3994 1035 4048; x_wconf 77' lang='grc' dir='ltr'><strong><em>καὶ</em></strong></span> <span class='ocrx_word' id='word_1_426' title='bbox 1055 3995 1368 4065; x_wconf 85' lang='grc' dir='ltr'><strong><em>μελλουσῶν</em></strong></span> <span class='ocrx_word' id='word_1_427' title='bbox 1392 3992 1771 4066; x_wconf 72' lang='grc' dir='ltr'><strong><em>ψηφισθῆναι,</em></strong></span> <span class='ocrx_word' id='word_1_428' title='bbox 1810 3995 2173 4059; x_wconf 74' lang='grc' dir='ltr'><strong><em>διανέστησαν</em></strong></span> <span class='ocrx_word' id='word_1_429' title='bbox 2193 3993 2251 4048; x_wconf 79' lang='grc' dir='ltr'><strong><em>οἱ</em></strong></span> <span class='ocrx_word' id='word_1_430' title='bbox 2267 3997 2698 4066; x_wconf 79' lang='grc' dir='ltr'><strong><em>μητροπολῑται,</em></strong></span> 
     </span>
     <span class='ocr_line' id='line_1_45' title="bbox 362 4072 2699 4156; baseline -0.003 -18"><span class='ocrx_word' id='word_1_431' title='bbox 362 4085 392 4138; x_wconf 77' lang='grc' dir='ltr'><strong>ὅ</strong></span> <span class='ocrx_word' id='word_1_432' title='bbox 429 4083 710 4156; x_wconf 73' lang='grc' dir='ltr'><strong><em>ἡρακλείας</em></strong></span> <span class='ocrx_word' id='word_1_433' title='bbox 741 4079 832 4135; x_wconf 77' lang='grc' dir='ltr'><strong><em>καὶ</em></strong></span> <span class='ocrx_word' id='word_1_434' title='bbox 867 4077 896 4132; x_wconf 79' lang='grc' dir='ltr'><strong><em>δ</em></strong></span> <span class='ocrx_word' id='word_1_435' title='bbox 934 4076 1200 4151; x_wconf 73' lang='grc' dir='ltr'><strong><em>ἀγκύρας,</em></strong></span> <span class='ocrx_word' id='word_1_436' title='bbox 1249 4078 1341 4132; x_wconf 84' lang='grc' dir='ltr'><strong><em>καὶ</em></strong></span> <span class='ocrx_word' id='word_1_437' title='bbox 1386 4072 1541 4133; x_wconf 77' lang='grc' dir='ltr'><strong><em>εἶπον</em></strong></span> <span class='ocrx_word' id='word_1_438' title='bbox 1572 4078 1648 4150; x_wconf 74' lang='grc' dir='ltr'><strong><em>μὴ</em></strong></span> <span class='ocrx_word' id='word_1_439' title='bbox 1688 4076 1929 4151; x_wconf 80' lang='grc' dir='ltr'><strong><em>ὀφείλειν</em></strong></span> <span class='ocrx_word' id='word_1_440' title='bbox 1974 4078 2072 4138; x_wconf 79' lang='grc' dir='ltr'><strong><em>τὰς</em></strong></span> <span class='ocrx_word' id='word_1_441' title='bbox 2107 4078 2362 4138; x_wconf 79' lang='grc' dir='ltr'><strong><em>τοιαύτας</em></strong></span> <span class='ocrx_word' id='word_1_442' title='bbox 2395 4078 2699 4144; x_wconf 71' lang='grc' dir='ltr'><strong><em>ἐκκλησίας,</em></strong></span> 
     </span>
     <span class='ocr_line' id='line_1_46' title="bbox 360 4159 2704 4237; baseline -0.002 -16"><span class='ocrx_word' id='word_1_443' title='bbox 360 4166 462 4223; x_wconf 73' lang='grc' dir='ltr'><strong><em>κᾶν</em></strong></span> <span class='ocrx_word' id='word_1_444' title='bbox 496 4164 838 4237; x_wconf 71' lang='grc' dir='ltr'><strong><em>ἐτιμήθησαν</em></strong></span> <span class='ocrx_word' id='word_1_445' title='bbox 874 4168 948 4233; x_wconf 80' lang='grc' dir='ltr'><strong><em>τῷ</em></strong></span> <span class='ocrx_word' id='word_1_446' title='bbox 985 4168 1079 4229; x_wconf 80' lang='grc' dir='ltr'><strong><em>τῆς</em></strong></span> <span class='ocrx_word' id='word_1_447' title='bbox 1109 4161 1497 4235; x_wconf 82' lang='grc' dir='ltr'><strong><em>μητροπόλεως</em></strong></span> <span class='ocrx_word' id='word_1_448' title='bbox 1530 4159 1830 4235; x_wconf 77' lang='grc' dir='ltr'><strong><em>ἀξιώματι,</em></strong></span> <span class='ocrx_word' id='word_1_449' title='bbox 1884 4163 2036 4233; x_wconf 80' lang='grc' dir='ltr'><strong><em>παρὰ</em></strong></span> <span class='ocrx_word' id='word_1_450' title='bbox 2081 4167 2178 4216; x_wconf 88' lang='grc' dir='ltr'><strong><em>τοῦ</em></strong></span> <span class='ocrx_word' id='word_1_451' title='bbox 2224 4166 2427 4234; x_wconf 78' lang='grc' dir='ltr'><strong><em>μέρους</em></strong></span> <span class='ocrx_word' id='word_1_452' title='bbox 2472 4168 2568 4230; x_wconf 73' lang='grc' dir='ltr'><strong><em>τῆς</em></strong></span> <span class='ocrx_word' id='word_1_453' title='bbox 2600 4183 2704 4236; x_wconf 85' lang='grc' dir='ltr'><strong><em>με-</em></strong></span> 
     </span>
     <span class='ocr_line' id='line_1_47' title="bbox 361 4244 2707 4324; baseline 0 -22"><span class='ocrx_word' id='word_1_454' title='bbox 361 4254 529 4324; x_wconf 74' lang='grc' dir='ltr'><strong><em>γάλης</em></strong></span> <span class='ocrx_word' id='word_1_455' title='bbox 561 4249 836 4313; x_wconf 76' lang='grc' dir='ltr'><strong><em>ἐκκλησίας</em></strong></span> <span class='ocrx_word' id='word_1_456' title='bbox 869 4253 1260 4319; x_wconf 72' lang='grc' dir='ltr'><strong><em>ψηφισθῆναι,</em></strong></span> <span class='ocrx_word' id='word_1_457' title='bbox 1315 4244 1447 4302; x_wconf 76' lang='grc' dir='ltr'><strong><em>ἀλλὰ</em></strong></span> <span class='ocrx_word' id='word_1_458' title='bbox 1482 4245 1608 4320; x_wconf 81' lang='grc' dir='ltr'><strong><em>παρ’</em></strong></span> <span class='ocrx_word' id='word_1_459' title='bbox 1649 4245 1860 4309; x_wconf 79' lang='grc' dir='ltr'><strong><em>αὖτῶν,</em></strong></span> <span class='ocrx_word' id='word_1_460' title='bbox 1912 4248 2005 4302; x_wconf 74' lang='grc' dir='ltr'><strong><em>διὰ</em></strong></span> <span class='ocrx_word' id='word_1_461' title='bbox 2039 4248 2102 4301; x_wconf 84' lang='grc' dir='ltr'><strong><em>τὸ</em></strong></span> <span class='ocrx_word' id='word_1_462' title='bbox 2139 4248 2240 4314; x_wconf 73' lang='grc' dir='ltr'><strong><em>τὴν</em></strong></span> <span class='ocrx_word' id='word_1_463' title='bbox 2270 4248 2376 4319; x_wconf 79' lang='grc' dir='ltr'><strong><em>μὲν</em></strong></span> <span class='ocrx_word' id='word_1_464' title='bbox 2409 4248 2707 4313; x_wconf 75' lang='grc' dir='ltr'><strong><em>ἐκκλησίαν</em></strong></span> 
     </span>
     <span class='ocr_line' id='line_1_48' title="bbox 362 4326 2704 4407; baseline -0.002 -18"><span class='ocrx_word' id='word_1_465' title='bbox 362 4341 477 4392; x_wconf 86' lang='grc' dir='ltr'><strong><em>τῶν</em></strong></span> <span class='ocrx_word' id='word_1_466' title='bbox 507 4331 774 4407; x_wconf 74' lang='grc' dir='ltr'><strong><em>μαδῦτων</em></strong></span> <span class='ocrx_word' id='word_1_467' title='bbox 806 4330 1104 4397; x_wconf 74' lang='grc' dir='ltr'><strong><em>ἐπισκοπὴν</em></strong></span> <span class='ocrx_word' id='word_1_468' title='bbox 1119 4326 1259 4388; x_wconf 76' lang='grc' dir='ltr'><strong><em>εἶναι</em></strong></span> <span class='ocrx_word' id='word_1_469' title='bbox 1284 4337 1381 4385; x_wconf 82' lang='grc' dir='ltr'><strong><em>τοῦ</em></strong></span> <span class='ocrx_word' id='word_1_470' title='bbox 1412 4330 1711 4402; x_wconf 69' lang='grc' dir='ltr'><strong><em>ἧρακλείας,</em></strong></span> <span class='ocrx_word' id='word_1_471' title='bbox 1751 4333 1851 4398; x_wconf 72' lang='grc' dir='ltr'><strong><em>τὴν</em></strong></span> <span class='ocrx_word' id='word_1_472' title='bbox 1884 4332 1941 4387; x_wconf 73' lang='grc' dir='ltr'><strong><em>δὲ</em></strong></span> <span class='ocrx_word' id='word_1_473' title='bbox 1973 4330 2258 4406; x_wconf 75' lang='grc' dir='ltr'><strong><em>ἐκκλησίαν</em></strong></span> <span class='ocrx_word' id='word_1_474' title='bbox 2285 4337 2378 4387; x_wconf 89' lang='grc' dir='ltr'><strong><em>τοῦ</em></strong></span> <span class='ocrx_word' id='word_1_475' title='bbox 2411 4334 2704 4401; x_wconf 79' lang='grc' dir='ltr'><strong><em>βασιλείου</em></strong></span> 
     </span>
    </p>
   </div>
  </div>
 </body>
</html>
