2900 4950
1113 279 1228 343 imp.
1267 280 1433 331 isaacii
1471 280 1652 340 Augen.
2422 271 2544 333 533

216 447 421 491 eorum
466 428 747 508 recipere,
792 436 852 489 et
894 428 1210 491 defendere
1254 439 1314 492 et
1355 431 1627 497 homines
1670 440 1729 490 et
1769 431 2111 509 peccuniam
2157 433 2230 493 ab
2274 408 2548 497 omnibus

218 531 488 592 inimicis.
575 531 970 591 Veruntamen
1015 530 1332 609 Imperium
1378 550 1582 592 eorum
1634 549 1753 593 non
1800 531 1974 594 debet
2015 533 2254 595 Venetia
2299 532 2548 597 educere

217 631 431 692 stolum
490 631 576 692 vel
631 629 947 691 exercitum
1007 640 1210 693 contra
1268 632 1551 711 aliquem,
1616 651 1749 693 cnm
1807 650 1924 712 quo
1980 633 2238 696 Venetici
2295 636 2550 698 habeant

219 734 498 793 unionem
546 740 606 792 et
647 749 928 792 amorem.

392 832 602 904 Item,
666 832 716 893 si
777 832 1154 911 imperatoria
1203 831 1489 894 celsitudo
1544 833 1787 895 voluerit
1830 834 2042 896 milites
2097 834 2155 894 in
2205 835 2547 899 Romaniam

220 934 602 997 transducere
646 951 754 1011 per
796 933 1124 1003 Venetiam,
1182 932 1336 995 licite
1381 934 1553 994 faciet
1594 942 1654 996 et
1707 934 1848 1007 hoc,
1917 936 2027 998 nisi
2086 936 2201 1016 ipsi
2256 937 2549 999 manifesti

221 1034 439 1095 inimici
490 1033 726 1094 Venetie
771 1034 1007 1107 fuerint,
1053 1044 1153 1095 aut
1182 1035 1417 1096 Venetia
1463 1036 1739 1114 impedita
1784 1037 1975 1099 suerit.
2063 1038 2209 1099 Nam
2254 1047 2550 1101 transacto

221 1134 643 1213 impedimento
687 1134 882 1196 licebit
923 1135 1011 1195 eis
1058 1134 1326 1209 transire,
1370 1135 1493 1196 sive
1535 1137 1643 1197 soli
1689 1137 1922 1213 suerint,
1966 1138 2086 1199 sive
2129 1157 2264 1199 cum
2295 1139 2546 1201 familiis.

222 1236 380 1296 Talia
428 1235 600 1313 igitur
641 1236 873 1296 servitia
917 1234 1138 1297 debent
1178 1236 1435 1297 Venetici
1495 1236 1748 1315 Imperio
1791 1258 1994 1300 eorum
2040 1250 2100 1302 et
2142 1239 2425 1301 Romauie
2468 1242 2552 1300 sa·

223 1354 389 1410 cere,
443 1337 555 1397 nisi
601 1336 676 1397 ab
719 1337 911 1416 aliqua
955 1346 1366 1401 coronatarum
1419 1357 1807 1417 personarum
1852 1339 1938 1400 vel
1981 1358 2325 1418 magnarum
2370 1349 2554 1401 terra-

223 1456 355 1498 rum
401 1437 766 1499 manifestam
811 1437 1170 1499 inimicitiam
1218 1437 1502 1510 habeant,
1559 1439 1707 1499 adeo
1761 1440 1918 1519 quod
1971 1440 2081 1520 ipsi
2126 1441 2423 1503 servitium
2469 1442 2554 1502 t'a-

224 1558 360 1599 cere
404 1547 719 1618 nequeant,
764 1538 893 1599 sine
939 1539 1141 1598 sraude
1186 1548 1245 1600 et
1287 1539 1439 1599 malo
1485 1539 1739 1617 ingenio.

395 1640 568 1700 ltem
617 1639 805 1701 Duces
849 1639 1122 1711 Venetie,
1179 1639 1279 1718 qui
1325 1658 1433 1718 per
1475 1648 1738 1719 tempora
1784 1649 1987 1714 erunt,
2027 1641 2344 1720 jurabunt,
2394 1645 2550 1721 quod

222 1740 478 1819 Imperio
521 1739 651 1819 ejus
694 1749 752 1801 et
794 1740 1110 1801 heredibus
1154 1739 1284 1819 ejus
1329 1742 1604 1802 ma'sculis
1648 1752 1707 1803 et
1752 1742 2143 1816 mulieribus⁹‚
2189 1743 2287 1821 qui
2334 1751 2395 1803 et
2437 1760 2553 1821 que

222 1840 614 1920 imperabunss
656 1840 744 1900 vel
790 1841 921 1913 hiis,
969 1842 1068 1920 qui
1110 1861 1181 1902 ex
1225 1850 1503 1920 precepto
1534 1861 1734 1902 eorum
1780 1843 2169 1922 imperabunt,
2217 1843 2553 1904 fidelitatem

226 1988 242 2003 .
290 1988 306 2003 .
352 1988 367 2002 .
415 1941 769 2003 debebunt¹⁰
810 1942 1066 2016 venetie,
1111 1943 1436 2003 secundum
1484 1944 1638 2021 quod
1688 1963 1844 2004 nunc
1873 1943 2003 2004 Dux
2025 1944 2282 2017 Venetie‚
2328 1946 2553 2006 Aureus

223 2044 501 2122 Magistro
543 2042 769 2111 Petrus,
806 2041 1039 2120 juravit.
1091 2064 1106 2076 ·

399 2142 700 2204 Debitores
743 2142 867 2203 fisci
912 2152 972 2203 et
1015 2142 1367 2203 Romeorum
1409 2143 1661 2204 reddent
1704 2144 1919 2217 omnia,
1966 2164 2079 2224 que
2115 2164 2184 2205 ex
2216 2144 2411 2204 debito
2455 2144 2557 2205 de-

229 2246 388 2306 bent.
477 2243 553 2305 Et
594 2243 643 2303 si
690 2241 919 2331 denitur
962 2262 1080 2303 non
1125 2243 1331 2316 habet,
1392 2245 1547 2304 unde
1605 2245 1863 2307 debitum
1910 2245 2147 2316 reddat,
2202 2245 2375 2307 debet
2431 2263 2558 2306 cre-

225 2348 383 2409 ditor
424 2345 641 2406 habere
679 2343 972 2423 justiciam
1017 2345 1091 2404 de
1136 2344 1400 2405 debitore
1415 2363 1432 2419 ;
1490 2347 1541 2407 si
1587 2357 1781 2407 autem
1828 2346 1918 2408 liis
1975 2346 2210 2419 obierit,
2271 2346 2343 2407 de
2388 2346 2559 2407 here·

227 2448 453 2511 dibus¹¹
500 2447 647 2528 ejus.
1239 2450 1249 2463 ⁸

395 2549 607 2622 Item,
653 2549 703 2610 si
747 2548 1019 2608 inimicus
1064 2547 1443 2627 Imperatorio
1489 2548 1854 2610 celsitudinis
1887 2548 2293 2629 supervenerit
2334 2548 2407 2610 ad
2452 2548 2560 2608 im-

227 2651 605 2732 pugnandum
650 2661 867 2711 terram
912 2648 1147 2728 Imperii
1192 2669 1427 2722 eorum,
1488 2650 1547 2710 in
1611 2670 1723 2729 qna
1745 2651 1783 2682 ¹²
1827 2652 2081 2713 Venetici
2126 2659 2294 2725 sunt,
2342 2649 2561 2711 debent

231 2753 342 2833 ipsi
391 2752 705 2813 defendere
751 2769 900 2822 eam,
945 2758 1004 2810 et
1045 2751 1345 2811 inimicum
1393 2751 1683 2828 expellere
1728 2752 1802 2813 ab
1847 2753 2180 2832 hujusmodi
2225 2762 2400 2826 terma,
2447 2751 2562 2812 vel-

227 2853 334 2915 luti
377 2860 645 2931 possunt,
691 2850 844 2911 bona
891 2852 1006 2911 fide
1050 2861 1107 2911 et
1152 2852 1280 2911 sine
1323 2852 1546 2912 fraude.

402 2952 566 3012 Hanc
609 2952 804 3030 itaque
847 2952 1293 3013 conventionem
1339 2953 1567 3013 firmam
1613 2962 1672 3012 et
1712 2961 2142 3014 sacramentum
2190 2955 2421 3014 firmum
2453 2953 2562 3012 Ve-

230 3054 404 3116 netici
452 3052 862 3124 observabunt,
909 3061 969 3113 et
1011 3072 1204 3132 neque
1249 3052 1323 3112 ob
1369 3053 1585 3113 illatam
1632 3053 1717 3112 eis
1748 3053 1893 3112 iram
1929 3072 2165 3132 semper
2195 3052 2561 3113 memorandi

230 3154 609 3234 Imperatoris
640 3154 1114 3234 porphyrogeniti
1159 3153 1377 3214 domini
1412 3152 1715 3223 Manuelis‚
1761 3171 1953 3232 neque
1994 3153 2069 3212 ob
2102 3152 2355 3233 aliquam
2387 3151 2559 3214 aliam

230 3256 600 3319 occasionem
646 3254 733 3316 eis
777 3256 984 3316 factam
1031 3253 1366 3333 hujusmodi
1413 3263 1843 3314 sacramentum
1875 3253 2212 3333 infringerit,
2260 3273 2452 3332 neque
2482 3255 2559 3315 ob

230 3365 574 3439 preceptum
621 3357 707 3418 vel
752 3356 1018 3418 timorem
1066 3355 1312 3435 alicujus
1356 3363 1768 3417 coronatorum
1814 3355 1901 3415 vel
1958 3373 2079 3415 non
2126 3363 2559 3428 coronatorum,

193 3461 426 3540 'neque
470 3459 545 3519 ob
598 3458 1049 3520 ecclesiasticam
1108 3456 1776 3518 excommunicacionem
1834 3457 1920 3517 vel
1976 3457 2401 3518 absolutionem
2459 3456 2564 3517 ali·

232 3561 403 3641 cujus
451 3561 812 3640 pontificum,
857 3571 960 3620 aut
1000 3559 1187 3637 ipsius
1232 3577 1381 3638 pape
1428 3559 1693 3620 Romani.
1783 3558 1965 3637 Igitur
2006 3559 2116 3619 hec
2159 3559 2353 3619 omnia
2378 3558 2565 3619 Vene-

229 3663 331 3727 tici
376 3662 768 3724 observabunt
813 3661 965 3721 bona
1010 3661 1126 3721 fide
1171 3668 1231 3720 et
1272 3660 1400 3720 sine
1446 3660 1683 3732 fraude,
1740 3679 2049 3740 quousque
2094 3671 2151 3722 et
2194 3660 2266 3721 ab
2310 3659 2566 3739 Imperio

234 3764 365 3843 ejus
410 3763 721 3825 et.t'uturis
765 3761 1222 3839 Imperator-ibus
1266 3760 1491 3838 integre
1534 3769 1956 3823 conserventur
1998 3780 2097 3833 ea,
2153 3779 2267 3840 que
2322 3759 2566 3838 promit-

235 3875 442 3927 tuntur
485 3863 712 3924 nobis¹³
756 3882 787 3923 a
833 3861 1073 3922 domino
1117 3861 1478 3939 Imperatore
1509 3860 1905 3922 Romanorum
1952 3870 2012 3923 et
2054 3879 2290 3939 semper
2317 3867 2563 3937 augusto

237 3967 475 4028 donnino
518 3965 780 4044 Ysaakyo
825 3962 1044 4040 Angelo
1087 3980 1195 4041 per
1238 3960 1649 4039 chrysobulum
1688 3960 1923 4039 Imperii
1969 3960 2161 4039 eJus.“

301 4189 308 4198 ,
375 4129 397 4160 ⁹
431 4134 614 4186 Narin:
653 4135 852 4200 sentinis.
1059 4127 1097 4156 ¹⁰
1133 4131 1270 4180 Hunc
1306 4129 1466 4178 locum
1503 4128 1626 4177 haud
1665 4129 1808 4178 dubie
1845 4130 2124 4178 lacunosum
2163 4129 2233 4177 sic
2269 4126 2424 4190 explet
2454 4128 2569 4178 Nov.

239 4219 353 4268 XCV
391 4219 538 4269 infra:
580 4220 772 4282 „fldem‚
809 4217 1064 4268 servabunt
1090 4215 1231 4264 etiam
1260 4228 1362 4263 eam
1392 4220 1556 4262 contra
1594 4227 1782 4261 omnem
1808 4214 2047 4262 hominem
2085 4218 2362 4262 coronatum
2400 4219 2448 4260 et
2469 4226 2566 4261 non

241 4308 539 4366 coronatum,
575 4303 699 4354 salvo
737 4319 794 4354 eo
830 4303 963 4367 quod
998 4315 1084 4365 per
1113 4300 1437 4365 juramentum
1477 4298 1653 4347 debent
1688 4297 1933 4347 Venetie.“
2085 4294 2113 4322 '¹
2152 4296 2329 4350 marin:
2372 4300 2412 4346 is
2449 4299 2571 4348 obiet

243 4390 301 4438 ab
339 4389 433 4437 her.
573 4384 607 4413 '²
644 4388 804 4438 ldem:
844 4391 925 4439 ubi
959 4395 1002 4438 et
1037 4390 1087 4437 in
1123 4403 1229 4451 quu-
1369 4381 1404 4410 ⁸³
1440 4385 1587 4434 Deest
1621 4383 1747 4446 apud
1785 4382 1950 4432 Mario.
