2900 4950
370 295 494 358 484
1152 308 1271 358 eon.
1310 309 1380 358 ιν.
1451 309 1563 358 nov.
1604 308 1754 359 anx.
1791 309 1918 359 Lxx.

368 457 539 543 πρὸς
584 457 903 543 ἐρώτησιν
946 457 1111 544 ἔλθῃ
1157 459 1274 543 τῆς
1318 456 1658 540 ἐκκλησίας
1668 509 1687 538 ,
1747 451 1916 524 ἀλλὰ
1971 460 2079 524 καὶ
2126 459 2261 543 πρὸ
2303 460 2421 543 τῆς
2464 455 2729 544 ἐρωτή-

370 584 537 637 σεως
604 559 698 637 εἷς
753 559 939 643 ἔργον
1007 553 1363 643 ἀποβᾶσαν
1432 547 1639 636 αὖθις
1707 560 2127 642 διαιρεῒσθαι
2194 559 2299 624 καὶ
2369 559 2727 642 διατέμνε-

368 668 540 728 σθαι
602 656 719 727 ὅτε
790 662 896 726 καὶ
970 661 1170 747 φύσει
1232 659 1338 724 καὶ
1396 663 1571 744 θείῳ
1643 658 1824 745 νόμῳ
1896 669 2489 743 προσπταίουσαν·
2557 662 2725 744 δίχα

366 770 594 847 μέντοι
659 762 793 828 τών
859 766 1049 844 μέχρι
1114 759 1266 827 τότε
1335 759 1749 846 φθασάντων
1816 760 2284 848 ἐκτελεσθῆναι
2349 760 2578 847 γάμων
2645 762 2724 829 ἐκ

366 869 485 931 τοῦ
541 863 849 931 τοιούτου
902 866 1196 949 βαθμοῦ.
1287 856 1364 927 οὗ
1418 860 1624 945 μόνον
1693 862 1795 941 δὲ,
1866 857 2034 929 ἀλλὰ
2089 866 2208 929 καὶ·
2253 862 2409 941 τοὺς
2462 864 2719 948 τολμή-

369 990 614 1044 σαντας
637 963 823 1049 παρὰ
844 964 958 1052 τὴν
989 962 1335 1052 συνοδικὴν
1363 962 1605 1050 ταύτην
1655 960 1939 1055 κύρωσιν
1982 962 2496 1049 διαπράξασθαι
2537 963 2716 1048 μετὰ

367 1071 485 1156 τῆς
529 1065 958 1144 διασπάσεως
985 1069 1092 1132 καὶ
1125 1060 1482 1152 ἆφορισμῷ
1512 1062 2068 1149 καθυπάγεσθαι,
2114 1068 2225 1131 καὶ
2253 1063 2408 1145 τοὺς
2439 1064 2723 1144 ἐκείνοις

370 1170 444 1236 δὲ
487 1174 998 1246 συναινέσαντος
1050 1170 1168 1252 τῆς
1222 1168 1566 1252 κανονικῆς
1622 1169 2002 1250 πειρᾶσθαι
2058 1166 2482 1254 δριμύτητος·
2540 1163 2723 1233 ἀλλὰ

367 1268 480 1337 καὶ
532 1270 688 1348 τοὺς
744 1266 1290 1355 ἱερολογήσαντας
1342 1272 1737 1351 καθαιρέσει
1798 1267 2470 1354 καθυποβάλλεσθαι.
2559 1267 2719 1335 ἐπεὶ

370 1373 442 1438 δὲ
498 1370 718 1436 πολλὰ
776 1369 1102 1447 πολλάκις
1163 1376 1607 1454 προβαίνουσι
1660 1368 2168 1455 συναλλάγματα
2220 1372 2389 1454 μετὰ
2441 1373 2578 1437 τῶν
2646 1370 2721 1436 ἐκ

365 1474 696 1559 βασιλέων
749 1479 975 1558 γένους
1027 1473 1135 1536 καὶ
1192 1474 1334 1539 τῶν,
1383 1468 1601 1536 ἄλλων
1647 1464 2121 1555 εὐγενεστάτων
2170 1474 2279 1538 καὶ
2337 1471 2719 1556 περιδόξων

370 1575 439 1642 ἐν
498 1570 862 1657 ἀξιώμασι,
934 1578 1040 1637 καὶ
1100 1574 1231 1636 τῶν
1292 1571 1364 1651 ἐξ
1415 1565 1817 1639 ἀλλοδαπῶν
1868 1575 2130 1657 χωρῶν,
2201 1562 2293 1640 ὧν
2357 1574 2546 1660 ῥῆγες
2602 1576 2719 1640 καὶ

369 1682 723 1761 πρίγκιπες
764 1671 1070 1759 ἄρχουσι,
1128 1677 1587 1758 μεταγομένων
1632 1673 2019 1757 προσώπων
2065 1674 2179 1742 ἐπὶ
2234 1673 2351 1762 τὴν
2392 1676 2720 1762 βασιλίδα

370 1780 502 1842 τῶν
546 1773 840 1852 πόλεων,
902 1771 1075 1858 ὅπερ
1122 1768 1236 1839 ούκ
1281 1771 1436 1840 ἄνευ
1481 1776 1598 1860 τῆς
1638 1777 1757 1839 τοῦ
1812 1770 2130 1861 ἡμετέρου
2174 1776 2451 1861 κράτους
2492 1776 2720 1843 κελεύ-

370 1901 540 1956 σεως
584 1877 1052 1943 συντελεῖσθαι
1097 1874 1366 1954 πάντως
1409 1875 1807 1961 πεφύκασιν,
1855 1875 1921 1943 έν
1954 1878 2201 1964 εἷδήσει
2242 1885 2560 1964 γενέσθαι
2602 1881 2716 1944 καὶ

368 1978 485 2066 τὴν
529 1974 714 2066 ἡμῶν
756 1978 1102 2065 βασιλείαν
1137 1980 1269 2043 τῶν
1302 1974 1664 2056 συνοδικῶς
1691 1985 2125 2063 κυρωθέντων
2156 1983 2309 2066 περὶ
2341 1983 2460 2046 τοῦ
2488 1979 2713 2045 τοιού-

368 2103 487 2146 του
533 2074 888 2166 ἀναγκαίου
935 2079 1296 2166 ζητήματος
1345 2068 1423 2165 ἧν
1471 2077 1918 2161 δικαιότατον,
1977 2084 2090 2149 ἵνα
2141 2080 2231 2167 μὴ
2286 2080 2454 2149 κατὰ
2497 2080 2716 2168 λήθην

372 2182 535 2260 ἴσως
578 2178 882 2265 ἄθεσμόν
926 2206 993 2246 τι
1035 2183 1339 2246 τοιοῦτον
1371 2188 1657 2268 συμβαίη
1705 2180 2146 2266 συνάλλαγμα,
2191 2182 2303 2248 καὶ
2332 2194 2479 2261 τοῖς
2508 2182 2720 2267 ἱεροῖς

368 2281 603 2349 κανόσι
631 2286 740 2349 καὶ
769 2292 915 2360 τοῒς
944 2291 1242 2364 νομικοῖς
1276 2275 1733 2348 ἀνακόλουθον
1767 2281 2224 2367 διατάγμασιν,
2272 2283 2340 2350 ἒν
2370 2284 2569 2351 πόλει
2602 2287 2717 2352 καὶ

368 2387 579 2451 ταῦτα
620 2382 856 2471 ταύτῃ,
924 2385 1162 2448 πασῶν
1217 2384 1338 2466 μὲν
1382 2388 1856 2471 προκαθημένῃ
1902 2386 1996 2469 τῷ
2039 2387 2156 2469 τῆς
2199 2378 2721 2470 αὐτοκρατορίας

370 2492 697 2570 στέμματι
738 2511 810 2552 τε
853 2486 960 2550 καὶ
1022 2483 1408 2571 διαδήματι,
1468 2485 1694 2570 νόμοις
1757 2486 1829 2552 δὲ
1878 2485 2044 2553 κατὰ
2094 2490 2232 2554 πᾶν
2288 2489 2715 2575 διεξαγομένῃ

369 2591 476 2654 καὶ
523 2588 618 2665 εἷς
659 2585 881 2652 κοινὸν
925 2592 1320 2673 προκειμένῃ
1368 2590 1485 2670 τῆς
1525 2583 1838 2670 εὐνομίας
1883 2592 2090 2655 πᾶσιν
2132 2584 2525 2674 ὑπόδειγμα.

544 2687 625 2753 α’.
660 2688 1018 2774 Τοιγάρτοι
1046 2695 1153 2754 καὶ
1184 2684 1223 2772 ἡ
1253 2689 1562 2772 βασιλεία
1589 2684 1774 2776 ἡμῶν
1804 2688 1920 2775 τὴν
1952 2689 2295 2777 συνοδικὴν
2325 2690 2566 2776 ταύτην
2598 2690 2719 2758 ἐπὶ

368 2794 464 2877 τῷ
512 2790 860 2876 ζητηθέντι
906 2782 1262 2873 ἀπόκρισιν
1276 2840 1293 2869 ,
1356 2784 1470 2856 εἴτ’
1520 2784 1802 2877 ἀληθὲς*
1859 2790 2072 2857 εἰπεῖν
2131 2787 2558 2879 όροθέτησιν,
2624 2789 2719 2871 ὥς

372 2892 714 2977 ἑπομένως
755 2901 900 2970 τοῖς
942 2897 1164 2970 θείοις
1200 2889 1432 2957 κανόσι
1461 2894 1568 2958 καὶ
1598 2903 1744 2971 τοῖς
1774 2886 2281 2971 ἆποστολικοῒςῦ
2325 2893 2717 2961 ἔκτεθεῒσαν

371 2981 603 3080 νόμοις
659 2993 987 3078 ἐπέκρινε,
1055 2996 1162 3059 καὶ
1219 2999 1478 3077 κρατεῖν
1537 2993 1630 3073 εἷς
1682 2993 1759 3060 τὸ
1818 2993 1965 3080 ἑξῆς
2027 2996 2135 3060 καὶ
2202 2987 2719 3080 ἇμετατρέπτως

373 3096 541 3179 ἔχειν
586 3094 680 3174 εἷς
723 3095 800 3160 τὸ
847 3095 1135 3182 διηνεκὲς
1180 3095 1554 3179 διορίζεται,
1601 3100 1717 3181 τῆς
1762 3090 1961 3182 αὐτῆς
2004 3098 2411 3161 κοινωνοῦσα
2452 3096 2719 3183 γνώμης

372 3195 490 3264 ἐπὶ
533 3200 611 3283 τῇ
657 3196 842 3263 λύσει
885 3200 1002 3263 τοῦ
1048 3203 1482 3281 προκειμένου
1531 3197 1892 3283 ζητήματος
1939 3200 2033 3283 τῷ
2078 3222 2151 3264 τε
2194 3193 2539 3282 ἁγιωτάτῳ
2582 3222 2716 3281 μου

373 3298 684 3384 δεσπότῃ,
710 3300 817 3363 καὶ
865 3298 1288 3383 οἷκουμενικῷ
1334 3296 1706 3384 πατριάρχῃ
1750 3298 1861 3364 καὶ
1905 3302 1982 3385 τῇ
2030 3299 2172 3385 ἱερᾷ
2213 3303 2322 3365 καὶ
2353 3295 2515 3385 θείᾳ
2556 3323 2717 3365 συν-

373 3399 525 3484 όδῳ.
617 3398 676 3464 εἰ
728 3397 851 3483 γὰρ
898 3396 1014 3463 ἐπὶ
1054 3401 1187 3464 τῶν
1241 3399 1313 3479 ἐξ
1365 3393 1739 3484 ἀγχιστείας
1794 3397 2346 3484 συναλλαγμάτων
2402 3400 2610 3480 ἐστὶν,
2669 3399 2719 3467 ἃ

370 3509 515 3575 τοῖς
559 3497 789 3582 νόμοις
843 3497 1208 3565 κωλύονται
1262 3502 1377 3583 τῆς
1422 3494 1824 3584 εὐπρεπείας
1875 3499 2065 3584 χάριν
2109 3503 2216 3566 καὶ
2262 3505 2379 3567 τοῦ
2420 3501 2509 3588 μὴ
2556 3524 2718 3587 συγ-

370 3604 651 3683 χέεσθαι
692 3598 776 3665 τὰ
822 3593 1143 3684 ὀνόματα,
1204 3601 1432 3685 πολλῷ
1477 3601 1730 3682 μᾶλλον
1772 3596 1944 3666 τοῦτ’
1995 3595 2074 3668 ἂν
2119 3600 2413 3668 ἐνταῦθα
2453 3604 2719 3690 παρῤή-

374 3700 716 3780 σιάσαιτο,
773 3700 943 3768 ἔνθα
997 3704 1106 3767 καὶ
1148 3699 1226 3765 τὸ
1272 3695 1573 3785 ἀπρεπὲς
1613 3700 1784 3786 μετὰ
1825 3706 1941 3789 τῆς
1982 3707 2115 3769 τῶν
2172 3697 2512 3789 ὀνομάτων
2555 3729 2716 3791 συγ-

370 3803 637 3888 χύσεως,
686 3797 856 3869 ἀλλὰ
901 3800 977 3887 δὴ
1021 3803 1129 3867 καὶ
1174 3796 1214 3887 ἦ
1260 3805 1377 3867 τοῦ
1424 3807 1770 3888 συγγενοῦς
1813 3804 2094 3887 αἵματος
2138 3798 2519 3892 ἇλογωτάτη
2556 3807 2717 3891 σύγ-

372 3929 603 3990 κρασις
646 3906 754 3971 καὶ
800 3898 1128 3985 ἄνάχυσις.
1218 3902 1331 3969 ἵνα
1371 3908 1439 3969 τί
1480 3904 1589 3969 καὶ
1635 3903 1856 3990 δεήσει
1882 3916 2027 3984 τοῖς
2072 3906 2390 3992 ἐγγυτέρω
2418 3910 2524 3971 καὶ
2553 3902 2716 3972 καθ’

374 4003 541 4090 αἷμα
586 4011 1064 4094 συνηνωμένοις
1108 4004 1447 4089 ἐπιμιξίας
1505 4004 1728 4092 ἑτέρας
1770 4004 1881 4072 καὶ
1924 4007 2377 4090 συνενώσεωςς
2445 4006 2726 4089 ἐκείνοις

374 4107 495 4193 γὰρ
553 4107 823 4187 πάντως
875 4110 1109 4194 χρῆναι
1164 4105 1280 4174 τὸν
1336 4106 1702 4192 σύνδεσμον
1746 4110 1856 4173 καὶ
1880 4108 2014 4195 -τὴν
2058 4112 2189 4175 τῶν
2230 4107 2459 4196 γάμων
2517 4110 2727 4176 συνά-

375 4233 573 4294 φειαν
618 4208 1231 4295 πραγματεύεσθαι,
1280 4202 1381 4287 οἷς
1409 4210 1517 4278 καὶ
1563 4204 1601 4296 ἡ
1648 4216 1900 4295 πηγαῖα
1935 4213 2053 4275 τοῦ
2099 4211 2379 4296 αἵματος
2423 4210 2727 4297 πρόοδος

381 4356 478 4364 —-

510 4424 532 4451 ⁴
569 4426 694 4476 Bais.
735 4421 765 4485 ἢ
807 4420 1049 4485 τάληθές.
1193 4427 1214 4456 ⁶
1248 4430 1376 4482 Bais.
1410 4427 1726 4488 πολιτικοῖς,
1766 4433 1898 4496 quod
1933 4441 2160 4499 praestat.
