2900 4950
1037 283 1154 347 lmp.
1191 282 1422 333 umnelin
1462 284 1712 335 comneni.
2415 276 2532 338 451

197 434 538 518 χριστοῦ
598 430 930 515 δηλονότι,
981 429 1137 511 τοὺς
1192 425 1273 499 δι’
1324 426 1524 498 αὐτὸν
1579 429 1694 497 τὸν
1750 433 2000 520 μονήρη
2054 439 2203 519 βίον
2254 438 2539 521 προελο-

199 539 438 618 μένους
478 535 586 599 καὶ
631 531 748 619 τὴν
791 533 1177 600 πανοπλίαν
1222 534 1698 616 ένδυσαμένους
1745 536 1863 599 τοῦ
1908 534 2313 617 πνεύματος,
2377 561 2542 620 συμ-

199 634 452 719 μάχους
505 635 671 717 ἔχειν
730 637 840 714 καὶ
898 633 1356 714 συνασπιστᾶς
1418 632 1721 718 ἰσχυροὺς
1776 634 1942 702 κατὰ
2000 640 2134 702 τῶν
2191 632 2539 721 ὁρωμένων

201 739 310 802 καὶ
355 731 657 821 άοράτων
702 735 996 822 ἐχθρῶν·
1053 740 1147 823 τῷ
1210 731 1447 823 ἀγαθῷ
1508 735 1731 822 ἐκείνῳ
1791 738 2080 823 θεμελίῳ
2136 739 2245 804 καὶ
2290 736 2540 825 ὄροφον

203 837 551 904 ἐπιθεῖναι
596 831 918 923 ἀνάλογον
959 833 1341 924 ᾗρετίσατο,
1399 836 1512 904 καὶ
1554 836 1668 904 τὸν
1702 836 2015 923 ,παρόντα
2052 839 2539 924 χρυσόβουλλον

204 933 608 1004 ἀπολέλυκεν
654 932 955 1024 εὐλόγως,
1006 933 1087 1004 δι’
1138 928 1218 1005 οὗ
1260 939 1574 1019 θεσπίζει
1616 940 1723 1005 καὶ
1772 937 2146 1024 διορίζεται,
2195 940 2415 1007 πάντα
2457 943 2542 1011 τὰ

204 1040 488 1126 σήμερον
546 1038 869 1123 νεμόμενα
934 1034 1204 1126 ἀκίνητα
1262 1039 1447 1125 παρὰ
1499 1044 1631 1106 τῶν
1697 1037 1961 1107 ἄνωθεν
2021 1034 2538 1130 άριθμηθέντων

202 1147 663 1227 μοναστηρίων
705 1135 748 1228 ἢ
790 1144 896 1207 καὶ
940 1137 1436 1229 ἦσυχαστηρίων
1483 1136 1522 1228 ἢ
1563 1141 1673 1208 καὶ
1729 1135 2228 1225 άναχωρητικῶν
2269 1144 2539 1211 κελλίων

203 1237 248 1329 ἢ
303 1243 559 1326 λαυρῶν
615 1244 723 1308 καὶ
769 1237 1001 1321 ἅπλῶς
1059 1250 1570 1330 κατοικητηρίων
1623 1245 2024 1327 μοναχικῶν,
2089 1237 2208 1309 κᾶν
2277 1243 2399 1329 οἵῳ
2459 1239 2539 1311 ἂν

201 1344 511 1410 καλοῖντο
557 1340 852 1428 ὀνόματι,
898 1344 1052 1423 τούς
1095 1369 1169 1411 τε
1207 1351 1589 1429 παροίκους,
1633 1342 1717 1409 τά
1747 1337 2119 1428 αὗτούργια,
2166 1343 2284 1422 τὰς
2326 1371 2540 1430 πανη-

200 1445 436 1531 γύρεις,
481 1442 635 1522 τοὺς
679 1444 947 1532 φόρους,
993 1444 1147 1524 τοὺς
1190 1444 1460 1530 πόρους,
1507 1443 1627 1522 τὰς
1669 1445 1930 1528 λίμνας,
1978 1443 2131 1523 τοὺς
2172 1444 2535 1529 ποταμοὺς,

201 1544 287 1612 τὰ
330 1545 678 1613 θαλάσσια
723 1547 962 1626 δίκαια,
1008 1549 1117 1614 καὶ
1161 1548 1502 1633 καθολικῷ
1545 1544 1717 1632 λόγῳ
1761 1546 2238 1629 οἱονδηποτοῦν
2284 1547 2538 1613 δίκαιον

205 1648 273 1716 έν
320 1642 652 1732 ἀκινήτοις
693 1645 978 1734 κτήμασι
1019 1647 1484 1733 θεωρούμενον
1526 1651 1634 1714 καὶ
1681 1646 1748 1714 ἒν
1792 1645 2128 1734 οἱῳδήτινι
2170 1646 2360 1733 τόπῳ
2392 1650 2540 1715 δια-

200 1756 497 1833 κείμενον
552 1743 709 1833 παρ’
759 1743 976 1816 αὐτῶν
1028 1748 1458 1833 κατεχόμενον
1512 1752 1658 1828 νῦν,
1729 1743 1830 1835 ἐφ’
1879 1737 1936 1834 ᾦ
1992 1747 2296 1831 δηλονότι
2348 1754 2540 1833 μέχρι

199 1855 319 1917 τοῦ
377 1854 489 1916 νῦν
549 1847 663 1916 οὐκ
720 1848 927 1936 ἐδόθη
984 1850 1246 1928 τούτοις
1304 1850 1657 1935 διάγνωσις
1710 1846 1897 1933 παρὰ
1937 1851 2071 1914 τῶν
2114 1847 2280 1915 κατὰ
2320 1849 2537 1935 χώραν

204 1947 635 2037 ἆναγραφὲων
679 1949 756 2016 τὸ
800 1954 917 2016 τοῦ
966 1948 1286 2037 δημοσίου
1328 1956 1528 2034 μέρος
1572 1949 1683 2016 ἐπὶ
1728 1947 1940 2033 τούτῳ
1982 1949 2532 2031 προσδικαιοῢσα,

204 2054 371 2137 ἔχειν
414 2052 535 2130 τὰς
579 2053 901 2139 ῥηθείσας
942 2050 1151 2135 μονὰς
1193 2049 1360 2116 κατὰ
1417 2052 1675 2137 διηνεκῆ
1735 2045 2130 2115 δεσποτείαν
2182 2046 2271 2127 ὠς
2327 2051 2538 2134 δῶρον

200 2159 310 2223 καὶ
371 2156 785 2243 φιλοτίμημα
840 2155 958 2239 τῆς
1012 2153 1358 2236 βασιλείας
1407 2175 1569 2235 μου,
1625 2151 1732 2216 καὶ
1794 2148 2141 2228 δεσπόζειν
2186 2144 2400 2215 αὐτῶν
2445 2149 2540 2229 εἷς

199 2255 355 2335 τοὺς
420 2255 567 2343 ἑξῆς
620 2250 922 2331 ἅπαντας
979 2255 1091 2318 καὶ
1148 2253 1465 2340 διηνεκεῖς
1520 2250 1822 2337 χρόνους,
1888 2244 2008 2316 κᾶν
2075 2243 2356 2335 εὐλόγως
2419 2245 2538 2318 κᾶν

198 2357 598 2443 παραλόγως
640 2353 890 2422 τούτων
933 2354 1084 2421 τινὰ
1124 2347 1168 2440 ἢ
1210 2352 1294 2420 τὰ
1336 2350 1461 2419 ὅλα
1505 2352 1669 2431 ἰ’σως
1726 2352 1850 2429 ἕως
1899 2353 2016 2416 τοῦ
2060 2353 2173 2417 νῦν
2218 2361 2534 2433 κατεῖχον,

199 2455 320 2539 κᾶν
366 2461 515 2542 δίχα
556 2456 738 2536 τινὸς
783 2455 1255 2541 δικαιώματος,
1312 2450 1357 2543 ἢ
1410 2449 1551 2522 ἀπὸ
1608 2451 2070 2537 δικαιωμάτων
2122 2453 2271 2536 μὲν,
2324 2454 2539 2531 κακῶς

201 2564 274 2629 δὲ
318 2561 597 2646 ἐχόντων
637 2554 681 2647 ἢ
724 2559 991 2644 ψευδῶς
1035 2563 1503 2625 συντεθέντων.
1572 2554 1795 2622 πάντα
1836 2553 1959 2645 γᾲρ
2002 2553 2087 2620 τὰ
2131 2548 2284 2638 παρ’
2320 2548 2536 2620 αὐτῶν

197 2662 597 2746 κατεχόμενα
652 2661 720 2729 ἐν
778 2659 1116 2748 οἱῳδήτινι
1172 2664 1423 2742 θέματι
1473 2656 1642 2724 κατά
1683 2680 1756 2723 τε
1802 2654 1991 2722 δόσιν
2035 2657 2142 2721 καὶ
2190 2649 2532 2740 ἀνατολὴν,

198 2791 317 2831 καν
364 2763 434 2842 ἐξ
476 2757 693 2829 αὐτῶν
740 2762 834 2840 εἷς
878 2760 1323 2847 ἔνδιαίτημαό
1363 2761 1497 2824 τῶν
1538 2755 1706 2824 κατὰ
1747 2754 1864 2843 τὴν
1907 2752 2152 2841 ἡμέραν
2183 2756 2530 2839 βασιλέων,

198 2891 318 2932 καν
365 2859 523 2984 ἀπὸ,ι
547 2860 939 2946 κλασμάτων
984 2883 1128 2939 ωσι,
1193 2886 1313 2925 καν
1359 2854 1498 2925 απὸ
1544 2860 2007 2941 συμπαθειῶν,
2059 2882 2098 2941 η
2146 2880 2534 2940 αποκεκινη-

198 2971 434 3050 μένων,
479 2959 523 3051 ἢ
568 2959 1001 3040 ὅλοπτώτων,
1051 2955 1093 3046 ἢ
1138 2954 1277 3025 άπὸ
1318 2961 1654 3024 ταπεινῶν
1695 2958 2101 3040 τελουμένων
2146 2956 2448 3038 διαρίων,
2494 2946 2537 3043 ἢ

202 3062 342 3134 άπὸ
386 3066 719 3132 ταπεινῶν
760 3063 1408 3144 κλασματισθέντων,
1453 3053 1498 3144 ἢ
1539 3058 1644 3123 καὶ
1676 3057 1984 3134 δυνατοῖς
2021 3056 2536 3137 διαπραθέντων

199 3162 243 3254 ἢ
296 3161 707 3243 τούναντίον,
773 3157 817 3249 ἢ
875 3162 947 3240 ἐξ
1002 3156 1361 3243 ὀρθώσεων
1415 3160 1629 3234 κακῶς
1682 3158 2031 3241 γεγονυιῶν
2090 3153 2533 3238 διαπράσεων,

195 3262 317 3334 κᾶν
363 3267 429 3333 ἐν
476 3264 702 3343 ἄλλοις
750 3261 989 3340 τόποις
1019 3256 1433 3345 ὅρισθέντα“
1478 3258 1867 3342 δωρηθῆναι
1892 3255 1960 3322 ἐν
1983 3251 2213 3332 α’λλοις
2242 3253 2534 3337 παρεδό-

197 3376 440 3455 θησαν,
466 3395 505 3453 η
477 3362 919 3453 δωρηθέντα
949 3357 1025 3428 οὗ
1057 3359 1554 3446 παρεδόθησαν,
1581 3385 1619 3444 η
1591 3352 2123 3443 παραδοθέντα
2149 3349 2265 3420 οὐκ
2290 3352 2535 3440 ἐδωρή-

197 3477 439 3556 θησαν,
485 3463 528 3555 ἢ
569 3462 721 3533 καθ’
773 3463 991 3550 έτερόν
1035 3488 1184 3529 τινα
1220 3460 1413 3546 λόγον
1441 3462 1655 3537 κακῶς
1698 3453 1854 3543 παρ’
1890 3452 2105 3524 αυτῶν
2134 3460 2533 3538 κατέχονται,

199 3566 637 3647 ἆδιασείστως
663 3570 770 3634 καὶ
795 3561 1496 3649 ἆπολυπραγμονήτως
1513 3566 1911 3643 κατέχεσθαι
1935 3557 2120 3643 παρὰ
2141 3561 2273 3627 τῶν
2303 3559 2537 3644 ῥηθει-

198 3676 335 3740 σῶν
379 3673 615 3737 πασῶν
657 3671 880 3752 μονῶν
921 3661 962 3751 ἡ
971 3667 1312 3784 ,βασιλεία
1354 3687 1484 3748 μου
1526 3662 1839 3748 βούλεται
1883 3659 1977 3738 είς
2018 3658 2133 3727 τὸν
2177 3659 2387 3726 αἰῶνα
2418 3658 2533 3725 τὸν

198 3770 483 3851 ἅπαντα,
532 3766 623 3848 ὥς
667 3772 881 3854 δῶρον
905 3769 1052 3887 ’,τῆς
1078 3765 1424 3850 βασιλείας
1463 3786 1593 3847 μου
1628 3765 1737 3828 καὶ
1767 3761 2065 3844 καθαρὸν
2097 3762 2527 3846 φιλοτίμημα.

196 3874 402 3960 μόνης
443 3872 564 3958 γὰρ
610 3874 727 3955 τῆς
769 3861 924 3952 παρ’
975 3860 1203 3942 αὐτοῖς
1246 3859 1707 3949 εὖρισκομένης
1748 3865 1863 3927 νῦν
1904 3863 2180 3945 κατοχῆς
2222 3861 2354 3924 τῶν
2388 3852 2532 3922 ἀκι-

197 3975 407 4061 νήτων
453 3968 849 4059 ὀφειλούσης
893 3962 1114 4052 ἀρκεῖν
1158 3959 1385 4041 αυτοῖς
1430 3960 1576 4029 ἀντὶ
1621 3959 1883 4037 παντὸς
1904 3957 2363 4039 δικαιώματος,
2409 3981 2533 4024 πε-

198 4074 418 4159 ριττόν
464 4073 610 4140 ἐστι
650 4070 728 4138 τὸ
772 4071 1356 4154 πολυπραγμονεῖν
1399 4065 1554 4147 περὶ
1601 4061 1842 4145 ἑτέρου.
1903 4059 2018 4125 ἐπὶ
2060 4061 2235 4124 πᾶσι
2275 4056 2398 4143 γὰρ
2430 4052 2532 4136 οἷς

333 4307 370 4335 ¹⁰
405 4310 535 4359 Idem
572 4300 750 4357 ὄντων
784 4308 993 4373 subjicit.
1046 4305 1142 4356 Sed
1162 4302 1321 4353 malim
1357 4293 1416 4357 ἒξ
1448 4291 1635 4349 αὐτῶν
1667 4297 1782 4347 τῶν
1814 4290 1890 4350 εἷς
1912 4289 2022 4346 lud.
2055 4296 2227 4359 legere.
2330 4293 2361 4321 ¹¹
2399 4295 2528 4344 Idem

196 4390 553 4464 ορισθένιων.
630 4393 762 4443 Male.

2017 4463 2083 4515 29
2097 4463 2127 4495 ¹¹¹
