2900 4950
357 209 484 270 5⁵30
1287 219 1412 267 cau.
1445 219 1497 267 v.
1568 217 1679 266 nm.
1718 217 1766 266 v,

355 374 692 453 requireret
731 372 807 430 de
852 369 1190 431 bominibus
1235 369 1396 428 navis
1440 368 1776 447 praedictae
1817 387 1927 447 pro
1972 367 2295 427 muniendo
2322 375 2615 436 usuum,
2662 376 2729 426 et

366 475 654 556 pepigerit
695 491 828 534 cum
858 472 1004 551 ipsis
1031 469 1432 531 Januensilms
1461 488 1570 550 per
1599 479 1823 530 tautum
1856 479 2108 546 tenipus,
2155 477 2440 547 quntum
2474 477 2729 546 pactum

367 576 570 637 fecerit
609 573 808 635 dando
853 572 998 651 ipsis
1041 571 1264 632 solidos
1281 571 1342 646 ⁸⁸,
1398 570 1664 632 videlicet
1718 570 1921 629 decem
1967 570 2195 630 dierum
2241 568 2329 628 vel
2372 568 2581 645 viffl'uti
2634 568 2725 627 rel

366 677 544 738 unius
588 675 810 736 mensis
853 673 939 733 vel
983 673 1118 751 plus
1162 673 1248 732 vel
1294 673 1509 746 minos,
1556 672 1713 750 quod
1758 670 1895 731 dicti
1926 670 2281 741 Januemes,
2326 670 2426 748 qui
2472 670 2725 749 pepige-

366 779 516 850 rint,
571 785 886 837 teneantur
937 774 1198 835 debitum
1253 773 1451 834 debito
1506 783 1761 833 castrum
1820 771 1959 837 illud
2018 772 2337 832 defendere
2380 780 2440 831 et
2482 770 2727 830 salvare

367 880 521 940 sicut
559 887 819 938 castrum
862 876 1166 954 proprium
1196 873 1604 942 Januensium,
1651 882 1711 934 et
1754 892 1874 933 non
1921 874 2114 934 facere
2142 873 2399 951 aliquam
2431 871 2727 931 malitiam

367 981 506 1041 dicti
551 979 726 1039 castri
769 996 876 1038 seu
921 976 1293 1036 traditionem
1341 974 1478 1035 dicti
1522 957 1731 1035 castri:
1786 984 2056 1035 tene-atm-
2097 974 2421 1035 Commune
2461 973 2725 1040 Januae,

371 1079 782 1158 Capitaneus¹⁹
834 1089 894 1139 et
936 1077 1202 1138 Potestas
1244 1085 1447 1136 contra
1492 1075 1655 1155 ipsos
1698 1075 2123 1135 correctionem
2168 1085 2227 1134 ct
2271 1074 2585 1134 vindictam
2636 1076 2733 1134 fa-

371 1199 523 1250 cere,
568 1180 720 1240 sicut
762 1179 811 1238 si
859 1189 1056 1239 esseut
1089 1178 1146 1237 in
1177 1176 1350 1237 simili
1383 1193 1558 1236 cansa
1591 1177 1902 1236 traditores
1932 1176 2275 1235 Communis
2301 1175 2725 1235 Januensium.

542 1280 686 1340 ltem
745 1281 903 1358 quod
963 1279 1150 1339 nuntii
1197 1277 1430 1357 imperii
1479 1278 1665 1337 nostri
1709 1295 1947 1368 semper
1989 1277 2060 1336 ad
2106 1295 2310 1336 eornm
2356 1275 2725 1337 voluntatem

372 1382 601 1460 possint
659 1381 965 1441 extrahere
1019 1381 1092 1440 cle
1137 1379 1368 1438 civitate
1406 1379 1633 1438 Jannae
1676 1390 1738 1438 et
1778 1378 2044 1438 districtu
2091 1377 2289 1436 habito
2332 1387 2391 1437 et
2434 1377 2725 1438 habendo

372 1482 554 1542 libere
598 1481 728 1540 sine
770 1480 966 1557 aliquo
1008 1480 1359 1539 commercio
1401 1496 1563 1538 arma
1607 1487 1666 1538 et
1708 1497 1913 1557 equos.
2407 1477 2412 1481 ’

547 1581 690 1641 ltem
736 1599 869 1640 cum
915 1598 1157 1639 necesse
1202 1579 1472 1640 habuerit
1514 1579 1810 1658 galearum
1843 1579 2158 1658 Imperium
2204 1587 2473 1639 nostrum
2518 1569 2724 1640 escas

375 1692 577 1761 petere
621 1680 861 1741 veluerit
903 1698 1012 1759 pro
1058 1680 1364 1740 serviendo
1396 1679 1649 1758 Imperio
1695 1689 1917 1752 nostro,
1965 1681 2287 1742 Commune
2314 1680 2560 1750 sannae,
2610 1681 2729 1739 Ca-

376 1783 650 1861 pitaueus
693 1790 753 1841 et
784 1780 1046 1842 Potestas
1089 1781 1162 1840 ali
1207 1798 1322 1839 uua
1368 1781 1531 1859 galea
1578 1799 1765 1859 usque
1809 1781 1869 1840 in
1902 1781 2323 1860 quinquaginta
2340 1781 2403 1853 ²⁰,
2449 1800 2585 1841 cum
2618 1801 2727 1841 ex-

379 1887 580 1961 pensis
625 1882 860 1961 Imperii
906 1882 1124 1953 nostri,
1169 1881 1321 1941 sicut
1364 1892 1610 1961 apparet
1653 1891 1711 1941 et
1754 1882 2034 1959 scriptum
2080 1893 2171 1942 est
2212 1883 2287 1940 ile
2328 1883 2611 1961 expensis
2658 1883 2722 1942 in

377 1984 490 2045 isto
535 1982 832 2062 privilegio
877 1982 1387 2059 sacrament[at]o:
1433 1982 1694 2044 videlicet
1742 1982 1899 2059 qnod
1948 1983 2217 2052 homines
2247 1983 2726 2063 uniuscnjusque

378 2085 577 2163 galeae
633 2083 897 2162 quolibet
950 2101 1156 2143 mense
1213 2083 1469 2144 habeant
1527 2102 1639 2162 pro
1684 2082 2029 2143 victualibus
2071 2085 2237 2144 Cant.
2284 2085 2381 2145 XC
2423 2089 2499 2145 ile
2545 2085 2727 2164 panis

380 2184 628 2256 bisontii,
677 2203 828 2263 quae
871 2194 1013 2244 sunt
1055 2183 1127 2243 ad
1173 2185 1410 2263 pondus
1452 2184 1729 2244 librarum
1765 2184 2082 2244 Romaniae
2114 2184 2295 2245 lilii-ae
2324 2186 2723 2269 ximccca

376 2285 518 2347 item
562 2303 773 2346 carues
814 2285 1014 2345 salitas
1044 2286 1211 2344 Cant.
1246 2283 1315 2343 vi
1356 2285 1553 2356 Janu„
1599 2304 1749 2364 quae
1794 2294 1934 2346 sunt
1975 2286 2106 2346 libr.
2137 2284 2473 2347 DCCCCLX
2506 2287 2727 2347 Roma-

381 2386 542 2457 niae‚
599 2386 738 2446 item
794 2404 1030 2445 caseum
1086 2384 1186 2444 lib.
1233 2383 1288 2442 ii
1333 2383 1683 2456 Romanum,
1742 2387 1879 2446 item
1939 2387 2135 2447 vinum
2190 2388 2545 2449 aowin-um
2591 2389 2723 2449 Nisi

381 2488 592 2548 CCXL.
683 2486 826 2546 ltem
871 2485 1026 2562 quod
1074 2484 1342 2545 homines
1387 2486 1673 2547 dictarum
1718 2489 2012 2564 galearum
2058 2487 2277 2551 debent
2316 2490 2535 2550 habere
2578 2492 2725 2551 soli·

382 2589 488 2648 dos
520 2585 752 2663 lmperii
800 2585 984 2667 nostri
1029 2604 1137 2663 pro
1181 2585 1441 2663 quolibet
1487 2606 1689 2647 mense
1734 2599 1793 2648 et
1836 2608 1943 2667 pro
1974 2590 2235 2668 quolibet
2264 2591 2519 2662 homine,
2566 2593 2723 2654 sicut

382 2687 500 2745 bic'
532 2684 895 2745 contineturt
954 2684 1220 2746 videlicet
1264 2684 1521 2747 Comites
1566 2689 2029 2768 uniuscujusque
2072 2690 2272 2768 galeae
2315 2712 2597 2772 ypsi-pera
2648 2694 2715 2753 Vl

382 2796 442 2846 et
483 2784 821 2859 dimidium3
865 2785 936 2845 lv
981 2787 1262 2848 nautileni
1308 2786 1771 2868 uuiuscujusque
1801 2790 1999 2867 galeae
2030 2810 2231 2872 yperp.
2258 2793 2408 2863 xlii,
2452 2794 2719 2854 videlicet

379 2886 624 2966 quilibet
649 2887 980 2948 nauclerios
1008 2907 1210 2968 yperp.
1244 2888 1321 2950 ΙΙΙ
1352 2899 1414 2950 et
1443 2890 1565 2950 kar.
1605 2891 1704 2961 Vl;
1748 2892 2209 2969 sapei-salientes
2252 2894 2722 2974 uniuscujusque

381 2988 580 3066 galeae
625 3007 827 3067 yperp.
875 2989 950 3062 C,
1012 2990 1276 3051 videlicet
1321 3010 1427 3069 pro
1474 2990 1735 3069 quolibet
1779 3011 1978 3071 yperp.
2028 2994 2076 3053 ll
2122 3004 2183 3054 ct
2223 2996 2563 3065 dimidium:
2616 3016 2722 3075 pa-

382 3089 643 3151 netarius
687 3090 1152 3170 uniuscujusque
1193 3091 1395 3169 galeae
1435 3110 1639 3170 yperp.
1672 3091 1695 3151 1
1741 3102 1799 3153 et
1830 3094 1951 3153 kar.
1986 3095 2195 3167 XVlll;
2243 3098 2497 3175 vogherii
2542 3098 2718 3159 cvm

383 3191 843 3270 uniuscujusque
895 3191 1097 3269 galeae
1155 3210 1354 3271 yperp.
1412 3192 1817 3265 ccxxxiv,
1884 3187 2318 3276 iiilelicet·pro
2374 3199 2633 3277 quolibet
2697 3199 2717 3259 l

382 3299 442 3352 et
484 3290 607 3352 liar.
653 3291 851 3351 xvnt.
930 3291 1267 3353 Praedictos
1310 3312 1565 3371 namque
1609 3295 1829 3355 solidos
1884 3305 1945 3356 et
1987 3298 2250 3359 victualia
2296 3299 2455 3360 (labit
2500 3300 2720 3359 et-sol-

383 3401 485 3452 vet.
501 3391 876 3469 praedictum
922 3392 1236 3471 Imperium
1285 3404 1550 3454 nostrum
1598 3395 1817 3472 populo
1859 3395 2144 3458 dictamni
2188 3400 2485 3477 galearum
2530 3403 2603 3459 ab
2647 3421 2717 3460 ea

381 3492 508 3563 die,
565 3509 681 3568 qua
742 3492 1095 3552 recesserint
1148 3491 1220 3551 de
1277 3503 1448 3570 portu
1493 3494 1717 3555 Januae
1774 3496 1965 3558 dictae
2004 3499 2233 3576 galeae,
2291 3501 2351 3561 in
2396 3511 2599 3570 antea,
2658 3513 2719 3561 et

382 3590 703 3651 Commune
745 3590 969 3651 Januae
1012 3602 1282 3653 teneatur
1326 3592 1522 3653 debito
1567 3595 1736 3657 dictis
1779 3597 1960 3673 galeis
2002 3618 2289 3679 apparare
2334 3603 2482 3661 bene
2525 3612 2585 3662 et
2626 3603 2721 3661 in-

381 3702 543 3771 tegre
579 3690 660 3751 de
704 3690 843 3755 totis
873 3692 1091 3752 sai-ciis
1135 3710 1336 3753 earum
1382 3704 1443 3754 et
1486 3706 1789 3776 apparatu.
1879 3698 2044 3769 Quae
2100 3701 2300 3779 galeae
2343 3714 2402 3763 et
2445 3704 2718 3764 homines

381 3794 641 3873 ipsarum
697 3791 915 3852 servire
969 3792 1185 3855 debent
1239 3794 1556 3874 Imperium
1616 3808 1880 3859 nostrum
1938 3812 2139 3862 contra
2196 3821 2405 3863 omnes
2449 3803 2721 3867 homines

382 3895 650 3956 inimicos
693 3893 927 3972 Imperii
973 3895 1179 3968 nostri,
1226 3907 1470 3975 excepto
1512 3908 1713 3960 contra
1762 3899 2082 3968 Ecclesiam
2107 3902 2430 3966 Romanam
2475 3914 2535 3964 et
2578 3923 2721 3965 con-

384 4005 470 4055 tra
526 3995 654 4057 illas
698 3994 1159 4058 Communitates
1215 4005 1275 4056 et
1318 3998 1608 4071 Berones,
1668 4017 1801 4061 cum
1861 4002 2076 4079 quibus
2117 4005 2307 4064 «lanua
2362 4023 2567 4084 pacem
2610 4025 2717 4066 seu

516 4226 554 4255 ¹'
590 4230 621 4277 i.
659 4244 699 4278 e.
736 4232 935 4281 soldani.
1083 4228 1121 4258 ¹⁹
1156 4230 1411 4294 Ducange:
1454 4236 1726 4303 Capiffdm.
1864 4235 1906 4263 ²⁰
1941 4239 2122 4303 Nempe
2160 4240 2335 4289 excidit
2368 4239 2565 4303 aliquid,
2602 4257 2638 4289 v.
2677 4257 2718 4291 c.

383 4326 607 4375 apparare
642 4320 865 4365 tenentur.
1004 4313 1037 4341 ²¹
1079 4316 1225 4364 Duo:
1267 4318 1537 4369 Lxxxvni.
