2900 4950
374 242 497 304 206
1204 256 1318 306 eon.
1360 258 1417 307 ιι.
1489 255 1601 304 Nov.
1641 255 1731 305 cv.
1771 255 1879 304 ενι.

1379 472 1551 534 Nov.
1600 474 1709 534 CV.

626 592 686 652 si
735 592 1106 671 magistratus
1152 591 1433 655 fiscalium
1481 610 1677 653 rerum
1725 592 1817 653 sur
1860 591 2268 670 deprehensus
2313 590 2441 651 sw.

1211 760 1718 835 ΔΙΑΤΑΞΙΣ
1764 754 1884 850 ρε’.

450 893 632 990 Περὶ
685 901 820 967 τοῦ
873 892 1006 966 ἐὰν
1061 894 1317 986 ἄρχων
1369 894 1479 975 τῖς
1532 893 1688 988 ἁλῷ
1742 890 2127 987 δημοσίων
2180 887 2645 989 πραγμάτιον

1379 1011 1702 1106 κλέπτης.

545 1159 767 1227 Καλὸν
820 1156 859 1247 ἦ
918 1159 984 1226 ἐκ
1038 1162 1170 1227 τῶν
1224 1160 1443 1246 νόμων
1500 1160 1869 1247 ἐπαγομένη
1926 1166 2215 1246 τιμωρία
2269 1162 2377 1227 καὶ
2422 1158 2708 1239 κόλασις,

377 1259 483 1329 ὅτι
525 1262 922 1349 σωφρονίζει
963 1260 1041 1326 τὸ
1085 1258 1366 1328 ἄτακτον
1408 1264 1515 1327 καὶ
1563 1258 1840 1339 ἄκοντας
1892 1255 2273 1328 ἀναστέλλει
2314 1264 2431 1348 τῆς
2474 1260 2587 1327 ἐπὶ
2629 1262 2715 1328 τὰ

237 1416 264 1433 2
374 1363 634 1451 πονηρὰ
686 1362 892 1450 ῥύμης
944 1361 1099 1440 τοὺς
1155 1373 1520 1446 προπετεῖς
1576 1363 1687 1429 ἐπὶ
1747 1369 1994 1429 κακίαν.
2083 1361 2280 1428 καλὸν
2326 1362 2398 1428 δὲ
2444 1357 2555 1428 ὅτε
2596 1361 2713 1449 τὴν

374 1463 838 1551 προσήκουσαν
882 1472 1026 1541 τοῖς
1069 1462 1299 1545 νόμοις
1343 1464 1538 1543 σώζει
1595 1452 2117 1551 φιλανθρωπίαν
2160 1459 2199 1550 ἦ
2245 1462 2544 1542 κόλασις,
2603 1466 2715 1531 καὶ

373 1565 462 1653 μὴ
520 1563 757 1651 ταύτης
814 1563 1205 1650 ἐλαυνομένη
1254 1565 1648 1650 διελέγχεται
1689 1567 1854 1652 μηδὲ
1898 1564 2239 1653 προφάσει
2279 1567 2399 1630 τοῦ
2445 1586 2716 1651 σωφρο-

377 1667 572 1747 νίζειν
618 1661 961 1752 ώμοτάτην
1007 1664 1402 1732 ἐπιδεικνύει
1445 1674 1867 1752 προαίρεσιν,
1935 1666 2080 1733 ἐπεὶ
2126 1670 2234 1732 καὶ
2278 1665 2527 1752 πατὴρ,
2589 1666 2716 1744 ἕως

374 1769 494 1852 μὲν
541 1766 1042 1853 φιλανθρώπως
1085 1765 1342 1852 κολάζει
1389 1774 1764 1835 πταίσαντα
1807 1768 1920 1834 τὸν
1964 1768 2198 1847 παῖδα,
2245 1772 2353 1833 καὶ
2397 1769 2513 1853 τῆς
2541 1788 2716 1852 προ-

375 1874 663 1955 μηθείας
719 1865 1065 1945 ἐπαινετὸς
1115 1871 1224 1934 καὶ
1264 1871 1382 1955 τῆς
1423 1869 1774 1950 κολάσεως,
1823 1868 2096 1937 ἐπειδὰν
2142 1871 2214 1935 δὲ
2256 1872 2373 1954 τῆς
2415 1867 2715 1953 πρεπού-

379 1992 496 2056 σης
553 1970 758 2052 πατρὶ
811 1968 1071 2054 γνώμης
1127 1969 1471 2037 ἐκπίπτων
1529 1965 1606 2036 οὗ
1661 1971 1827 2038 κατὰ
1871 1971 2064 2057 λόγον
2108 1974 2432 2057 πατρικῆς
2476 1971 2709 2057 φιλαν-

375 2076 693 2155 θρωπίας
750 2064 886 2135 ἀλλ’
938 2069 1006 2135 ἐκ
1062 2073 1181 2135 τοῦ
1234 2072 1707 2153 χαλεπωτάτου
1750 2071 2007 2157 τρόπου
2050 2071 2167 2159 τὴν
2212 2071 2450 2159 ποινὴν
2496 2071 2715 2137 ἐπιτί-

374 2178 545 2257 θησι
586 2173 679 2256 τῷ
725 2171 1012 2257 παιδίῳ,
1074 2168 1225 2237 οὕτε
1283 2177 1622 2256 πατρικῶς
1663 2173 1971 2241 παιδεύει
2011 2176 2118 2240 καὶ
2163 2173 2335 2259 πρὸς
2376 2167 2714 2259 ἀποδοχὴν

377 2268 593 2350 οὐδεὶς
660 2272 845 2339 ἔσται
907 2275 1025 2359 τῆς
1080 2273 1547 2360 χαλεπότητος.
1639 2275 1697 2341 εἰ
1754 2274 1833 2362 δὴ
1888 2281 2170 2359 πατέρες
2224 2275 2289 2341 οἱ
2345 2274 2539 2358 νόμοι
2595 2273 2713 2339 σὺν

317 2384 322 2387 ⁴
377 2368 665 2460 ἀληθείᾳ
718 2372 1176 2457 τυγχάνουσιν,
1247 2370 1473 2459 ὥσπερ
1520 2375 1596 2462 δὴ
1642 2378 1748 2442 καὶ
1793 2376 2200 2462 τυγχάνουσι,
2248 2374 2517 2454 πάντως
2560 2373 2716 2442 ἀκό-

377 2477 629 2541 λουθον
684 2473 851 2541 κατὰ
906 2473 1098 2559 λόγον
1141 2478 1273 2542 τῶν
1318 2471 1802 2565 ἁμαρτημάτων
1844 2482 1956 2545 καὶ
1994 2477 2115 2557 τὰς
2158 2477 2400 2557 ποινὰς
2441 2478 2716 2557 τούτους

379 2573 637 2662 ὁρίζειν,
687 2570 855 2642 ἀλλὰ
895 2575 983 2662 μὴ
1029 2575 1253 2661 βίαιόν
1298 2602 1447 2645 τινα
1491 2581 1599 2645 καὶ
1630 2579 1803 2646 πολὺ
1833 2585 2197 2665 βαρυτέραν
2225 2583 2343 2646 τοῦ
2375 2577 2716 2662 πταίσμα-

376 2702 493 2755 τος
537 2677 986 2763 ἐπιφορτίζειν
1029 2676 1145 2765 τὴν
1188 2686 1529 2764 τιμωρίαν.
1591 2686 1727 2746 ποῦ
1770 2681 1892 2766 γὰρ
1924 2680 2205 2766 νομίμου
2236 2677 2711 2765 παιδαγωγίας,

378 2781 512 2843 ποῦ
571 2780 642 2844 δὲ
698 2782 814 2864 τῆς
858 2778 1114 2845 ἐκεῖθεν
1160 2779 1478 2865 ἰατρείας,
1535 2782 1615 2848 τὸ
1656 2789 2107 2868 τιμωρεῖσθαι
2150 2781 2426 2870 θανάτῳ
2469 2783 2583 2848 τὸν
2625 2808 2715 2869 μη

377 2878 678 2947 θανάτου
731 2882 859 2946 τινὶ
919 2881 1328 2965 δεδειγμένον
1382 2891 1778 2969 παραίτιον,·
1835 2890 1943 2950 καὶ
1992 2884 2232 2968 ἰατρῶν
2275 2886 2395 2967 μὲν
2438 2884 2716 2962 παῖδες’

380 2976 495 3048 οὐκ
540 2976 901 3064 ἀποτόμως
942 2981 1057 3068 τὴν
1099 2986 1231 3048 τῶν
1274 2984 1491 3067 μελῶν
1537 2985 2065 3072 ἐπιψηφίζονται
2104 2984 2328 3071 τομὴν,
2377 2984 2578 3069 νόμος
2620 2985 2711 3065 δὲ,

380 3079 416 3149 5
462 3083 891 3167 συμπάθειαν
936 3078 1336 3169 ἀσυγκρίτως
1380 3085 1937 3171 ἐπαγγελλόμενος
1978 3084 2316 3171 κρείττονα
2357 3089 2474 3172 τῆς
2506 3086 2716 3170 ἰατρι-

375 3187 489 3269 κῆς
534 3182 963 3267 συμπαθείας
1018 3186 1108 3258 (εἴ
1142 3210 1214 3270 γε
1255 3190 1334 3273 τῇ
1378 3189 1498 3270 μὲν
1543 3213 1695 3272 περι
1743 3186 1825 3253 τὰ
1870 3187 2146 3271 σώματα
2188 3190 2303 3272 τῆς
2347 3181 2718 3271 εὐεργεσίας

379 3281 415 3351 5
462 3285 731 3365 σκοπὸς,
780 3285 970 3369 νόμοι
1016 3286 1086 3351 δὲ
1132 3286 1248 3351 σὺν
1294 3291 1371 3374 τῇ
1421 3291 1595 3373 ψυχῇ
1641 3291 1747 3354 καὶ
1793 3298 1936 3367 τοῖς
1980 3287 2245 3372 σώμασι
2291 3288 2555 3354 διδόασι
2597 3286 2717 3365 τὰς

379 3383 801 3470 εὖεργεσιᾞας)
867 3386 1190 3471 τοσαύτην
1236 3383 1613 3470 ἀποτομίαν
1667 3387 1834 3455 κατὰ
1875 3393 2007 3456 τῶν
2067 3388 2179 3468 οὓς
2235 3391 2717 3475 προαιροῦνται

377 3483 779 3568 θεραπεύειν
826 3484 1314 3568 ἐπιδείξονται,·

556 3584 823 3650 Τούτων
869 3575 981 3651 οὖν
1026 3583 1235 3665 οὕτως
1266 3587 1560 3669 ἑχόντων,
1611 3586 1646 3655 5
1676 3590 1971 3658 θάνατον
2005 3590 2578 3678 ἐπιψηφιζόμενος
2607 3590 2718 3655 νό-

376 3688 538 3771 μοςῧ
581 3684 746 3752 κατὰ
787 3693 905 3752 τοῦ
961 3689 1174 3775 κλοπῇ
1233 3688 1566 3775 δημοσίων
1610 3692 2014 3778 πραγμάτων
2060 3691 2375 3778 ἄρχοντος
2419 3688 2712 3770 ἁλόντος,

376 3791 482 3856 καὶ
530 3785 605 3853 ού
652 3781 786 3853 κατ’
834 3783 1035 3854 αὐτοῦ
1077 3788 1310 3872 μόνον,
1359 3784 1528 3858 ἀλλὰ
1569 3795 1674 3859 καὶ
1724 3794 1788 3860 εἴ
1825 3820 2000 3873 τινες
2043 3789 2219 3878 αὐτῷ
2264 3795 2565 3859 κοινωνοὶ
2611 3817 2718 3877 γε-

375 3890 675 3976 γόνασιν,
738 3885 826 3968 ὥς
884 3886 958 3956 οὗ
1019 3890 1538 3978 φιλάνθρωπος4
1594 3897 1701 3960 καὶ
1759 3898 2024 3980 νομικῆς
2077 3893 2337 3981 γνώμης
2382 3889 2713 3978 ὑπάρχων,

376 3989 570 4077 ἤρεσε
623 3994 716 4078 τῷ
773 3989 1062 4078 ἡμετέρῳ
1107 3991 1330 4078 κράτει
1374 3990 1546 4062 ὥστε
1587 4001 1817 4080 μηκέτι
1860 4003 2167 4080 νομίμοις
2210 3991 2411 4061 αὐτὸν
2457 4017 2720 4078 συμπο-

378 4091 762 4158 λιτεύεσθαι
806 4092 1160 4230 διατάξεσι,
1205 4096 1372 4182 μηδὲ
1411 4095 1823 4182 χρηματίζειν
1869 4093 2056 4175 ὅλως,
2106 4091 2244 4161 ἀλλ’
2280 4089 2719 4163 ἀπολίτευτον

453 4223 536 4228 st
627 4223 940 4230 -Μ“..---

516 4277 639 4329 'ct
676 4278 825 4329 schol.
863 4280 923 4329 ad
960 4281 1065 4330 Bas.
1105 4282 1177 4330 ed.
1220 4284 1286 4329 uo
1290 4282 1402 4330 imb.
1438 4284 1490 4332 V.
1528 4299 1573 4346 p.
1594 4282 1709 4333 820.
1863 4283 1882 4310 ²
1918 4287 2020 4334 Hoc
2056 4262 2247 4334 v'ffrbum
2283 4286 2399 4335 mihi
2437 4292 2721 4349 suspectum

381 4370 469 4412 est.
605 4359 710 4411 L.
751 4378 829 4411 un.
869 4363 919 4412 C.
958 4366 1014 4414 de
1049 4368 1237 4415 crimine
1268 4367 1522 4428 peculatus.
1661 4364 1681 4394 ⁴
1717 4368 1908 4418 Meet-m.
1947 4365 2372 4433 φιλανθρώπου.
