2900 4950
368 204 450 266 66
1305 214 1425 265 Con.
1463 214 1521 264 n.
1591 212 1706 264 Nov.
1740 212 1775 262 1.

369 371 657 451 παρέσχε
699 366 924 448 λαβεῖν
965 366 1247 447 γένεσιν,
1316 363 1385 425 οἳ
1424 361 1520 445 τῷ
1562 357 1820 446 πλήθει
1859 365 2005 436 τοῖς
2057 354 2409 442 πράγμασι
2462 379 2708 425 συνεπ-

371 464 835 548 εκτεινόμενοι,
880 464 959 549 τῇ
1005 461 1176 547 πρὸς
1228 459 1503 538 ἑαυτοὺς
1545 464 1927 544 παραθέσει
1967 459 2105 524 πᾶν
2163 454 2201 522 ὅ
2253 464 2322 523 τί
2375 483 2449 525 τε
2491 459 2710 539 καλῶς

372 569 503 651 ἔχει
564 564 676 632 καὶ
739 562 775 629 ὃ
839 561 996 649 μὴ’,
1067 562 1529 646 διακρίνουσιν.
1618 559 1770 626 Εἰσὶ
1834 562 2182 644 τοιγαροῦν
2247 554 2476 645 ὥσπερ
2534 561 2709 639 τινὲς

369 668 653 757 φύλακες
694 668 811 752 τῆς
856 664 1022 748 ζωῆς
1064 658 1250 749 ἡμῶν
1294 663 1402 728 καὶ
1449 660 1682 744 ἰατροὶ,
1732 657 1774 726 ἀ
1814 661 1932 744 μὲν
1962 657 2323 737 κωλύοντες
2365 661 2718 745 παντελῶς

370 769 464 847 εἷς
506 767 621 835 τὸν
663 772 812 851 βίον
857 764 1083 832 ἐλθεῖν
1126 766 1259 828 τῶν
1303 763 1534 841 κακῶν,
1582 787 1674 828 ων
1706 762 1777 827 δὲ
1821 759 2170 826 λαθόντων
2212 761 2321 825 καὶ
2353 762 2708 844 παρεισδε-

371 868 661 936 δυκότων
715 865 832 953 τὴν
886 863 1138 950 βλάβην
1195 860 1799 945 ἐπανορθούμενοι,
1855 869 1968 926 καὶ
2021 856 2165 927 οἷον
2208 860 2706 946 ριζοτομοῢντες

369 969 487 1056 τὴν
541 973 770 1034 κακίαν
823 967 933 1032 καὶ
989 960 1105 1030 οὐκ
1159 962 1392 1041 ἐῶντες
1445 962 1686 1048 ταύτην
1735 960 2197 1046 κρατύνεσθαι.
2289 956 2457 1027 ἀλλὰ
2498 960 2641 1046 γὰρ·
2665 957 2706 1047 ἦ

371 1068 767 1153 ἀνθρωπίνη
813 1064 992 1153 φορὰ
1031 1066 1139 1130 καὶ
1183 1064 1548 1150 παλίῤῥοια
1592 1059 1730 1129 ἅνω
1773 1087 1845 1129 τε
1886 1064 1994 1127 καὶ
2035 1059 2213 1128 κάτω
2254 1060 2476 1128 πάντα
2520 1067 2711 1146 στρέ-

373 1168 596 1258 φουσά
636 1192 710 1233 τε
749 1168 858 1233 καὶ
900 1170 1396 1251 μεταφέρουσα,
1465 1165 1572 1229 καὶ
1628 1161 1849 1229 πολλὰ
1899 1164 2019 1246 μὲν
2065 1153 2140 1229 εὖ
2178 1168 2441 1246 κείμενα
2495 1166 2709 1240 κακῶς

368 1275 828 1391 μετατιθεῖσα,
875 1266 1144 1333 πολλῶν
1190 1266 1264 1331 δὲ
1306 1264 1520 1352 λήθην
1563 1262 2162 1344 κατασκευάζουσα,
2225 1259 2397 1329 ὥστε
2442 1263 2500 1329 εἰ
2541 1264 2707 1350 μηδὲ

369 1370 487 1458 τὴν
531 1364 730 1455 ἀρχὴν
776 1365 1109 1455 ω’φθησαν
1164 1364 1447 1446 λαχόντα
1500 1370 1752 1450 γένεσιν
1803 1367 1910 1430 καὶ
1963 1360 2454 1449 ἀνεπίγνωστα*
2517 1358 2704 1442 εἶναι,

371 1469 448 1537 οὗ
492 1469 694 1555 μικρὰ
736 1467 1010 1545 τούτους
1067 1465 1461 1552 ἐλυμήνατο,
1521 1462 1635 1541 οὓς
1687 1466 1807 1549 μὲν
1864 1468 2012 1551 σιγῇ
2069 1463 2383 1549 κρύψασα
2434 1471 2704 1551 βαθείᾳ,

372 1571 487 1649 οὓς
543 1572 616 1637 δὲ
674 1564 982 1653 ἀλλήλοις
1045 1561 1623 1653 ἀντιφθέγγεσθαι
1675 1565 2271 1648 παρασκευάσασα,
2336 1568 2533 1632 τοῦτο
2587 1569 2708 1652 μὲν

371 1666 589 1737 αὐτῶν
635 1670 895 1735 ἐκείνων
938 1670 1072 1733 τῶν
1115 1665 1583 1733 ἐκτεθεικότων
1621 1660 1860 1744 αὐτοὺς
1904 1660 1980 1731 οὗ
2023 1663 2386 1749 μεινάντων
2416 1665 2529 1733 ἐπὶ
2559 1679 2710 1748 ταῖς

370 1770 698 1856 πρότερον
743 1769 1071 1846 διανοίαις
1115 1762 1282 1834 ἀλλά
1328 1774 1562 1854 σφίσιν
1608 1761 1835 1845 αὐτοῖς
1878 1761 2346 1846 ἀντειπόντων,
2393 1771 2589 1834 τοῦτο
2637 1770 2710 1837 δὲ

370 1875 478 1938 καὶ
523 1875 655 1937 τῶν
697 1874 1255 1955 μεταγενεστέρων
1300 1864 1474 1934 ὅπου
1528 1867 1649 1951 μὲν
1695 1867 1843 1934 ἔθει
1897 1863 2072 1933 ὅπου
2118 1867 2191 1933 δὲ
2235 1866 2515 1953 δόγματι
2555 1863 2711 1936 τού-

371 1997 515 2051 τοις
558 1973 1121 2049 ἐναντιωθέντων,
1171 1967 1376 2036 ὥστε5
1415 1971 1526 2036 καὶ
1574 1968 1878 2035 ἐντεῦθεν
1924 1971 2252 2054 συμβῆναι
2292 1970 2411 2052 μὲν
2455 1970 2709 2058 πολλὴν

369 2085 515 2153 τοῖς
557 2072 788 2156 νόμοις
830 2070 946 2158 τὴν
992 2069 1329 2155 σύγχυσιν,
1385 2064 1502 2135 οὗκ
1547 2065 1766 2155 ὀλίγον
1812 2070 1884 2135 δὲ
1924 2068 2172 2154 βλάβος
2213 2079 2359 2148 τοῖς
2400 2069 2709 2156 πράγμα-

371 2197 510 2253 σιν,
572 2172 788 2240 ἄλλων
832 2170 1005 2256 πρὸς
1059 2167 1300 2250 ἄλλαςο
1355 2175 1848 2254 μετατιθέντων
1890 2172 2000 2235 καὶ
2041 2168 2210 2236 κατὰ
2263 2165 2502 2256 κύβους
2545 2198 2708 2240 πετ-

368 2272 708 2340 τευόντων.
797 2275 1145 2356 τοιγαροῦν
1190 2266 1306 2338 οὐκ
1350 2269 1537 2350 ἄξιον
1580 2271 1891 2354 παριδεῖν
1932 2275 2266 2356 κρίναντες
2309 2270 2377 2338 ἐν
2419 2273 2704 2361 τοσαύτῃ

370 2372 676 2459 συγχύσει
728 2375 839 2438 καὶ
880 2374 1127 2457 ταραχῇ
1175 2377 1509 2459 φέρεσθαι
1553 2360 1644 2437 ὧν
1693 2367 1733 2457 ἡ
1779 2370 2020 2458 γαλήνη
2063 2374 2174 2437 καὶ
2228 2366 2552 2457 ἀταραξία
2590 2377 2708 2461 τῆς

370 2477 714 2551 πολιτείας
759 2471 1129 2558 ἐξήρτηται,
1197 2469 1615 2557 ἐπισκέψεως
1667 2496 1741 2540 τε
1785 2468 1875 2552 ὥς
1932 2473 2030 2540 ε’νι
2067 2473 2357 2558 μάλιστα
2401 2473 2708 2558 ἐπιμελε-

370 2574 612 2660 στάτης
653 2572 807 2651 τοὺς
850 2572 1097 2656 νόμους
1134 2566 1538 2660 ἧξιωσαμεν,
1602 2571 1714 2639 καὶ
1758 2563 1847 2640 ὧν
1893 2576 2224 2653 λυσιτελὲς
2267 2570 2583 2660 ὑπάρχειν
2626 2576 2705 2642 τὸ

367 2676 604 2762 κράτος
646 2672 1144 2759 κατενοήσαμεν,
1190 2672 1441 2741 τούτων
1488 2673 1750 2762 ἐκλογὴν
1793 2675 2236 2759 ποιησάμενοι
2280 2674 2558 2761 δόγματι
2602 2677 2708 2763 ἐγ-

367 2776 601 2863 γράφῳ
647 2779 763 2860 τῆς
803 2776 1147 2860 βασιλείας
1188 2770 1373 2863 ἡμῶν
1413 2774 1531 2863 τὴν
1578 2776 1672 2856 εἷς
1710 2775 1828 2864 τὴν
1872 2780 2216 2844 πολιτείαν
2261 2770 2487 2857 αὐτοῖς
2529 2780 2707 2867 παῤ-

368 2880 603 2965 ῥησίαν
661 2875 1147 2960 ἐβεβαιώσαμεν
1201 2876 1315 2943 καὶ
1365 2887 1512 2956 τοῖς
1567 2877 1915 2964 πράγμασι
1964 2880 2226 2945 διαιτᾶν
2270 2877 2707 2967 ἐπεψηφισά-

366 2986 582 3065 μεθα·
628 2976 743 3056 οὓς
787 2977 859 3044 δὲ
905 2977 1185 3062 ἔγνωμεν
1231 2972 1690 3066 ἀσυμφόρους,
1747 2979 1999 3047 τούτων
2044 2981 2116 3047 δὲ
2161 2977 2289 3065 ἄρα
2334 2980 2546 3060 ἐνίους
2584 2983 2705 3065 μὲν

369 3082 476 3146 καὶ
512 3073 709 3147 ,αύτοὶ
756 3077 1034 3163 δόγματι
1075 3081 1193 3166 τῆς
1247 3083 1380 3146 τῶν
1424 3080 1643 3164 νόμων
1686 3083 1880 3168 τιμῆς
1936 3079 2047 3147 καὶ
2088 3080 2336 3160 τάξεως
2379 3081 2706 3167 ἐξωστρα-

367 3187 639 3265 κίσαμεν
685 3179 778 3258 εἷς
823 3178 1009 3266 σιγὴν
1053 3180 1311 3267 διηνεκῆ
1357 3181 1844 3262 συνελάσαντες,
1894 3170 1985 3248 ὧν
2017 3183 2090 3249 δὲ
2119 3177 2265 3249 οὐδ’
2313 3182 2407 3261 εἷς
2446 3183 2704 3272 μνήμην

367 3381 430 3434 τὸ
469 3378 674 3433 ἀδικεῖν
710 3374 940 3449 ἀφορμὴ
981 3376 1073 3430 διὰ
1111 3377 1171 3431 τὸ
1209 3377 1485 3451 σύντομον
1519 3377 1626 3434 ἀπὸ
1664 3385 1778 3434 τῶν
1800 3380 1860 3433 ἔν
1886 3385 2002 3437 τοῖς
2037 3377 2299 3451 ἀριθμοῖς
2330 3383 2566 3451 μορίων,
2605 3388 2705 3437 τοῦ

366 3462 603 3534 ἧμισεῶς
640 3480 789 3533 φημι
821 3460 910 3513 καὶ
946 3457 1100 3514 ἕκτου
1133 3462 1225 3516 καὶ
1272 3462 1580 3518 δωδεκάτου
1616 3463 1708 3516 καὶ
1753 3467 1868 3515 τῶν
1904 3462 2187 3525 τοιούτων,
2234 3467 2545 3537 χρωμένων
2589 3474 2707 3526 τοῖς

365 3548 619 3604 παλαιοῖς
653 3550 892 3616 σημείοις
929 3549 1043 3598 τῶν
1074 3548 1361 3617 γραφέων,
1403 3545 1632 3611 ἠθέλησε
1663 3547 1754 3599 καὶ
1787 3546 1890 3611 τὴν
1923 3546 2184 3614 τοιαύτην
2217 3554 2331 3603 τῶν
2354 3548 2560 3606 ἀδικεῖν
2593 3552 2705 3606 {20-

364 3632 551 3703 μένων
582 3630 846 3701 περιελεῖν
873 3624 1159 3700 ἀφορμὴν,
1198 3632 1290 3685 καὶ
1321 3632 1618 3701 διωρίσατο
1644 3628 1937 3703 γράμμασι
1969 3633 2156 3695 λιτοῖς,
2196 3626 2234 3689 ἃ
2255 3634 2348 3688 καὶ
2384 3641 2498 3695 τοῖς
2518 3633 2705 3708 ἀγροί-

364 3733 481 3771 κοις
516 3711 992 3782 ἀναγινώσκεσθαι
1026 3713 1239 3785 ῥᾴδιον,
1278 3712 1347 3766 τὰ
1386 3718 1614 3768 τοιαῦτα
1646 3716 1973 3787 γράφεσθαι
2010 3723 2239 3790 σημεῖα·
2291 3716 2509 3773 οἴκοθεν
2540 3738 2706 3772 κατα-

362 3797 548 3870 βαλών
578 3796 671 3852 καὶ
704 3796 806 3861 τὴν
840 3801 953 3851 τῶν
977 3800 1230 3870 χαρτίων
1266 3796 1517 3862 δαπάνην
1549 3798 1642 3853 καὶ
1679 3800 1780 3866 τὴν
1810 3801 2160 3875 γραμμάτων
2188 3804 2280 3858 καὶ
2313 3802 2415 3867 τὴν
2435 3805 2547 3855 τῶν
2566 3821 2703 3873 γρα-

364 3883 535 3953 φέων.
679 3883 698 3912 ²
731 3887 865 3936 Hauc
902 3887 1261 3950 inscriptionem
1294 3894 1537 3950 praestant
1572 3890 1737 3940 Zuich.
1777 3898 1825 3941 et
1859 3893 2050 3943 Meet-m.
2086 3920 2156 3929 ——
2190 3893 2389 3952 Scrimg.
2426 3883 2701 3956 Αὐτοκρά-

368 3984 526 4035 τορος
559 3964 774 4022 λέοντος
809 3963 1114 4035 αὖγούστου
1149 3964 1341 4035 νεαραὶ
1387 3965 1656 4030 διατάξεις
1691 3965 1734 4035 ἢ
1782 3968 1843 4023 αἱ
1889 3975 2002 4024 τῶν
2034 3969 2702 4044 νόμωνέπανορθωτικαὶ

362 4045 673 4117 καθάρσεις.
814 4050 833 4080 ³
866 4055 1029 4105 Zuich.
1068 4062 1115 4105 et
1148 4056 1341 4105 Mearm.
1368 4045 1400 4103 3
1431 4050 1509 4122 μὴ
1548 4048 1629 4107 ὅν.
1769 4056 1790 4085 ⁴
1828 4059 1976 4109 Codd.
2002 4053 2330 4121 ἐπίγνωστα.
2405 4059 2504 4109 Sed
2539 4060 2698 4121 legen-

365 4137 480 4186 dum
515 4129 913 4201 ἄνεπίγνωστα,
952 4139 1046 4187 hoc
1080 4152 1256 4190 sensu:
1295 4148 1385 4203 „ut
1417 4141 1488 4191 vel
1523 4142 1764 4203 incognita
1783 4150 1960 4199 essem,
1996 4144 2038 4192 εἰ
2060 4158 2151 4193 nec
2183 4142 2336 4205 initio,
2372 4158 2522 4207 quum
2542 4151 2698 4195 ortum

364 4229 607 4284 caperent,
642 4222 739 4270 visa
773 4218 1026 4271 fuiesenff‘
1178 4219 1199 4247 ⁶
1235 4223 1382 4273 Deest
1416 4224 1466 4272 in
1505 4224 1656 4275 eodd.
1727 4225 1968 4288 Supplevit
2003 4227 2061 4277 R.
2097 4226 2386 4289 Stephanus.
2523 4226 2545 4255 ⁶
2581 4237 2699 4294 Agy-

362 4304 498 4356 laeus
532 4296 724 4371 ἄλλους
754 4304 845 4367 legi
878 4303 991 4368 vuli,
1027 4304 1369 4368 Osenbrfiggen
1403 4308 1588 4358 rectius
1621 4301 1770 4357 ἄλλα.
