2900 4950
1020 242 1137 306 Imp.
1173 242 1416 294 Michaelis
1456 244 1739 316 thlacologi.
2430 234 2549 297 581

205 392 657 456 conventionem
712 390 921 466 habet,
979 394 1080 472 qui
1137 394 1352 457 debent
1408 394 1701 456 nominari
1761 405 1821 456 et
1876 399 2148 474 cognosci
2206 406 2265 460 et
2318 398 2447 460 dari
2489 400 2551 464 in

207 494 446 576 scriptis
503 492 596 554 itta
656 493 782 565 die,
842 512 956 573 qun
1006 493 1293 574 jurabunt
1347 513 1549 557 versus
1596 496 1909 575 Imperium
1957 509 2223 564 nostrum
2270 498 2550 573 Potestas,

208 595 588 673 Capitonem,
631 603 763 656 octo
807 594 1077 670 Nobiles,
1124 595 1388 669 Antiani,
1436 596 1791 660 consilini-es
1836 608 1897 658 et
1930 595 2264 662 ‘Commune
2305 600 2550 662 Januae.

23 717 40 744 v
95 766 108 776 ο
209 697 284 757 Et
334 694 648 775 tmperium
705 705 974 757 nostrum
1028 697 1225 774 galeas
1270 698 1382 760 sibi
1428 698 1774 760 commissas
1820 699 2139 762 licentiabit
2181 701 2253 761 de
2302 702 2551 781 lmperio

209 807 420 860 nostro
476 797 628 858 sacto
684 797 949 858 soa-vitio:
1007 808 1068 860 et
1119 798 1170 859 si
1225 798 1500 860 acciderit
1564 799 1712 860 infra
1773 799 1928 862 diem
1988 800 2234 880 primam
2281 802 2554 864 intrantis

210 899 435 960 mensis
480 898 784 971 Octobris,
843 899 1315 978 quod.homines
1361 899 1620 978 ipsarum
1665 900 1961 978 galearum
2008 901 2323 964 habuerint
2363 904 2554 966 dictos

209 1000 431 1061 solidos
476 1009 530 1060 et
577 999 951 1079 dispendium
998 1000 1223 1062 dierum
1283 1002 1664 1080 quadraginta
1712 1012 1853 1063 tunc
1896 1003 2160 1082 proxime
2202 1001 2554 1078 futuror‘um,

211 1121 283 1162 ex
341 1119 459 1180 quo
517 1100 845 1162 licentiatae
899 1101 1145 1175 suerint,
1203 1102 1253 1163 si
1301 1100 1480 1163 non²²
1518 1114 1659 1164 ante
1702 1103 1921 1165 dictum
1967 1103 2279 1167 terminum
2325 1106 2552 1167 dierum

211 1201 595 1282 quadraginta
651 1201 839 1263 dictae
893 1202 1092 1281 galeae
1150 1211 1383 1282 portum
1442 1204 1800 1266 accesserint
1841 1205 2096 1277 Januae,
2154 1213 2424 1268 teneatur
2465 1207 2555 1268 di-

209 1312 372 1366 ctum
402 1302 724 1364 Commune
767 1304 1078 1366 restituere
1123 1304 1376 1383 lmperio
1420 1314 1624 1366 nostro
1669 1305 1889 1368 solidos
1932 1317 1992 1368 et
2032 1306 2405 1385 dispendium
2453 1308 2552 1388 qni

209 1413 598 1484 supererunt,
662 1405 734 1466 de
787 1405 1004 1485 quibus
1062 1405 1232 1466 faciat
1277 1405 1593 1485 Imperium
1654 1414 1919 1470 nostrum
1967 1408 2317 1469 voluntatem
2363 1427 2550 1470 suam.

214 1506 293 1567 Et
320 1507 370 1568 si
396 1505 671 1568 acciderit
700 1505 856 1585 quod
882 1505 1197 1585 Imperium
1244 1516 1513 1568 nostrum
1557 1507 1879 1570 licentiaret
1920 1509 2106 1570 dictas
2134 1497 2557 1586 ga‘leas‘trans-

214 1617 340 1668 acta
385 1607 536 1668 dicta
582 1606 766 1687 prima
813 1607 907 1668 die
939 1606 1230 1680 Octobris,
1277 1608 1432 1686 quod
1467 1607 1627 1670 dabit
1657 1609 1909 1688 imperio
1951 1609 2212 1672 nostro²³
2244 1610 2469 1671 solidos
2492 1620 2555 1672 ct

215 1708 588 1787 dispendium
635 1706 971 1770 hominibus
1015 1708 1273 1787 ipsarum
1318 1708 1614 1787 galearum
1660 1729 1769 1790 per
1808 1719 2034 1772 tantum
2066 1720 2319 1790 tempus,
2366 1730 2555 1790 quan-

212 1821 334 1872 mm
394 1828 617 1871 morant
673 1808 919 1870 fecerint
972 1809 1305 1871 accedendo
1351 1821 1585 1888 portum
1613 1809 1859 1872 «ianuae.
1944 1811 2241 1874 Teneatur
2294 1816 2549 1888 tam[en]

211 1911 553 1984 admiratus,
600 1910 841 1971 comites
876 1918 935 1970 et
967 1911 1297 1971 nauclerii²¹
1330 1912 1614 1971 dictarum
1646 1910 1941 1988 galearum
1967 1910 2324 1990 juramento,
2370 1914 2550 1991 quod,
2644 1967 2651 1976 .

209 2013 346 2074 licet
390 2011 703 2092 Imperium
765 2021 1032 2073 nostrum
1078 2021 1215 2072 ante
1260 2011 1478 2072 dictum
1523 2012 1840 2072 terminum
1886 2012 2049 2092 ipsos
2093 2012 2420 2074 licentiaret
2464 2014 2550 2074 vel

213 2125 377 2195 post,
435 2113 568 2174 ne”
609 2131 742 2173 cum
799 2112 970 2174 dictis
1012 2113 1193 2191 galeis
1237 2122 1297 2173 et
1339 2114 1635 2175 efficacius
1679 2113 1953 2174 omnibus
1998 2114 2186 2175 modis
2234 2113 2392 2175 nullo
2437 2123 2554 2175 tar-

210 2217 350 2277 datn
397 2215 551 2295 apud
596 2215 845 2274 «ianuam
891 2213 1258 2275 commode²⁰
1302 2214 1371 2275 ad
1419 2233 1624 2274 eorum
1671 2233 1865 2294 posse.

315 2301 326 2308 '
381 2317 524 2378 nem
571 2316 727 2395 quoa
773 2316 984 2395 aliquis
1028 2316 1319 2376 mereator
1358 2315 1584 2378 ,ianuae
1628 2316 1716 2376 vet
1762 2316 1834 2377 ae
1881 2315 2147 2377 districtu
2190 2315 2278 2375 vet
2323 2315 2422 2394 qui
2466 2312 2555 2375 di-

211 2418 366 2480 citur
405 2418 723 2481 Januensis
779 2436 898 2478 non
951 2416 1213 2503 portabit
1265 2436 1363 2478 res
1416 2417 1665 2497 alicujus
1709 2416 1969 2481 extranei
2017 2416 2291 2480 intrando
2332 2427 2551 2479 terram

211 2521 395 2581 nostri
454 2516 690 2601 Imperii
749 2539 858 2580 nec
911 2520 1180 2583 exeundo
1237 2522 1309 2580 de
1364 2539 1434 2580 eo
1495 2520 1556 2581 in
1613 2520 1879 2582 fraudem
1936 2520 2268 2581 commercii
2315 2519 2549 2599 Imperii

210 2622 429 2693 nostri,
476 2630 535 2683 et
577 2622 693 2682 hoc
734 2631 1121 2699 cognoscatur
1164 2621 1370 2683 litteris
1413 2621 1502 2682 vel
1549 2621 1881 2682 testimonio
1928 2621 2246 2683 Consulum
2291 2622 2552 2683 Januen-

208 2722 361 2784 sium
407 2723 506 2801 qni
550 2732 692 2781 tunc
736 2722 954 2782 suerint
989 2721 1327 2782 Romaniae.

381 2824 523 2882 ltem
582 2822 739 2900 quod
796 2840 1003 2882 omnes
1062 2830 1415 2881 mercatores
1459 2822 1683 2881 Januae
1740 2832 1800 2883 et
1842 2823 2139 2884 districtus
2182 2823 2440 2883 habeant
2482 2822 2552 2883 ti-

211 2923 464 2984 centiam
510 2905 757 2983 iaciendi
816 2931 877 2982 et
917 2922 1226 2982 exercendi
1272 2931 1332 2981 et
1372 2921 1715 2982 extrahendi
1763 2923 1836 2982 de
1883 2932 2004 2983 toto
2050 2922 2301 3001 Imperio
2346 2930 2550 2984 nostro

209 3043 420 3085 omnes
465 3042 709 3096 merceS,
756 3032 998 3102 excepto
1041 3041 1185 3082 auro
1231 3031 1288 3082 et
1331 3031 1594 3099 argento,
1641 3021 1753 3082 nisi
1802 3022 1953 3083 foret
1995 3023 2068 3082 de
2114 3023 2408 3083 voluntate
2440 3023 2555 3083 lm—

211 3126 356 3208 perii
418 3125 635 3187 nostri:
692 3142 1011 3204 yperperos
1071 3142 1284 3184 aureos
1327 3122 1440 3183 εἰτ’
1485 3123 1860 3184 Turchisaros
1903 3122 2075 3183 liceat
2118 3123 2203 3184 eis
2246 3123 2553 3184 extrahere

209 3229 284 3290 ad
332 3245 535 3287 eorum
580 3226 936 3287 voluntatem
983 3233 1043 3286 et
1084 3225 1334 3285 deferre.
1394 3223 1480 3284 Ex
1526 3242 1644 3302 quo
1689 3233 1880 3285 autem
1926 3224 2063 3285 dicti
2109 3224 2352 3304 syndici,
2402 3244 2555 3286 nun·

211 3330 273 3391 tii
320 3339 379 3390 et
421 3338 833 3408 procuratores
877 3325 1290 3405 requisiverint
1329 3325 1404 3386 ab
1447 3325 1578 3404 ipso
1633 3322 1882 3405 imperio
1914 3333 2118 3387 nostro
2148 3325 2360 3405 logiam
2392 3327 2550 3405 apud

211 3431 621 3503 Landrimir²⁸,
681 3431 740 3491 in
787 3429 916 3500 Sic,
962 3432 1153 3501 Anca,
1196 3427 1512 3501 Marellini‚
1561 3427 1942 3500 Carsandria,
1988 3427 2279 3496 Simirris,
2325 3435 2386 3489 et
2429 3428 2551 3489 Deo

211 3533 440 3594 volente
482 3534 543 3594 in
589 3530 1115 3609 Constantinopoli,
1162 3538 1218 3591 et
1263 3529 1322 3591 in
1368 3529 1724 3609 Negreponti
1771 3539 1830 3591 et
1873 3531 1932 3590 in
1967 3529 2140 3604 Creti,
2186 3540 2248 3591 et
2289 3529 2453 3591 dedit
2494 3538 2554 3591 et

211 3636 502 3696 concessit
545 3633 770 3711 ista[m]
817 3632 982 3711 ipsis,
1025 3632 1423 3711 promiserunt
1469 3640 1528 3692 et
1570 3632 1920 3711 promittunt
1960 3631 2071 3712 ipsi
2119 3630 2329 3705 nuntii,
2394 3632 2549 3709 quod

211 3737 670 3816 negotiationes,
730 3751 877 3812 quas
918 3731 1251 3794 Januenses
1307 3742 1366 3794 et
1421 3733 1523 3812 qui
1566 3733 1851 3794 nominati
1897 3743 2038 3795 sunt
2077 3732 2408 3793 Januenses
2449 3748 2555 3810 ap-

212 3837 529 3918 portabunt
583 3837 657 3897 de
714 3832 981 3914 partibus
1035 3832 1358 3905 extraneis,
1417 3842 1477 3895 et
1531 3852 1631 3894 eas
1677 3833 2081 3912 negotationes
2122 3832 2185 3892 in
2231 3831 2451 3910 scripto
2495 3840 2556 3893 et

209 3959 317 4018 per
359 3946 791 4001 sacramentum
838 3933 1061 3997 dabunt
1100 3947 1158 3995 et
1186 3933 1646 3996 manifestabunt
1676 3943 1733 3995 et
1764 3933 2199 3995 denuntiabunt
2228 3932 2553 3994 certissime

344 4190 384 4217 ²²
420 4193 615 4254 Negatio
651 4191 858 4243 delenda
892 4204 1003 4241 esse
1035 4189 1234 4240 videtur.
1339 4185 1378 4214 ²⁸
1414 4189 1570 4249 Lege:
1611 4190 1851 4253 lumea-inm
1886 4196 2108 4239 nostrum.
2198 4176 2253 4213 '²⁴
2291 4187 2543 4248 numago:

206 4279 383 4329 comitii
419 4283 459 4327 et
492 4279 747 4328 niwelen-ii.
918 4271 958 4302 ²⁵
1006 4274 1250 4336 Legcrim:
1289 4276 1361 4323 vel
1393 4281 1569 4338 posteo,
1605 4290 1725 4325 carn.
1896 4270 1939 4298 ²⁶
1974 4274 2219 4334 Leges-im:
2260 4273 2533 4325 emendem

205 4358 244 4388 ²⁷
280 4370 324 4412 el
359 4361 603 4411 abundare
636 4362 834 4411 videtur.
973 4357 1014 4386 ²⁸
1049 4361 1118 4410 De
1155 4361 1230 4409 liis
1268 4359 1543 4409 nominibus
1577 4359 1681 4408 vide
1717 4373 1861 4422 supra
1898 4358 1957 4411 ad
1995 4365 2093 4411 not.
2115 4359 2164 4409 9.
