2900 4950
1139 282 1255 345 imp.
1291 282 1461 330 lsaaeii
1499 283 1676 343 Angeli.
2449 274 2571 334 5¹7

1133 464 1303 525 NOV.
1351 462 1676 525 Lxxxvn.

1027 580 1171 662 lmp.
1220 582 1487 643 lsaaeii
1534 578 1793 661 Angeli

683 702 859 744 aurea
907 682 1058 743 bulla
1105 682 1339 743 Venetis
1382 684 1715 775 concessa¹.
1806 685 1893 756 (Α.
1934 688 2140 759 1187.)
2206 686 2212 691 ’

407 852 576 923 Quod
625 851 878 912 Venetici
938 851 1174 930 quidem
1233 869 1354 911 non
1400 870 1559 911 nunc
1601 852 1792 930 primo
1837 851 2075 913 Romeis
2118 854 2359 914 federati
2406 856 2575 917 amici

239 953 426 1014 effecti
473 952 609 1025 sint,
657 972 767 1013 nee
811 971 1001 1032 nuper
1045 970 1246 1013 eorum
1294 952 1497 1012 amicis
1530 952 1970 1031 fautoribusque
2001 956 2424 1027 connumerati,
2472 958 2574 1017 sed

240 1075 308 1114 ex
356 1073 472 1132 quo
516 1063 748 1132 tempus
792 1053 1061 1114 crebrum
1121 1053 1347 1132 priores
1394 1054 1515 1112 fere
1559 1052 1834 1113 omnibus
1882 1054 2041 1114 italie
2087 1056 2428 1118 Romaniam
2475 1059 2578 1118 ad-

238 1165 446 1216 euntes
490 1164 549 1215 et
592 1154 986 1223 devocionem‚
1041 1173 1214 1233 quam
1259 1172 1395 1231 erga
1439 1153 1846 1233 progenitores
1892 1155 2124 1234 lmperii
2172 1159 2352 1219 nostri
2400 1159 2578 1220 habe-

240 1256 401 1327 bant,
446 1256 763 1316 ferventius
806 1255 933 1315 aliis
978 1255 1349 1327 exhibente8‚
1397 1263 1521 1316 aeta
1569 1254 1640 1315 ab
1686 1255 1771 1315 eis
1816 1257 1970 1335 apud
2022 1257 2370 1320 Durachium
2418 1261 2579 1320 testi-

240 1358 501 1418 monium
570 1357 878 1436 perbibere
946 1375 1063 1416 non
1128 1356 1459 1433 ambigunt:
1526 1374 1667 1416 sane
1732 1375 1864 1417 eum
1924 1357 2212 1420 Robertus
2270 1360 2577 1423 viscardus

240 1459 394 1537 gravi
451 1477 709 1537 equoreo
769 1457 1021 1518 exercitu
1084 1458 1425 1517 Romaniano
1487 1457 1724 1529 invasit,
1784 1458 1841 1519 hi
1901 1469 2042 1519 tune
2097 1459 2247 1520 obvii
2307 1462 2365 1521 in
2413 1461 2571 1522 illum

241 1560 459 1639 egressi
521 1559 676 1618 baud
739 1558 1001 1636 neglecto
1060 1558 1316 1636 navigio,
1375 1568 1432 1618 et
1488 1558 1752 1637 piissimo
1797 1576 2151 1640 semperque
2196 1564 2576 1623 memorando

241 1680 454 1740 proavo
503 1659 733 1739 lmperii
780 1658 983 1731 nostri,
1030 1660 1268 1720 domino
1313 1659 1509 1719 Alexio
1555 1660 1875 1733 Caniniano,
1930 1662 2276 1724 accedentes
2322 1664 2578 1725 fautores

241 1780 358 1822 non
427 1762 643 1831 vocati,
713 1780 829 1820 non
899 1761 1088 1840 parvis
1154 1760 1427 1840 perieulis
1486 1781 1549 1819 se
1606 1771 1975 1839 opponentes
2032 1764 2090 1821 in
2147 1773 2345 1824 contra
2394 1764 2574 1837 illum,

243 1864 512 1924 victoriae
558 1863 609 1920 ei
660 1879 776 1920 non
825 1861 1143 1939 quamlibet
1189 1872 1410 1940 partem
1459 1861 1852 1921 contulerunt.
1946 1863 2202 1923 Primum
2241 1864 2434 1943 itaque
2467 1866 2577 1926 hoc

242 1964 543 2025 exordium
604 1963 968 2042 primamque
1015 1961 1266 2021 radicem
1313 1961 1667 2031 devotionis,
1724 1980 1897 2040 quam
1945 1982 2079 2040 erga
2129 1962 2381 2024 Romeos
2425 1967 2579 2026 fove-

241 2066 411 2138 bant,
471 2063 842 2135 exhibentes,
900 2081 968 2121 ex
1025 2080 1137 2140 qua
1196 2063 1417 2121 nanetus
1482 2080 1597 2120 uon
1658 2072 2037 2140 sumpserunt
2093 2063 2377 2141 ignobiles
2432 2070 2574 2139 (non

243 2168 398 2228 enim
460 2174 599 2226 tunc
653 2163 1021 2224 solummodo
1069 2162 1303 2222 Romeis
1348 2163 1496 2222 servi
1543 2174 1738 2235 erant,
1799 2178 1995 2223 verum
2043 2165 2214 2226 etiam
2262 2166 2389 2228 aliis
2432 2178 2576 2229 tem-

242 2268 484 2349 poribus
540 2280 598 2327 et
640 2266 814 2336 loeiS‚
871 2265 943 2324 de
990 2263 1202 2342 quibus
1246 2282 1352 2343 per
1397 2274 1593 2342 partes
1638 2264 1964 2343 exprimere
2009 2266 2295 2344 prolixum
2342 2277 2489 2342 est),
2545 2288 2575 2329 a

243 2380 444 2431 nostre
501 2366 872 2429 sublimitatis
929 2364 1399 2445 progenitoribus
1459 2385 1577 2425 non
1624 2356 2133 2444 minima'premia
2181 2368 2374 2448 adepti
2420 2380 2576 2443 sunt,

243 2489 425 2534 unum
483 2470 776 2551 quoddam
836 2487 1051 2547 eorpus
1110 2467 1386 2529 unanime
1444 2486 1577 2528 eum
1626 2468 1905 2529 Romania
1966 2468 2153 2529 effecti
2207 2489 2324 2530 uno
2368 2470 2577 2550 capite,

244 2574 358 2634 hoc
415 2573 678 2634 videlieet
732 2570 1015 2649 Imperio,
1079 2570 1563 2648 dispensandum.
1654 2570 1795 2630 Alii²
1846 2571 1932 2629 sie
1989 2570 2133 2631 uniti
2192 2581 2249 2631 et
2297 2571 2579 2632 Romanie

245 2675 493 2736 maxime
539 2673 748 2743 devoti,
795 2672 1003 2731 occulti
1049 2670 1123 2730 ob
1170 2670 1472 2750 cujusdam
1522 2691 1716 2732 rerum
1754 2691 2056 2732 excessum
2092 2672 2373 2732 Romanie
2405 2673 2577 2734 alieni

245 2776 433 2836 effecti
481 2781 638 2834 sunt.
726 2773 1134 2832 Verumtamen
1182 2772 1460 2849 quoniam
1507 2774 1599 2851 pia
1648 2783 1845 2833 nostra
1895 2773 2307 2852 tranquillitate
2354 2774 2415 2834 in
2446 2791 2583 2854 pro-

245 2878 575 2956 genitorum
632 2891 870 2934 suorum
927 2883 1156 2949 sceptra
1204 2872 1448 2931 Romani
1497 2873 1729 2951 imperii
1776 2894 1805 2932 a
1855 2876 1963 2932 deo
2011 2885 2274 2953 promota
2321 2876 2577 2936 Venetici

246 2976 615 3037 dilectionem
674 2984 730 3034 et
785 2972 1080 3034 servitium
1141 2991 1273 3048 erga
1325 2972 1667 3032 Romaniam
1732 2984 2100 3034 sacramento
2158 2991 2438 3034 renovare
2480 2994 2581 3036 vo-

245 3078 501 3149 luerunt,
550 3075 838 3135 notificata
885 3074 944 3133 in
991 3072 1393 3144 conventione,
1442 3091 1616 3151 quam
1664 3073 1917 3152 imperio
1965 3085 2164 3134 nostro
2211 3085 2268 3135 et
2298 3075 2580 3138 Romanie

246 3182 542 3250 fecerunt,
601 3173 850 3254 capitula
890 3175 1225 3254 juramento
1271 3172 1750 3244 corroborantes,
1800 3173 2111 3252 imperium
2159 3176 2428 3254 equidem
2475 3195 2582 3240 no-

246 3291 433 3343 strum
481 3278 551 3338 ad
600 3295 801 3337 eorum
848 3274 1175 3348 servitium,
1235 3273 1386 3352 que³
1429 3274 1540 3353 ipsi
1589 3293 1730 3353 sepe
1777 3273 2059 3335 Romanie
2104 3277 2399 3349 fecerunt,
2460 3299 2583 3340 me-

247 3382 492 3443 moriam
552 3379 824 3451 veniens,
882 3395 984 3437 eos
1044 3395 1226 3455 usque
1286 3376 1344 3436 in
1390 3377 1567 3436 finem
1616 3375 1839 3437 alienos
1884 3396 1915 3436 a
1965 3377 2243 3439 Romania
2292 3398 2409 3439 non
2454 3381 2581 3441 fore

241 3485 466 3564 justum
526 3480 836 3561 reputavit,
883 3478 1141 3557 suscepit
1186 3487 1377 3539 autem
1425 3497 1529 3539 eos
1572 3478 1814 3549 iterum,
1874 3478 2303 3541 misericordie⁴
2338 3481 2581 3561 januam

247 3586 547 3667 pandens,
607 3600 939 3662 corpusque
985 3579 1228 3641 Romani
1288 3580 1652 3660 principatus
1696 3581 1766 3640 ad
1816 3580 2121 3660 pristinam
2168 3582 2392 3662 redegit
2435 3583 2583 3645 inte-

247 3689 547 3767 mitatem,
594 3683 919 3745 membrum
966 3681 1095 3762 ejus
1140 3689 1502 3760 amputatum
1551 3700 1781 3742 rursum
1830 3682 1938 3761 ipsi
1987 3684 2334 3762 adjungens.
2425 3687 2584 3755 Quo-

248 3791 406 3851 niam
464 3805 601 3848 vero
655 3792 1055 3865 poposcerunt
1110 3792 1372 3844 nostram
1419 3781 1855 3854 sublimitatem,
1907 3793 2180 3860 rogantes
2226 3784 2580 3846 crisobulum

251 3891 395 3970 ipsis
436 3891 653 3950 factum
700 3906 730 3947 a
777 3902 1014 3964 semper
1057 3884 1210 3945 inter
1255 3884 1647 3963 imperatores
1691 3883 2071 3944 memorando
2108 3893 2317 3963 patruo
2348 3885 2583 3963 Imperii

385 4055 398 4082 ¹
436 4057 500 4107 Ex
540 4058 680 4106 Libro
715 4055 824 4104 albo
862 4062 909 4103 et
948 4053 1101 4102 Libris
1136 4059 1384 4116 pactorum
1419 4057 1533 4113 post
1565 4050 1793 4099 Marinum
1833 4052 1989 4100 Storia
2026 4053 2110 4101 civ.
2140 4069 2165 4101 e
2200 4052 2335 4115 polit.
2358 4052 2432 4102 del
2455 4068 2584 4103 com-

251 4142 432 4190 mercio
470 4141 544 4190 de'
579 4141 829 4190 Venetiani
866 4138 1037 4188 T0.1tt
1076 4153 1121 4200 p.
1144 4137 1235 4187 301
1280 4150 1433 4198 nuper
1481 4134 1731 4183 ediderunt
1778 4134 1905 4183 Tafel
1946 4142 1993 4184 et
2025 4136 2231 4187 Thomas
2280 4137 2388 4187 Urk.
2427 4153 2467 4187 z.
2504 4137 2581 4187 iit.

252 4224 491 4274 flandels-
544 4227 639 4274 und
688 4224 1012 4286 staatsfoescli³
1066 4225 1151 4274 der
1204 4223 1318 4284 Rep.
1363 4219 1587 4280 Venedig.
1658 4219 1787 4267 Το.1
1827 4219 1980 4276 (wien
2026 4221 2172 4277 1856)
2208 4237 2253 4285 p.
2279 4222 2583 4273 tte—189.

251 4309 269 4335 ²
306 4309 525 4358 Editor-es
563 4311 810 4372 legendum
846 4317 1078 4359 censent:
1117 4314 1170 4358 At
1207 4309 1258 4355 ὀί.
1309 4306 1469 4353 Recte.
1575 4300 1593 4329 ⁸
1630 4304 1795 4353 Murin.
1833 4307 1970 4369 qnod.
2022 4306 2122 4355 Mox
2158 4307 2355 4369 legerim
2392 4316 2584 4358 omens.

251 4392 272 4420 ⁴
310 4395 376 4443 ld.
413 4398 669 4444 memoriae.
