2900 4950
1092 234 1208 298 Imp.
1246 234 1412 284 isaacii
1452 233 1634 297 Angeli.
2401 224 2526 286 529

196 406 435 453 manere
480 396 536 449 et
582 385 1043 448 inviolabiliter¹⁸
1093 385 1153 445 in
1200 384 1505 461 omnibuS,
1563 403 1678 465 que
1733 385 2011 465 precipit,
2071 387 2220 447 dans
2277 396 2337 448 et
2389 407 2529 450 con·

194 490 416 550 cedens
459 487 779 562 Veneticis,
839 487 1057 547 habere
1101 496 1160 547 et
1200 504 1407 547 rursus
1451 506 1569 566 que
1612 486 1671 546 in
1731 485 1859 564 ipso
1905 486 2280 549 notificantur
2322 489 2527 553 domos

196 591 325 652 sine
371 588 734 650 mutilatione
778 588 1103 649 secundum
1148 587 1335 667 ipsius
1377 586 1999 667 comprehensionem,
2054 596 2117 649 ut
2160 588 2231 649 ab
2277 589 2530 670 Imperio

197 701 403 753 nostro
448 689 593 769 ipsis
638 690 823 750 dataS.
913 689 1106 769 Super
1148 688 1262 748 hoc
1291 688 1446 749 enim
1481 697 1539 748 et
1568 707 1816 768 presens
1847 687 2257 768 chrysobulum
2290 692 2528 752 verbum

196 793 506 853 clementie
551 799 752 851 nostre
797 791 1010 853 sactum
1055 797 1178 864 est,
1241 791 1475 850 firmum
1533 798 1592 849 et
1648 799 1835 853 ratum
1894 808 2242 869 permanere
2287 792 2529 868 debens,

197 911 506 973 quousque
550 902 611 952 et
652 892 910 953 Venetici
954 890 1387 952 conservabunt
1429 891 1559 951 sine
1615 891 1817 951 fraude
1861 899 1919 951 et
1965 892 2115 952 malo
2162 892 2397 971 ingenio
2442 912 2529 965 ea,

195 1012 313 1073 que
356 1012 464 1073 per
506 991 954 1053 conventionem
1000 1001 1057 1052 et
1101 1003 1531 1053 sacramentum
1578 992 1832 1071 Imperio
1877 1003 2079 1053 nostro
2124 993 2359 1056 debent.

369 1093 606 1153 Factum
653 1112 856 1153 mense
903 1092 1219 1153 Februario
1265 1093 1468 1172 quinte
1519 1092 1856 1154 indictionis
1911 1112 2014 1153 sex
2067 1093 2356 1155 millesimi
2403 1114 2533 1155 sex·

196 1194 504 1257 centesimi
551 1194 945 1273 nonagessimi
993 1193 1178 1273 quinti
1224 1194 1398 1266 anni,
1456 1193 1517 1256 in
1565 1213 1681 1272 quo
1727 1203 1785 1254 et
1829 1203 2093 1255 nostrum
2151 1214 2183 1254 a
2239 1196 2351 1255 deo
2397 1214 2533 1276 pro-

197 1305 421 1357 motum
465 1294 825 1373 subsignavit
870 1294 1205 1375 Imperium.

996 1395 1288 1457 lsakius
1331 1395 1389 1457 in
1440 1394 1673 1455 Christo
1719 1394 1830 1455 deo
1874 1395 2063 1456 fidelis
2109 1395 2433 1475 Imperator
2476 1407 2533 1457 et

1213 1496 1549 1558 moderator
1593 1496 1989 1557 Romanorum
2036 1496 2308 1576 Angelus

1058 1705 1657 1713 ————-—--—————————

1109 1880 1278 1942 NOV.
1328 1881 1630 1943 Lxxxtx.

984 1999 1129 2079 lmp.
1179 1999 1454 2059 lsaacii
1500 2000 1757 2077 Angeli

797 2099 989 2178 pactio
1033 2119 1164 2161 cum
1209 2099 1500 2161 Venetis'.
1591 2102 1678 2172 (Α.
1731 2102 1938 2177 1187.)

374 2268 646 2350 Oportuit
693 2268 963 2348 equidem
1011 2277 1067 2329 et
1112 2269 1351 2329 venetie
1398 2269 1824 2329 revocationem
1884 2262 1955 2329 et'
1986 2268 2043 2328 in
2092 2269 2433 2332 Romaniam
2480 2283 2537 2334 et

195 2371 257 2455 in
305 2372 612 2451 pristinam
659 2369 995 2439 unioncm²,
1054 2390 1227 2451 quam
1275 2389 1406 2432 cum
1456 2390 1521 2431 ea
1567 2370 1846 2441 habebat,
1903 2371 2298 2433 reversionem
2344 2383 2402 2434 et
2445 2393 2540 2435 re-

195 2473 583 2546 stitutionem,
630 2491 772 2553 sepe
818 2473 1053 2553 quidem
1087 2474 1488 2551 excogitatam.
1536 2473 1779 2534 diversis
1811 2492 1945 2533 vero
1977 2474 2384 2535 occasionibus
2429 2476 2538 2536 im-

199 2573 456 2653 peditam
503 2584 562 2635 et
605 2576 662 2636 in
697 2574 904 2635 diebus
935 2575 1257 2654 inspectam
1292 2583 1493 2635 nostre
1524 2574 1620 2653 pie
1660 2574 2113 2653 tranquillitatis,
2162 2595 2335 2655 quam
2369 2576 2534 2650 deus»,

196 2675 609 2755 interpositum
668 2675 969 2736 inimicitie
1026 2678 1332 2754 deponens
1377 2676 1692 2755 parietem,
1748 2673 1877 2736 tam'
1912 2694 2097 2756 prope
2144 2694 2316 2754 quam
2364 2675 2537 2755 longe

202 2775 587 2838 existentibus
632 2786 928 2855 tamquam
973 2776 1135 2856 pacis
1169 2775 1440 2854 angelum
1475 2775 1650 2850 misit,
1698 2795 1857 2837 nunc
1900 2796 2009 2856 pro
2055 2777 2208 2837 tine³
2252 2778 2534 2857 accipere,

201 2878 467 2956 prolecto
511 2878 583 2937 ad
631 2877 934 2938 utilitatem
982 2877 1216 2957 quidem
1265 2877 1721 2950 Cristianorum‚
1784 2876 2021 2937 minime
2078 2886 2273 2936 autem
2329 2879 2401 2937 ad
2448 2879 2537 2939 in-

197 2976 572 3037 commodum
619 2975 933 3049 Romanie,
985 2986 1049 3037 ut
1095 2977 1407 3056 imperium
1457 2986 1720 3037 nostrum
1767 2976 2026 3037 contidit.
2116 2976 2260 3037 Nam
2309 2986 2365 3037 et
2409 2978 2537 3040 aliis

200 3076 567 3156 temporibus
612 3075 973 3137 celsitudinis
1017 3086 1216 3138 nostre
1261 3076 1735 3138 antecessoribus
1766 3077 2023 3137 Venetici
2070 3077 2392 3138 servientes
2428 3080 2539 3138 uti-

85 3205 108 3225 ν
201 3178 289 3238 les
352 3177 636 3238 Romanie
695 3187 1127 3259 apparuerunt,
1183 3178 1562 3238 devocionem
1619 3178 1671 3238 ei
1728 3178 2037 3238 maximam
2084 3178 2141 3237 in
2191 3181 2538 3243 necessariis

198 3278 565 3359 temporibus
611 3278 946 3351 exibentes,
1004 3288 1062 3339 et
1106 3279 1158 3339 ei
1205 3298 1364 3339 nunc
1407 3277 1616 3339 melius
1660 3277 1965 3339 servicium
2022 3278 2396 3359 pollicentes,
2455 3282 2540 3343 sic

202 3380 395 3461 ipsum
442 3390 812 3440 sacramento
859 3388 912 3440 et
958 3380 1357 3441 convencione
1404 3379 1656 3460 lmperio
1702 3389 1907 3440 nostro
1950 3379 2430 3464 corroborantes:

373 3481 546 3555 „Nou
604 3493 696 3543 est
751 3479 1061 3561 conjuncta
1121 3481 1394 3554 Venetia,
1462 3500 1572 3541 nec
1625 3500 1887 3561 unquam
1935 3480 2327 3561 conjungetur
2367 3481 2536 3543 alicui

198 3593 612 3644 coronatorum
658 3583 746 3643 vel
793 3601 909 3643 non
957 3592 1390 3655 coronatorum,
1438 3581 1557 3642 sive
1602 3583 1861 3658 gentium
1893 3581 1980 3642 vel
2019 3584 2322 3644 nationum
2366 3583 2534 3645 alicui

198 3694 401 3746 contra
450 3683 765 3764 Imperium
812 3684 1032 3745 domini
1072 3683 1449 3763 imperatoris
1482 3683 1877 3745 Romanorum
1925 3693 1983 3744 et
2029 3702 2266 3764 semper
2307 3685 2536 3762 augusti

202 3786 425 3847 domini
470 3784 698 3846 Ysaakii
747 3784 966 3863 Angeli,
1012 3785 1200 3846 donec
1243 3785 1465 3860 vixerit,
1511 3783 1597 3843 vel
1641 3784 1922 3845 heredum
1970 3783 2098 3864 ejus
2142 3783 2536 3845 masculorum

192 3931 262 3943 ..—

335 4001 372 4032 “
410 4007 511 4056 Lib.
550 4013 830 4070 pactorum:
870 4004 1151 4054 inviolabile.

341 4088 356 4115 ¹
395 4092 507 4139 Post
543 4090 689 4139 Narin
728 4089 758 4139 l.
797 4087 827 4136 1.
866 4087 928 4136 ΙΙΙ
964 4102 1010 4150 p.
1033 4085 1131 4137 282
1170 4102 1223 4136 ex
1261 4088 1402 4136 Libro
1439 4087 1548 4135 albo
1586 4093 1633 4133 et
1670 4084 1822 4134 Libris
1858 4092 2104 4148 pactorum
2131 4087 2383 4136 ediderunt
2408 4083 2536 4138 Tafel

204 4181 252 4222 et
289 4173 498 4222 Thomas
533 4175 563 4223 l.
601 4175 631 4224 Ι.
669 4174 686 4222 1
724 4188 771 4236 p.
797 4170 1077 4223 toa—203.
1284 4169 1304 4197 ²
1340 4171 1558 4220 Editores
1592 4171 1817 4234 pristinae
1848 4173 2037 4220 unionis
2073 4171 2162 4232 legi
2194 4171 2370 4220 volunt.
2440 4173 2535 4221 Sed

205 4260 513 4307 reversionem
549 4261 600 4307 in
633 4262 878 4322 pristinam
913 4260 1128 4309 unionem
1165 4257 1287 4305 bene
1325 4257 1482 4306 babet.
1618 4252 1635 4279 ³
1674 4256 1702 4304 i.
1734 4269 1774 4303 e.
1811 4245 1886 4306 εἷς·
1920 4248 2069 4306 τέλος·
2100 4256 2171 4304 vel
2206 4248 2298 4303 διὰ
2335 4251 2529 4309 telove.

199 4341 384 4391 Narin:
423 4357 506 4404 per
538 4344 684 4401 finem.

305 4424 385 4475 tn.
2064 4422 2131 4473 34
