2900 4950
1226 264 1338 324 imp.
1380 264 1566 311 Leonis.
2438 246 2552 306 137

191 408 645 495 ἀνθρωπίνης
689 410 856 495 ζωῆς
901 403 1238 476 ἀπιόντων
1284 410 1743 488 διατυποῢται,
1792 412 2000 475 ταῦτα
2045 403 2158 474 οὔκ
2204 402 2282 474 ἂν
2312 396 2352 495 ᾗ
2385 406 2555 494 φαύ-

189 513 332 589 λως
381 510 613 592 ἔχοντα
655 516 1087 592 καταμαθεῖν,
1139 510 1197 576 εἰ
1238 509 1326 595 μὴ
1374 513 1555 596 παρῇ
1601 505 1638 593 ἡ
1689 506 1755 575 ἔκ
1791 513 1925 575 τῶν
1952 509 2301 594 μαρτύρων
2334 505 2554 595 ἆσφα-

193 611 317 696 λης
364 614 616 696 ψῆφος.
709 604 876 675 &nez
931 609 1052 694 γὰρ
1113 609 1417 696 ἄριστον*
1465 614 1570 678 καὶ
1618 614 1811 676 τοῦτο
1857 609 1932 675 τὸ
1975 616 2174 693 μέρος
2218 612 2309 697 'ug'
2356 632 2555 693 νομο-

193 719 370 799 θέτῃ
436 713 886 790 διατέτακται,
946 712 1012 778 ἐν
1071 709 1171 790 οἷς
1224 712 1625 797 βουλόμενος
1678 711 1767 799 μὴ
1830 712 1923 790 εἰς
1981 708 2261 798 ἀνάγκην
2310 708 2555 796 ὅρκων5

193 813 531 891 πολλάκις
585 818 1052 878 καθίστασθαι
1107 838 1259 892 τους
1314 816 1807 898 μαρτυροῦντας
1861 823 2009 892 ταῖς
2055 813 2428 901 διαθήκαις,
2477 810 2556 877 τὸ

194 921 476 1002 βέβαιον
536 909 737 992 αὐτὰς
789 915 1038 980 κελεύει
1096 916 1416 1002 σφραγῖδι
1473 916 1876 999 πορίζεσθαι
1921 918 2036 980 τοῦ
2084 913 2396 997 λαχόντος
2439 912 2554 1001 τὴν

195 1019 336 1083 τῶν
395 1016 648 1103 κήνσων
702 1015 1129 1095 ἐπιστασίαν,
1201 1015 1273 1095 ὃς
1327 1019 1438 1083 νῦν
1484 1014 1601 1102 τήν
1644 1019 1761 1081 τοῦ
1806 1019 2059 1099 γενικοῦ
2104 1021 2555 1102 προσηγορίαν

200 1113 642 1204 ἀποφέρεται.
706 1121 809 1185 καὶ
856 1118 977 1205 γὰρ
1022 1117 1135 1183 τὸ“
1177 1117 1264 1204 μὴ
1314 1114 1542 1200 ὥσπερ
1591 1112 1839 1202 ὁμαλὴν
1875 1120 1980 1183 καὶ
2016 1119 2280 1200 ἕτοιμον
2314 1119 2379 1184 ἐν
2411 1128 2554 1195 τοῖς

205 1217 429 1304 ὅρκοις
476 1224 784 1304 παρέχειν
829 1220 944 1307 τὴν
991 1221 1272 1298 εἴσοδον,
1323 1214 1460 1284 ἀλλ’
1499 1219 1802 1305 ἐπισήμῳ
1836 1219 2157 1305 σφραγῖδι
2184 1223 2370 1297 ταῖς7
2408 1219 2555 1285 δια-

201 1321 451 1407 θήκαις
497 1322 696 1386 δόντα
751 1321 827 1386 τὸ
871 1328 1141 1406 βέβαιον
1186 1321 1302 1408 τὴν
1344 1324 1478 1385 τιῦν
1525 1316 1733 1404 ὅρκων
1780 1320 2145 1405 ἐπίσχεσιν,
2166 1324 2556 1407 προνοηθῆ-

203 1448 318 1488 ναι
367 1420 808 1509 ποιήσασθαι,
859 1419 1332 1508 εύβουλότατόν
1374 1447 1447 1487 τε
1491 1423 1597 1487 καὶ
1645 1418 1937 1505 ἄριστον.
2028 1426 2236 1487 ταῦτα
2278 1424 2399 1506 μὲν
2440 1422 2553 1488 ἐπὶ

201 1527 342 1590 τῶν
387 1523 722 1607 πρόσθεν·
769 1521 806 1612 ἡ
855 1526 925 1590 δὲ
971 1524 1294 1612 συνήθεια
1334 1523 1502 1607 μετὰ
1546 1526 1755 1588 ταῦτα
1801 1523 1911 1589 ἐπὶ
1949 1535 2094 1602 τοῖς
2121 1525 2411 1610 μάρτυσι
2438 1523 2555 1610 τὴν

206 1626 547 1748 σφραγῖδα
591 1629 669 1713 τῇ
715 1627 999 1714 διαθήκῃ
1047 1636 1578 1711 προσμαρτυρεῖν
1622 1624 1977 1712 μετήγαγεν
2026 1626 2306 1705 ἐκείνου,
2357 1625 2429 1705 ὃς
2475 1627 2554 1711 δὴ

204 1726 383 1810 πρὸς
425 1725 502 1804 τὸ
547 1731 663 1792 τοῦ
708 1736 1143 1813 κοιαίστωρος
1190 1722 1608 1815 ἀναβεβηκὼς
1641 1723 1875 1811 ὁρᾶται
1907 1724 2183 1811 ἀξίωμα.
2233 1725 2407 1794 οὕτω
2435 1731 2555 1813 μὲν

205 1831 319 1894 καὶ
361 1828 632 1916 τοιαύτη
677 1840 819 1907 τοῖς
864 1829 998 1914 πρὸ
1042 1826 1225 1952 ἡμῶν
1271 1826 1503 1916 ἀρίστη
1553 1825 1888 1915 ἀσφάλεια
1934 1830 2170 1908 ἐδοξεν.

388 1925 510 2008 Οἷς
555 1929 870 2016 επόμενοι
914 1934 1023 1997 καὶ
1065 1928 1271 2019 ἡμεῖς,
1320 1931 1431 1998 ι’να
1474 1932 1725 2014 μᾶλλον
1771 1926 2055 2012 ἀμείνων
2098 1934 2160 2017 ᾖ,
2213 1931 2556 2013 κελεύομεν

205 2033 285 2118 τῇ
331 2032 452 2114 μὲν
498 2033 818 2117 σφραγῖδι
859 2036 977 2098 τοῦ
1025 2033 1140 2100 ἐπὶ
1173 2036 1306 2098 τῶν
1337 2031 1591 2117 κήνσων
1621 2031 2110 2118 καθεστηκότος
2142 2029 2397 2116 ἀνδρὸς,
2449 2027 2556 2096 ότι

206 2134 372 2218 μηδὲ
417 2139 719 2217 μέτεστιν
765 2129 940 2221 αὐτῷ
987 2137 1098 2200 νῦν
1143 2138 1258 2220 τῆς
1300 2138 1432 2199 τῶν
1480 2132 1697 2216 νόμων
1744 2133 2125 2215 ἐπιμελείας
2168 2137 2275 2200 καὶ
2310 2132 2554 2219 διοική-

210 2257 406 2314 σεως,
465 2236 668 2322 μηδέν
720 2262 788 2300 τι
833 2234 1001 2320 πρὸς
1044 2233 1160 2320 τὴν
1206 2234 1650 2323 ἕπισήμανσιν
1694 2238 1826 2300 τῶν
1875 2236 2218 2321 διαθηκῶν
2261 2245 2558 2318 μετεῖναι

209 2331 464 2422 (ω’σπερ
514 2331 665 2404 οὐδὲ
711 2337 1262 2421 ἐπισημαίνονταί
1301 2362 1374 2423 γε
1418 2335 1701 2424 rabvn)⁸,
1760 2337 1875 2422 τὴν
1934 2336 2005 2403 δὲ
2051 2339 2163 2403 νῦν
2210 2331 2342 2404 ἄντ’
2395 2337 2558 2404 ἐκεί-

209 2463 323 2525 νης
390 2437 988 2559 ἔπισημαινομένην
1055 2433 1252 2527 αὐτῇ9
1304 2442 1421 2505 τοῦ
1487 2445 1924 2525 κοιαίστωρος
1991 2440 2329 2527 σφραγῖδα
2392 2440 2558 2523 μηδὲ

207 2540 451 2628 ταύτην
493 2540 696 2624 μόνον
742 2540 1149 2627 επισφραγιΓ
1149 2567 1244 2609 ειν
1287 2541 1370 2608 τὰ
1416 2542 1989 2625 διατετυπωμένα,
2039 2536 2208 2608 ἀλλὰ
2251 2545 2358 2607 καὶ
2402 2540 2558 2619 τοὺς

205 2642 959 2728 μεγαλοπρεπεστάτους
1015 2639 1198 2729 ἡμῶν
1250 2649 1652 2730 μαγίστρους
1705 2647 1813 2709 καὶ
1856 2650 2248 2729 πατρικίους
2290 2645 2398 2708 καὶ
2443 2643 2557 2708 τὸν

207 2748 325 2832 τῆς
365 2743 629 2824 πόλεως
673 2745 957 2829 ἔπαρχον
1001 2748 1111 2811 καὶ
1154 2745 1309 2823 τοὺς
1355 2744 1612 2826 ἄλλους,
1662 2749 1728 2811 οἳ
1772 2745 2049 2812 ἐπὶτῶν
2079 2752 2356 2830 κρίσεων
2387 2752 2560 2811 καθ-

211 2847 540 2934 εστήκασι,
606 2858 748 2925 τοῖς
793 2847 1043 2914 ἑαυτῶν
1090 2854 1549 2934 σφραγίσμασι
1593 2846 1713 2924 τὰς
1757 2846 2206 2926 διατυπώσεις
2249 2851 2328 2934 τῇ
2376 2842 2560 2927 ἄξιο-

208 2955 452 3036 πιστίᾳ
497 2948 851 3032 σεμνύνειν.
915 2944 1051 3015 ἀλλ’
1104 2949 1171 3015 ἐν
1213 2950 1333 3032 μὲν
1363 2952 1441 3035 τῇ
1477 2953 1953 3034 προκαθημένῃ
1986 2951 2117 3014 τῶν
2154 2948 2415 3015 πόλεων
2448 2937 2559 3014 οὗ-

207 3076 337 3130 τοι,
387 3051 453 3117 ἐν
500 3052 570 3118 δὲ
612 3061 761 3129 ταῖς
806 3048 1038 3129 ἄλλαις
1077 3053 1321 3135 χώραις
1365 3054 1471 3115 καὶ
1520 3049 1794 3115 πόλεσιν
1841 3049 1913 3114 οἵ
1950 3074 2023 3114 τε
2069 3052 2420 3136 στρατηγοὶ
2450 3054 2555 3114 καὶ

211 3154 279 3219 οἱ
344 3148 511 3219 καθ’
584 3153 857 3238 ἑκάστην
913 3153 1231 3238 ἐπαρχίαν
1290 3153 1507 3236 κριταὶ
1565 3154 1761 3216 τοῦτο
1822 3151 2112 3216 ἴστωσαν
2175 3152 2285 3215 καὶ
2342 3157 2559 3217 ποιεί-

211 3279 454 3320 τωσαν.

605 3423 622 3427 -
633 3422 746 3429 --
796 3423 942 3429 ἡ*

349 3510 366 3537 ⁴
421 3512 587 3575 Steph.
643 3519 688 3561 et
743 3512 868 3576 Agyl.
922 3502 1124 3579 ἄριστα
1177 3512 1321 3561 scribi
1378 3510 1554 3560 volunt.
1762 3507 1779 3535 ⁵
1834 3510 1995 3560 Zuich.
2048 3518 2095 3558 et
2142 3511 2335 3559 Meerm.
2375 3500 2555 3575 ὅρκου.

209 3595 231 3623 ⁶
269 3597 419 3647 (ξοδδ.
461 3592 577 3656 τὴν,
617 3597 744 3660 quod
786 3597 1047 3647 emendavit
1084 3597 1209 3661 Agyl.
1363 3595 1382 3621 ⁷
1419 3597 1617 3656 Scrinng.
1658 3591 1884 3648 διτταῖς.
2040 3593 2060 3620 ⁸
2098 3596 2297 3656 Scrimg.
2341 3587 2555 3652 ταύτην.

208 3680 231 3707 ⁹
281 3683 481 3743 Scrimg.
537 3674 1030 3748 ἔπισημαινομὲνης
1078 3673 1254 3735 αὐτός.
1336 3681 1388 3729 Et
1439 3672 1603 3734 αὐτὸς
1651 3682 1842 3745 qnidem
1892 3681 2032 3728 etiam
2082 3680 2246 3729 Zuich.
2286 3686 2334 3727 et
2370 3680 2560 3727 Meerm.

212 3752 405 3818 babent.
481 3766 576 3828 Ego
601 3767 972 3829 spangenbergii
1011 3769 1335 3831 conjecturam
1373 3766 1549 3829 recepi.
1624 3767 1963 3826 Osenbrt'iggen
2000 3765 2071 3813 vel
2107 3759 2275 3812 αὐτοῦ
2302 3763 2369 3812 vel
2395 3754 2562 3813 αὐτὰς

213 3852 468 3913 legendum
508 3852 712 3901 censuit.

1083 4096 1688 4106 ---.-..---—-.--—-.—--.—--—-
