2900 4950
323 217 402 278 74
1243 229 1360 278 eon.
1399 230 1458 278 u.
1525 228 1639 278 Nov.
1674 228 1726 277 v,

319 378 649 463 διοικεῖν,
702 380 766 450 εὶ
815 374 889 452 δ’
951 373 1176 451 οὐδὲν
1222 374 1897 470 προκατεβάλοντο,
1971 371 2248 455 αὐτοὺς
2297 370 2439 467 μὲν
2489 370 2660 468 περὶ

324 503 463 569 τοῦ
514 493 861 589 διμοίρου
913 496 1104 589 ἔχειν
1156 491 1430 589 ὁρίζειν
1480 493 1782 579 ἄδειαν,
1853 492 1939 565 τὸ
2004 486 2511 585 μοναστήριον
2573 487 2658 564 δὲ

491 610 576 685 τὸ
631 613 806 685 ἄλλο
857 611 1077 708 μέρος
1122 612 1283 707 ἤτοι
1332 612 1418 685 τὸ
1472 609 1724 708 τρίτον
1780 610 2483 705 ἀναλαμβάνεσθαι.

312 773 368 829 Ὁ
406 773 619 838 αὐτὸς
649 778 980 845 βασιλεὺς
1027 779 1286 848 στεφάνῳ
1335 780 1414 846 τῷ
1450 774 1741 846 ἁγιωτάτῳ
1781 772 2186 847 ἀρχιεπισκόπφ
2230 791 2662 828 κωνσταντινου-

942 860 1147 921 πόλεως
1180 860 1273 915 καὶ
1309 859 1661 933 οἶκουμενικῴ
1695 858 2024 932 πατριάρχῃ.

480 973 741 1066 Ἐπειδὴ
786 982 942 1066 περὶ
995 978 1413 1064 μοναζόντων
1466 975 1841 1062 ὑπάρξεως,
1900 981 1969 1044 οἳ
2019 978 2188 1061 μετὰ
2240 976 2355 1044 τὸν
2397 975 2660 1062 μονάδα

318 1084 468 1163 βίον
512 1088 901 1165 περιουσίαν
954 1073 1393 1168 ἠθροίσάντο,
1453 1077 1776 1158 πολλάκις
1826 1075 1985 1166 ἡμῖν
2030 1078 2149 1146 σὺν
2189 1090 2335 1158 τοῖς
2388 1073 2523 1146 ύπό
2581 1100 2660 1144 σε

317 1181 872 1267 θεοφιλεστάτοις
927 1177 1362 1268 ἀρχιερεῦσιν,
1422 1172 1476 1248 ὦ
1533 1187 1728 1248 θεῖον
1772 1183 1918 1268 φῶς
1971 1177 2084 1245 καὶ
2138 1178 2657 1265 καταπυρσεύειν

319 1279 435 1347 τὸν
478 1281 723 1367 κόσμον
767 1280 902 1351 ὑπὸ
946 1288 1062 1350 τοῦ
1107 1284 1378 1369 πρώτου
1436 1281 1661 1368 φωτὸς
1719 1281 1785 1350 ἐν
1834 1283 1928 1368 τῷ
1963 1281 2233 1369 μεγάλῳ
2275 1284 2393 1367 τῆς
2436 1280 2659 1367 ἐκκλη-

323 1389 473 1461 σίας
519 1385 924 1469 στερειύματι
963 1391 1369 1469 τεθειμένον,
1417 1379 1694 1467 ἀπορεῖν
1743 1382 1923 1470 ἔφης,
1979 1378 2091 1449 οἶα
2135 1381 2212 1467 δὴ
2258 1386 2500 1468 νέφους
2541 1383 2658 1468 τῆς

261 1539 270 1550 ,
323 1481 580 1551 ἐκεῖθεν
616 1480 1024 1574 ἀμφιβολίας
1057 1482 1543 1572 ὑποτρεχούσης
1581 1483 1697 1572 τὴν
1734 1479 1965 1551 ἀκτῖνα
1992 1485 2110 1549 τοῦ
2139 1484 2456 1567 λογισμοῦ
2487 1481 2660 1568 πρὸς

319 1582 399 1650 τὸ
444 1584 683 1673 τρανὴν
728 1588 1007 1675 ἐκφῆναι
1049 1587 1395 1673 διάκρισιν,
1444 1588 1578 1655 εἴτε
1622 1586 1850 1673 δεήσοι
1876 1588 1992 1673 τῆς
2029 1582 2340 1670 τοιαύτης
2383 1607 2660 1669 περιου-

321 1690 473 1763 σίας
515 1694 775 1772 κυρίους
810 1685 982 1756 εἶναι
1008 1689 1163 1768 τοὺς
1203 1686 1541 1773 μοναστάς
1583 1693 1944 1753 ποιεῖσθαι
1990 1685 2304 1765 διάταξιν,
2354 1685 2487 1753 εἴτε
2528 1711 2660 1751 κω-

322 1783 497 1852 λύειν
556 1786 741 1867 ἰίξιον
797 1786 1034 1870 αὐτοὺς
1086 1793 1201 1875 τῆς
1259 1783 1360 1855 ἐπ’
1423 1784 1587 1874 αὐτῇ
1647 1786 2060 1873 κυριότητος·
2127 1786 2274 1854 ἐπεὶ
2332 1775 2447 1852 οὖν
2499 1787 2658 1870 περὶ

319 1889 552 1952 τοῦτο3
596 1884 1125 1977 ἀμφιβάλλοντες
1157 1889 1509 1977 διαφόροις
1550 1884 1723 1976 ἡμᾶς
1752 1886 2123 1974 ἒξαιτήσεσι
2161 1886 2334 1971 πρὸς
2360 1883 2476 1972 τὴν
2508 1885 2687 1952 &al--

321 1999 560 2073 σκεψιν
606 1990 1237 2077 συναντιλαμβάνειν
1278 1986 1835 2075 προύτρέψασθε,
1898 1990 2217 2071 τιμῶντες
2272 1982 2362 2064 ὥς
2404 1987 2470 2053 ἐν
2512 1995 2658 2065 τοῖς

319 2085 547 2168 ἄλλοις
592 2088 764 2160 οὕτω
795 2087 1139 2158 κάνταῦθα
1180 2091 1297 2179 τὴν
1328 2088 1511 2176 ὑμῶν
1543 2090 1845 2177 ἶερότητα
1885 2087 2056 2172 πρὸς
2096 2087 2214 2173 τὴν
2244 2086 2655 2173 ἐκπλήρωσιν

317 2191 797 2275 καθιστάμεθα
839 2197 956 2259 τοῦ
1003 2192 1378 2280 αἰτήματος.
1448 2191 1664 2258 ἐκεῖνα
1709 2191 1780 2257 δὲ
1825 2192 2092 2274 πρῶτον
2139 2188 2433 2274 εἰρήσθω
2475 2184 2653 2275 ἡμῖν,

320 2283 449 2355 ὅσα
475 2316 548 2374 γε
575 2304 718 2372 τοῖς
748 2293 963 2360 πάλαι
1008 2293 1390 2378 διώρισται*
1435 2294 1591 2378 περὶ
1634 2295 1765 2357 τῶν
1812 2288 1963 2377 ἄρτι
1989 2291 2454 2375 βουληθέντων
2485 2288 2657 2375 πρὸς

316 2387 434 2478 τὴν
463 2390 710 2480 μονήρη
740 2394 1247 2478 μετατάξασθαι
1268 2395 1633 2473 πολιτείαν,
1654 2393 1948 2480 -(φημὶ
1977 2389 2056 2479 δὴ
2079 2393 2235 2477 περὶ
2265 2393 2382 2456 τοῦ
2413 2391 2655 2477 πρότε-

317 2515 434 2574 ρον
466 2488 702 2573 αὐτοὺς
726 2494 810 2561 τὰ
841 2496 1052 2563 οἰκεῖα
1082 2492 1438 2580 πράγματα
1484 2496 1942 2573 διατίθεσθαι,
1991 2489 2164 2560 οὕτω
2207 2518 2280 2560 τε
2323 2492 2494 2577 πρὸς
2535 2491 2652 2580 τὴν

318 2589 857 2683 ἓπιθυμουμένην
921 2601 1275 2681 προσιέναι
1337 2597 1715 2674 πολιτείαν,
1786 2589 1954 2661 ἀλλὰ
2013 2593 2102 2682 μὴ
2161 2593 2654 2679 προλαμβάνειν

315 2691 431 2781 τὴν
474 2697 842 2785 μεταβολὴν
885 2697 1002 2761 τοῦ
1045 2702 1196 2781 βίου
1239 2695 1355 2784 τὴν
1400 2699 1553 2782 περὶ
1598 2699 1731 2762 τιῦν
1761 2694 2164 2782 πραγμάτων
2197 2692 2513 2774 διάταξιν,
2562 2689 2653 2774 ὥς

318 2793 384 2859 εἷ’
432 2818 505 2879 γε
558 2800 755 2863 τοῦτο
811 2793 983 2863 οὕτω
1040 2804 1403 2882 συμβαῖνον
1471 2793 1753 2885 ὀφθείη,
1823 2791 2040 2863 ούκέτι
2105 2791 2651 2880 ἀποκειραμένοις

317 2887 546 2974 αὐτοῖς
577 2895 1108 2986 ἐπιτραπήσεται
1136 2895 1173 2986 ἦ
1208 2898 1522 2979 διάταξις,
1571 2894 1740 2965 ἀλλὰ
1764 2895 2049 2986 χωρήσει
2080 2900 2270 2964 πᾶσα
2298 2891 2337 2983 ἦ
2370 2893 2653 2982 ῧπαρξις

319 2994 413 3073 εἷς
455 2994 572 3083 τὴν
619 2997 685 3064 ἒν
727 2988 772 3087 ᾗ
817 2994 1249 3085 ἀπεκείραντο
1294 3000 1658 3087 ἐκκλησίαν)
1704 3035 1786 3048 -
1830 3002 2037 3066 ταῦτα
2071 2999 2150 3085 δὴ
2192 2996 2278 3064 τὰ
2321 3001 2475 3083 περὶ
2517 3001 2651 3064 τῶν

317 3091 470 3180 ἄρτι
512 3099 931 3182 προσιόντων
973 3105 1067 3188 τῷ
1110 3102 1445 3188 μοναδικῷ
1499 3109 1627 3189 βίῳ
1674 3102 2074 3184 διωρισμένα
2129 3098 2213 3178 (εἰ
2266 3097 2357 3186 μὴ
2412 3099 2654 3176 παῖδες

272 3246 287 3257 .
315 3195 591 3282 πάρεισι
632 3201 749 3287 τὴν
792 3203 1228 3292 κληρονομίαν
1270 3204 1641 3282 καλοῦντες)
1698 3199 1938 3287 ἄριστά
1992 3225 2064 3267 τε
2117 3200 2224 3264 καὶ
2279 3194 2368 3275 ὥς
2412 3192 2527 3264 ούκ
2570 3195 2650 3264 ἄν

312 3323 417 3377 τις
461 3307 626 3389 φαίη
674 3301 943 3387 ἄμεινον
990 3304 1438 3386 διατέτακται,
1484 3303 1596 3371 καὶ
1639 3300 1789 3368 οὕτε
1829 3303 1894 3366 τὶ
1938 3305 2348 3384 προσθεῖναι
2387 3296 2652 3381 τούτοις

314 3395 448 3465 οὔτ’
498 3396 770 3487 ἀφελεῖν
816 3399 931 3470 ἀπ’
981 3399 1195 3472 αὐτῶν
1240 3405 1437 3472 ἐστίν.
1526 3407 1636 3471 καὶ
1676 3402 1797 3488 γὰρ
1859 3394 1894 3465 ὅ
1950 3396 2084 3484 πρὸ
2128 3401 2246 3464 τοῦ
2292 3399 2654 3484 διαμεῖψαι

313 3498 431 3585 τὴν
474 3502 818 3571 πολιτείαν
865 3504 931 3571 ἐν
974 3508 1054 3592 τῇ
1085 3504 1330 3573 ἐκείνου
1360 3504 1580 3592 γνώμῃ
1612 3506 1908 3588 κειμένην
1940 3499 2100 3582 ἔχων
2129 3499 2246 3586 τὴν
2275 3504 2407 3568 τῶν
2436 3497 2654 3586 ὕπαρ-

311 3599 560 3682 χόντων
604 3604 929 3693 διοίκησιν
972 3610 1167 3673 τοῦτο
1224 3606 1312 3693 μὴ
1369 3605 1728 3690 βουληθεὶς
1784 3601 2325 3686 διαπράξασθαι,
2385 3601 2654 3680 εἰκότως

314 3701 482 3786 μετὰ
525 3708 734 3772 ταῦτα
778 3702 1166 3793 ἀπείργεται
1208 3710 1325 3793 τῆς
1368 3705 1756 3791 ἐπιτροπῆς,
1802 3700 1998 3785 αὐτὸς
2041 3703 2275 3773 ἑαυτὸν
2320 3703 2414 3783 εἷς
2454 3706 2651 3770 τοῦτο

310 3805 759 3893 καταστήσας·
826 3805 907 3876 δι’
958 3801 1048 3877 ὧν
1103 3808 1223 3897 γὰρ
1281 3801 1397 3874 ούκ
1453 3805 1785 3894 ἐβουλήθη
1844 3806 1987 3887 ἐξὸν
2041 3803 2219 3894 αύτῷ
2274 3806 2653 3891 προδιῳκη-

312 3910 497 3972 κέναι
550 3907 633 3974 τὰ
688 3909 1077 3997 πράγματα,
1130 3909 1250 3997 τὴν
1302 3909 1470 3993 μετὰ
1524 3911 1760 3999 ταῦτα.
1788 3911 1905 3995 τῆς
1955 3908 2253 3986 ἐξουσίας
2296 3902 2649 3993 ἀφαίρεσιν

316 4000 398 4070 δι’
448 4006 683 4075 ἑαυτοῦ
737 4013 1360 4099 καταψηφιζομένην
1419 4005 1702 4096 εὐλόγως
1758 4014 1962 4097 φέρει.
2054 4005 2266 4084 ἄλλως
2307 4032 2379 4072 τε
2425 4006 2496 4071 δὲ
2538 4008 2647 4071 καὶ

315 4108 465 4186 πῶς
508 4106 623 4177 οὐκ
678 4108 966 4191 ἄτοπον,
1025 4111 1139 4178 τὸν
1184 4107 1686 4197 ἀποταξάμενον
1728 4120 1878 4188 ταῖς
1935 4109 2051 4173 τοῦ
2107 4113 2257 4192 βίου
2302 4111 2648 4195 φροντίσιν

445 4329 465 4359 ⁸
501 4334 700 4397 Scrimg.
735 4325 950 4382 τούτου.
1092 4331 1116 4360 ⁴
1152 4333 1374 4383 Videatur
1407 4333 1520 4383 Nov.
1553 4331 1807 4383 justiniani
1847 4329 1944 4380 123
1979 4344 2023 4380 c.
2058 4328 2140 4381 38.
