2900 4950
1203 249 1321 312 lmp.
1357 248 1584 299 Heraclii.
2476 236 2558 298 35

224 396 438 475 καλῶς
494 395 658 478 ἔχειν
715 388 876 483 αὐτῇ
936 395 1224 475 δόξασαν
1281 394 1698 461 διατύπωσιν
1742 394 2192 481 ποιήσασθαι,
2250 397 2401 466 οὔτε
2442 395 2557 465 τόν

227 497 800 564 ἷουστινιανοῦ
833 500 952 563 τοῦ
982 499 1101 585 τῆς
1126 491 1469 581 εὐσεβοῦς’*
1499 495 1741 582 λήξεως
1763 494 1964 580 νόμον
1994 496 2062 562 ἐκ
2085 495 2334 581 χρόνων
2362 503 2557 566 τινῶν

227 597 341 664 διὰ
381 600 497 685 τῆς
541 598 840 677 ἐναντίας
880 598 1016 664 τῶν
1044 595 1452 683 πραγμάτων
1484 596 1898 679 σχολάσαντα
1933 597 2243 685 χρήσεως,
2292 597 2444 666 οὕτε
2482 599 2560 665 τὸ

226 698 443 766 ποσὸν
495 703 630 766 τῶν
686 703 800 766 νῦν
857 697 1068 765 ο’ντων
1130 698 1476 783 θεοφιλῶν
1536 699 1940 786 [κληρικῶνΓ
2003 699 2098 777 εἰς
2155 699 2271 766 τὸν
2329 699 2561 767 ἔπειτα

221 798 454 883 χρόνον
517 801 1075 885 μεταδιώκουσαν.
1161 806 1327 879 τέως
1384 802 1507 885 μὲν
1569 799 1691 887 γὰρ
1754 801 2208 882 διατυπῶσαι,
2274 800 2430 880 τοὺς
2494 801 2560 868 ἐν

226 897 476 987 ἑκάστῳ
530 899 819 986 τάγματι
869 900 1216 978 τελοῦντας
1271 900 1437 968 κατὰ
1505 902 1623 988 τὴν
1680 897 2046 987 ἆγιωτάτην
2107 900 2392 988 μεγάλην
2458 901 2560 969 ἐκ·

222 1001 515 1088 κλησίαν,
563 995 858 1079 ὁπόσους
901 995 1136 1080 αὐτοὺς
1181 996 1351 1069 εἶναι
1392 1008 1775 1088 συμβέβηκε,
1819 1006 2035 1084 μένειν
2078 997 2178 1089 ἐφ’
2224 991 2301 1090 ἦς
2343 998 2559 1087 ὖπάρ-

217 1126 393 1184 χωσι
423 1105 537 1168 νῦν
567 1103 701 1166 τῶν
732 1101 1113 1186 προσώπων
1159 1101 1566 1186 ποσότητος,
1619 1101 1897 1188 μηδενὸς
1941 1097 2165 1180 αὐτοῖς
2210 1100 2299 1181 ῶς
2342 1104 2558 1186 ἔτυχεν

225 1202 453 1289 ἑτέρου
499 1207 1064 1286 προστιθεμένου,
1121 1203 1246 1281 ἕως
1303 1197 1385 1268 ἂν
1442 1201 1941 1286 προκόπτοντος
1994 1205 2118 1267 τοῦ
2164 1203 2399 1285 χρόνου
2445 1204 2559 1270 τὸν

222 1304 348 1387 μὲν
393 1300 751 1386 κατάλογον
793 1304 927 1369 τῶν
973 1305 1317 1390 θεοφιλῶν
1347 1307 1810 1388 πρεσβυτέρων
1854 1302 1949 1381 εἰς
1990 1301 2084 1381 π’,
2130 1306 2263 1369 τῶν
2300 1303 2372 1370 δὲ
2417 1305 2564 1370 δια-

224 1403 438 1470 κόνων
483 1397 769 1488 ἐρῤένων
808 1405 930 1487 μὲν
975 1403 1070 1482 εἷς
1111 1402 1226 1488 ρν’,
1271 1405 1566 1490 θηλειῶν
1598 1405 1671 1469 δὲ
1702 1403 2141 1473 διακονισσῶν
2184 1404 2278 1483 εἷς
2319 1403 2407 1488 μ’,
2454 1408 2561 1470 καὶ

222 1506 362 1571 τῶν
404 1498 859 1570 ὖποδιακόνων
903 1504 999 1583 εἷς
1043 1504 1118 1584 ο’,
1164 1508 1271 1571 καὶ
1314 1508 1448 1571 τῶν
1495 1499 1930 1590 άναγνωστῶν
1976 1504 2071 1584 εἷς
2111 1504 2225 1589 ρξ’,
2287 1507 2560 1587 ψαλτῶν

224 1607 301 1673 δὲ
346 1605 440 1684 εἷς
482 1604 590 1684 κε’,
638 1607 745 1670 καὶ
790 1607 1119 1690 πυλωρῶν
1164 1604 1257 1684 εἰς
1284 1604 1386 1672 ’ὀε’
1437 1604 1510 1685 ἐξ
1549 1605 1820 1671 οἱασοῦν
1849 1609 2243 1693 περιστῆναι
2271 1612 2558 1692 συμβαίη

222 1705 664 1793 προφάσεως·
719 1706 998 1793 μηδενὸς
1054 1706 1276 1791 ἑτέρου
1327 1705 1504 1794 πλὴν
1546 1709 1679 1773 τῶν
1723 1705 1790 1774 ἐν
1835 1706 2086 1793 ἑκάστῳ
2128 1707 2414 1791 τάγματι
2456 1709 2560 1773 λε-

221 1812 514 1895 γομένων
560 1814 1049 1894 πριμμικηρίων
1104 1812 1237 1874 τῶν
1277 1807 1445 1892 μετὰ
1500 1807 1618 1895 τὴν
1672 1813 2065 1894 τεταγμένην
2111 1814 2400 1892 τριετίαν
2443 1810 2560 1871 τοῦ

220 1908 522 1993 μείζονος
593 1901 995 1991 ἀξιουμένων
1059 1908 1321 1987 τούτοις
1387 1908 1970 1993 ἐγκαταλεγομένου
1995 1913 2046 1988 ⁰,
2113 1906 2274 1992 πρὶν
2341 1900 2420 1973 ἂν
2482 1907 2560 1972 τὸ

224 2010 433 2096 ῥηθὲν
478 2008 779 2093 ἐλλείψοι
806 2014 1044 2094 μέτρον
1074 2008 1384 2093 καθάπερ
1416 2009 1590 2086 εἰκός
1620 2008 1797 2075 ἐστιν
1828 2007 2314 2091 ἐλαττούμενον.
2383 2034 2562 2092 τηνι-

223 2114 430 2176 καῦτα
470 2109 591 2197 γὰρ
634 2106 986 2188 ἀκωλύτως
1030 2105 1260 2187 αὐτοῖς
1303 2103 1819 2193 ἇντεισάγεσθαι
1871 2110 2221 2187 τοσοῦτον,
2282 2104 2440 2174 ὅσον
2483 2107 2562 2172 τὸ

222 2212 678 2297 μνημονευθὲν
705 2216 942 2294 μέτρον
973 2207 1351 2296 ἀναπληροῖ
1377 2215 1929 2294 προστιθέμενον,
1954 2210 2061 2274 καὶ
2091 2207 2327 2275 τούτου
2358 2210 2562 2275 πλέον

225 2306 446 2379 οὐδέν·
504 2306 770 2390 οὐδενὸς
812 2305 965 2377 καθ’
1016 2310 1411 2398 οἷονδήποτε
1454 2310 1708 2395 τρόπον
1748 2314 2315 2397 προστιθεμένου,
2371 2309 2430 2377 εἰ
2470 2310 2558 2397 μή

226 2437 361 2480 που
403 2418 506 2492 τὶς
563 2407 646 2480 δι’
693 2407 1239 2498 ὑπερβάλλουσαν
1296 2410 1569 2501 αὔξησιν
1623 2422 1769 2491 τοῖς
1822 2409 2168 2497 πράγμασι
2221 2435 2561 2497 περιγενο-

223 2521 423 2602 μένην
464 2517 582 2601 τῆς
635 2507 834 2601 αὐτῆς
890 2509 1259 2601 ἁγιωτάτης
1315 2513 1654 2601 ἐκκλησίας
1710 2507 1793 2580 δι’
1843 2501 1935 2580 ὧν
1980 2507 2142 2598 αὐτῇ
2199 2518 2564 2597 προσνέμει

224 2616 627 2701 πραγμάτων
659 2614 727 2681 ἐν
757 2616 1036 2700 δωρεαῖς
1077 2611 1121 2701 ἢ
1153 2614 1508 2703 διαθήκαις
1548 2614 1715 2699 μετὰ
1741 2618 1857 2700 τῆς
1885 2616 2018 2681 τῶν
2050 2612 2242 2697 ἱερῶν
2271 2610 2560 2679 κανόνων

224 2714 740 2803 παρατηρήσεώς
782 2743 918 2783 τινι
957 2719 1090 2783 τῶν
1124 2717 1677 2803 προδηλουμένων
1707 2718 2182 2801 συναριθμηθῇ
2212 2713 2560 2799 ταγμάτων

222 2812 266 2905 ἢ
311 2812 411 2904 ἐφ’
462 2817 659 2902 ἑτέρῳ
710 2816 1058 2903 προσώπῳ
1113 2819 1308 2882 τοῦτο
1363 2822 1674 2901 γίνεσθαι
1727 2816 2236 2900 παρασκευάσει.
2325 2813 2560 2879 τούτου
2637 2807 2642 2810 ’

221 2917 347 3003 γὰρ
407 2915 794 3000 προϊόντος,
857 2915 970 2981 διά
1024 2942 1098 2982 τε
1138 2915 1255 3001 τὴν
1300 2910 1532 3004 εὖσεβῆ
1577 2914 1910 2999 πρόθεσιν
1953 2918 2059 2981 καὶ
2104 2915 2182 2980 τὸ
2224 2918 2340 2999 τῆς
2384 2909 2562 3000 ῶφε-

224 3021 412 3093 λείας
437 3019 722 3099 μέγεθος
753 3013 1019 3100 ἐφικτὸν
1050 3010 1220 3080 εἶναι
1248 3013 1325 3079 τὸ
1354 3020 1743 3100 τεταγμένον
1773 3014 2263 3092 πλεονάζεσθαι
2291 3021 2564 3098 μέτρονῑ

224 3120 332 3184 καὶ
378 3114 617 3182 τούτου
662 3116 735 3181 δὲ
779 3111 989 3193 ου’τως
1033 3112 1309 3196 ἔχοντος,
1355 3117 1462 3180 καὶ
1508 3116 1627 3179 τοῦ
1679 3108 1975 3199 ἀριθμοῦ
2016 3115 2148 3178 τῶν
2179 3114 2562 3231 προσώπων

228 3219 328 3286 ετι
370 3214 869 3297 πλεονάζοντος,
924 3216 990 3282 εί
1028 3239 1132 3293 τις
1172 3215 1442 3302 τοιαύτη
1487 3220 1751 3301 γένηται
1793 3213 2153 3338 πρόφασις,
2192 3212 2307 3298 τὴν
2353 3235 2566 3295 προσ-

228 3319 439 3407 θηκην
485 3318 781 3401 ἐπισχεῖν
813 3311 929 3383 οὒκ
973 3311 1326 3401 ἀναγκαῖον
1369 3311 1771 3404 ἡγήσασθαι.
1860 3315 1967 3381 καὶ
2018 3315 2152 3379 τῶν
2202 3313 2566 3399 λεγομένων

229 3424 302 3489 δὲ
345 3418 809 3505 ἐπιταγμάτων
855 3413 969 3484 οὐκ
1014 3418 1109 3496 εἰς
1154 3415 1429 3485 ευθετον
1471 3416 1906 3506 χωρησάντων
1936 3413 2047 3481 τὸ7
2092 3416 2377 3500 πλῆθος,
2427 3415 2564 3481 δεῖν

225 3518 613 3610 ἡγήσασθαι
667 3523 777 3587 καὶ
833 3522 1030 3586 τοῦτο
1096 3520 1415 3607 μηδαμῶς
1480 3521 1870 3587 καταλιπεῖν
1928 3513 2379 3601 ἀδιόρθωτον,
2447 3513 2563 3600 τὴν

228 3622 450 3709 κοινὴν
514 3625 647 3688 τῶν
717 3616 1009 3707 εὖλαβῶν
1084 3623 1401 3707 κληρικῶν
1473 3620 1734 3708 γνώμην
1800 3614 1914 3702 οὐχ
1991 3608 2186 3704 ἧττον
2249 3620 2366 3703 τῆς
2447 3619 2576 3701 σῆς.

226 3724 711 3811 μακαριότητος
755 3722 851 3801 εἷς
889 3726 1089 3788 τοῦτο
1132 3727 1605 3807 συντρέχουσαν
1668 3721 2158 3804 ἐπισταμένηςὶ
2250 3713 2414 3781 ο’θεν
2456 3719 2563 3780 καὶ

224 3829 361 3893 τῶν
432 3825 501 3892 ἓν
566 3835 711 3903 τοῖς
779 3818 1007 3903 αὐτοῖς
1074 3822 1481 3907 ἐπιτάγμασι
1533 3817 1920 3905 προσώπων
1978 3812 2078 3903 ἐφ’
2137 3805 2342 3899 οὗπερ
2401 3814 2565 3880 εἰσιν

230 3922 527 4013 ἀριθμοῦ
593 3923 955 4010 μενόντων,
1027 3925 1246 4009 ἕτερον
1310 3924 1430 4006 μὲν
1491 3917 1716 3998 αὐτοῖς
1772 3919 1843 3997 ἐξ
1896 3912 2207 3998 οὐδεμιᾶς
2264 3910 2565 4004 ἀφορμῆς

366 4180 389 4209 ⁴
427 4181 621 4232 Leuncl.
657 4175 928 4244 εὗλαβοῦς.
971 4206 1041 4215 -
1078 4179 1355 4242 Inlelligitur
1389 4179 1504 4228 Nov.
1538 4175 1791 4226 lastiniani
1830 4175 1875 4224 3.
2038 4169 2058 4200 ⁸
2092 4173 2238 4224 Voell.
2276 4188 2371 4222 non
2408 4174 2565 4222 habet.

233 4268 371 4330 Apud
409 4266 603 4317 Leuncl.
641 4266 839 4316 lacunae
877 4264 1063 4326 signum
1092 4273 1179 4314 est.
1317 4261 1339 4290 ⁶
1377 4261 1572 4312 Leuncl.
1599 4252 2083 4324 ἓγκατειλεγμένου.
2224 4256 2241 4282 ⁷
2279 4259 2423 4305 Deest
2441 4253 2568 4318 apud

237 4351 382 4401 Voell.
519 4347 542 4376 ⁸
576 4350 721 4401 Voell.
757 4342 1141 4415 ἐπισταμένην.
2135 4422 2164 4453 uz

2090 4425 2119 4470 3
