2900 4950
829 229 979 292 impp.
1019 227 1219 277 Rotnani
1249 226 1477 293 junioris,
1515 227 1770 291 Nicephori
1808 228 2007 278 Phocoe.
2468 215 2594 278 289

245 369 294 461 ἢ
335 378 669 460 παριστᾶν
714 374 809 454 εἰς
851 375 930 440 τὸ
989 375 1308 463 διαφέρον
1363 374 1730 460 ἐνάγεται.“
1815 377 1926 441 καὶ
1981 375 2185 444 πάλιν
2203 379 2243 411 ¹⁸
2260 397 2311 470 ‘,
2330 379 2551 457 ,,καλιῖ’
2554 404 2590 458 ς

252 473 565 562 ἐπερωτῶ
607 475 686 543 τὸ
731 475 1106 561 πρόστιμον
1152 474 1221 543 ἐκ
1271 480 1387 541 τοῦ
1430 481 1751 563 γενέσθαι
1790 502 1877 542 τι.
1967 476 2080 544 ἐὰν
2123 477 2246 563 γὰρ
2287 478 2377 563 μὴ
2420 484 2587 567 τεθῇ

247 588 394 657 τοῖς
426 566 809 666 συμφιόνοιξ
839 577 1062 665 ποινὴ,
1100 571 1176 643 οὗ
1206 583 1502 663 γίνονται
1533 569 2107 666 ἀόφαλιστικά’”.“
2162 582 2269 645 καὶ
2295 570 2586 659 αὖθιςω·

248 677 408 759 »ἐὰν
467 675 826 766 ὖποβληθῇ
881 682 975 765 τῷ
1034 677 1368 766 συμφώνῳ
1414 679 1649 766 ποινὴ,
1709 678 2023 765 ἑπιλογὴν
2082 680 2212 763 ἔχει
2256 677 2293 747 ὃ
2337 681 2590 768 ἐπερω-

245 779 453 869 τήσας
495 775 539 869 ἢ
579 784 660 868 τῇ
704 777 1108 867 ἐπερωτήσει
1145 780 1531 867 χρήσασθαι
1570 775 1614 868 ἢ
1655 784 1735 869 τῇ
1780 784 2209 870 παραγραφῇ,
2278 786 2385 849 καὶ
2432 808 2588 850 ποι-

243 885 406 971 ῆσαι
447 885 566 969 τῆς
608 884 848 969 ποινῆς
891 876 1213 970 ἀποχήν.“
1298 885 1406 949 καὶ
1454 878 1650 949 ὅτι”·
1711 882 1872 965 ,,ἒάν
1919 884 2411 969 ἐμπροθέσμως
2452 881 2586 952 ὕπὸ

244 982 490 1071 ποινὴν
535 978 922 1071 ὁμολογήσω
964 982 1296 1070 χρήματα,
1359 984 1416 1052 εἰ
1471 987 1583 1051 καὶ
1625 984 1760 1072 πρὸ
1802 987 1920 1072 τῆς
1962 980 2209 1073 ἡμέρας
2252 980 2588 1054 ἀποθάνω

242 1091 354 1153 καὶ
397 1085 487 1174 μὴ
531 1080 1019 1174 ὖπεισελευσθῇ
1064 1080 1103 1171 ἡ
1146 1087 1548 1172 κληρονομία
1588 1109 1751 1171 μου,
1802 1091 2192 1172 βεβαιοῦται
2232 1083 2273 1174 ἡ
2318 1088 2588 1177 ποινή.“

245 1190 356 1255 καὶ
400 1187 695 1255 πάλινυ·
738 1186 1217 1275 ,,ἐπηγγείλατό
1260 1195 1363 1267 τίς
1392 1215 1529 1258 τινι
1555 1192 1756 1276 χωρὶς
1785 1196 2159 1277 προστίμου
2191 1197 2500 1275 παρέχειν
2532 1192 2582 1257 ν’

244 1297 653 1375 νομίσματα·
697 1292 803 1357 καὶ
850 1290 1025 1375 λέγει
1065 1284 1104 1376 ἥ
1152 1288 1469 1370 διάταξις,
1514 1291 1603 1378 μὴ
1636 1286 2127 1378 ἀναγκάζεσθαι
2159 1296 2368 1358 ταῦτα
2410 1319 2585 1379 παρ·

246 1398 444 1475 ἐχειν,
504 1391 564 1459 εἰ
616 1391 704 1478 μὴ
775 1389 1334 1477 παρηκολούθησε
1407 1391 1850 1476 πρόστιμον.“
1932 1396 2037 1459 καὶ
2093 1399 2299 1478 μυρία
2349 1391 2431 1460 ἄν
2484 1420 2588 1473 τις

242 1495 521 1558 τοιαῦτα
548 1492 737 1577 παρὰ
764 1502 910 1571 τοῖς
953 1488 1183 1574 νόμοις
1228 1488 1517 1576 ἐφεύροι,
1565 1485 1850 1576 ἀκριβῶς
1889 1491 2003 1580 τὴν
2033 1496 2166 1559 τῶν
2198 1495 2586 1579 προστίμων

244 1593 566 1679 δηλοῦντα
610 1593 905 1678 δύναμιν,
951 1594 1060 1659 καὶ
1106 1587 1197 1671 ῶς
1241 1587 1433 1659 οὐδὲν
1473 1593 1675 1678 χωρὶς
1702 1589 1973 1672 τούτων,
2019 1592 2194 1680 πλὴν
2221 1594 2424 1677 μόνον
2453 1599 2585 1662 τῶν

238 1696 563 1781 γαμικῶν,
620 1692 706 1760 τὰ
759 1699 1339 1782 συμπεφωνημένα
1394 1692 1686 1760 δύναται.
1778 1692 1838 1761 εἰ
1881 1694 1954 1760 δὲ
2003 1691 2273 1762 τίθεται
2311 1698 2432 1780 μὲν
2476 1701 2582 1764 καὶ

240 1798 352 1862 νῦν
396 1794 806 1882 ἐπερώτησις
847 1798 957 1863 καὶ
989 1793 1331 1880 πρόστιμα
1369 1805 1515 1874 τοῖς
1545 1794 1949 1883 συμφώνοις,
1998 1791 2114 1864 οὐκ
2144 1790 2585 1866 ἀπαιτοῦνται

241 1897 344 1977 δὲ,
401 1903 471 1964 τί
525 1899 730 1964 πλέον
788 1893 928 1963 ἀπὸ
984 1899 1102 1962 τοῦ
1155 1902 1433 1963 κεῖσθαι
1474 1902 1744 1981 γίνεται,
1791 1900 1907 1962 τοῦ
1954 1892 2249 1983 ἀναιρεῖν
2293 1897 2376 1964 τὰ
2421 1923 2585 1983 συμ-

239 2003 644 2084 φωνηθέντα
699 1999 1105 2084 βουλομένου
1159 1997 1363 2083 μηδὲν
1421 1991 1564 2064 ἀπὸ
1625 2000 1743 2063 τοῦ
1810 2003 2084 2063 κεῖσθαι
2148 1999 2582 2082 κωλυομένου,

239 2097 389 2165 ἐπεὶ
433 2097 550 2184 τὴν
582 2099 931 2184 εἴσπραξιν
963 2093 1322 2166 ἐπίσταται
1346 2096 1438 2185 μὴ
1471 2092 2010 2180 ἀκολουθοῦσανς
2056 2098 2247 2185 πόσῳ
2283 2101 2347 2165 δὲ
2381 2101 2584 2187 μηδὲν

237 2205 511 2266 κεῖσθαι
567 2199 835 2267 κάλλιον
892 2190 999 2288 ἦν,
1056 2200 1222 2286 μηδὲ
1275 2199 1828 2282 καταψεύδεσθαι
1881 2203 2014 2266 τῶν
2058 2200 2432 2287 συμφώνων
2475 2207 2580 2269 καὶ

237 2304 516 2386 πρᾶγμα
557 2308 870 2387 γίνεσθαι
910 2300 1195 2387 μάταιον
1249 2304 1354 2368 καὶ
1415 2299 1639 2385 κενόνς
1711 2299 1826 2369 διὰ
1866 2304 2075 2369 ταῦτα
2116 2303 2316 2373 καλόν
2358 2330 2431 2372 τε
2472 2307 2580 2371 καὶ

236 2404 638 2491 κοινωφελὲς
682 2404 865 2485 ἔδοξε
906 2407 999 2491 τῷ
1044 2399 1337 2492 ἡμετέρῳ
1381 2402 1624 2491 κράτει,
1679 2403 2021 2491 πρόστιμα
2063 2412 2576 2485 κατατίθεσθαι,

238 2504 276 2571 ὁ
320 2508 427 2573 καὶ
456 2506 847 2592 βουλόμεθα
887 2508 994 2574 καὶ
1039 2508 1453 2592 θεσπίζομεν
1483 2508 1576 2587 εἷς
1605 2506 1681 2574 τὸ
1728 2508 1876 2596 ἑξῆς
1919 2508 2354 2596 ἐνεργεῖσθαι,
2403 2508 2580 2592 ε’νερ-

234 2616 511 2695 γεῒσθαι
555 2610 629 2676 δὲ
672 2608 838 2678 κατά
876 2634 950 2696 γε
992 2609 1071 2676 τὸ
1115 2612 1260 2696 θεῷ
1307 2612 1506 2698 φίλον
1536 2612 1643 2677 καὶ
1688 2610 1806 2697 τὴν
1835 2614 1951 2675 τοῦ
1986 2612 2188 2696 νόμου
2219 2605 2575 2696 ἀκρίβειαν.

1197 3014 1368 3076 Nov.
1415 3015 1615 3076 xvtn.

935 3132 1085 3214 Imp.
1128 3132 1535 3214 Nicephori
1581 3133 1868 3193 phocae

235 3237 310 3299 de
355 3236 552 3298 fundis
583 3234 830 3297 militum
861 3234 1304 3322 Armenicorum
1338 3244 1395 3297 et
1424 3234 1849 3297 homicidarum
1870 3234 1907 3295 ¹.
1976 3233 2161 3312 (inter
2189 3236 2574 3309 963—969.)

242 3385 487 3485 Νεαρά
558 3382 1057 3488 [νικηφόρου]
1086 3391 1117 3435 ²
1182 3386 1262 3457 ἐν
1344 3381 1543 3459 λύσει
1628 3386 2021 3484 ἀναφορᾶς
2100 3384 2266 3481 περὶ
2341 3387 2571 3482 ἄρμε-

371 3589 407 3617 ¹⁸
443 3592 585 3641 Basil.
607 3590 766 3651 unt,
800 3592 839 3653 Ι,
867 3588 1196 3652 68tfleimb.).
1231 3592 1388 3641 Locus
1425 3592 1768 3643 restituendae.
1910 3592 1946 3619 ¹⁹
1983 3592 2130 3642 Codd.
2155 3582 2571 3657 ἀσφαλιστικαί.

234 3674 278 3703 ²⁰
311 3675 550 3738 anil.Xi‚
593 3678 635 3737 l,
679 3675 753 3725 to.
889 3672 925 3701 ²¹
961 3676 1280 3735 unsihxull,
1307 3676 1348 3737 l,
1369 3676 1435 3725 74
1456 3677 1698 3735 (Remum.
1740 3679 1893 3728 Locus
1913 3678 2256 3729 restituendus·
2395 3676 2435 3743 *ἶ
2470 3679 2573 3727 Non

232 3762 437 3812 invenio.
508 3761 649 3810 Forte
684 3760 934 3824 depravata
970 3768 1083 3810 stunt
1118 3776 1173 3809 ex
1212 3762 1316 3810 Bne.
1357 3761 1429 3823 xl,
1475 3763 1515 3821 t,
1552 3761 1635 3810 89.

370 3843 383 3870 ¹
420 3844 558 3895 Extat
592 3845 641 3893 in
676 3858 785 3907 app.
822 3846 933 3908 Syn.
973 3845 1010 3894 tt
1050 3851 1099 3894 et
1136 3844 1196 3894 ΙΙΙ
1233 3845 1323 3905 eL,
1370 3844 1496 3893 unde
1532 3845 1683 3894 edidit
1720 3846 1965 3895 labbaeus
2001 3862 2047 3910 p.
2070 3848 2153 3897 «Π.
2225 3846 2277 3894 ln
2314 3857 2424 3906 app.
2462 3846 2573 3907 Syn.

235 3931 255 3979 t
291 3931 351 3980 el.
390 3930 591 3979 habetur
635 3929 741 3994 ejus
787 3928 1034 3992 Epitome,
1088 3943 1232 3993 quam
1282 3929 1431 3978 edidit
1484 3928 1676 3977 Leunci.
1712 3936 1823 3991 post
1860 3933 1969 3992 ssu.
2008 3943 2053 3990 p.
2075 3930 2139 3978 46
2189 3936 2237 3977 et
2283 3928 2333 3975 in
2368 3928 2494 3975 δι’-Β.
2534 3927 2571 3977 tt

235 4030 281 4078 p.
307 4014 418 4065 169.
558 4011 578 4040 ²
613 4015 664 4065 ln
703 4015 813 4078 Syn.
854 4013 896 4062 tl
933 4020 982 4061 et
1016 4013 1079 4061 ΙΙΙ
1115 4013 1173 4062 cl.
1211 4020 1315 4062 est:
1356 4005 1547 4076 Νεαρὰ
1582 4010 1679 4060 τοῦ
1715 4005 1883 4061 αὐτοῦ
1918 4003 1978 4059 ἐν
2009 4003 2157 4059 λύσει
2185 4007 2296 4058 κτλ.
2374 4011 2573 4061 Praece-

233 4100 304 4148 dit
338 4107 496 4148 autern
519 4098 708 4149 Novella
729 4097 1028 4148 Constantini
1053 4097 1441 4162 porphyrogeniti
1477 4111 1622 4160 supra
1659 4111 1737 4146 no.
1761 4095 1861 4145 vtlt
1882 4094 2024 4157 edita,
2062 4102 2113 4144 ut
2148 4095 2349 4158 proinde
2366 4097 2573 4160 Novella,

233 4197 377 4247 quam
425 4191 713 4247 tractamus,
763 4184 1104 4243 Constantino,
1152 4197 1248 4231 non
1295 4182 1569 4246 Nicephoro
1617 4180 1757 4229 tribui
1806 4180 2033 4231 vidvatur.
2101 4179 2348 4244 Epitomao
2397 4190 2572 4243 tannen,

234 4282 378 4331 quam
415 4268 652 4331 appendix
689 4271 799 4333 Syn.
837 4267 896 4317 ol.
933 4266 1205 4335 louhibet,
1240 4267 1546 4317 inscribitur:
1596 4257 1828 4329 Νεαρίι
1866 4256 1917 4312 α’
1960 4256 2365 4331 νικηφόρου
2410 4262 2572 4332 περὶ

233 4344 630 4418 ἀρμενικῶν
668 4345 896 4401 τόπων
924 4345 1037 4401 καὶ
1073 4350 1458 4417 φονευτῶν.
1534 4349 1776 4409 (Nonnulli
1807 4348 2008 4401 Codices
2032 4352 2165 4402 MSS.
2187 4350 2426 4401 rubricam
2447 4347 2573 4416 περὶ

338 4436 420 4486 tlt.
2104 4436 2166 4486 19
