2900 4950
1011 288 1130 352 lmp.
1169 288 1426 338 Andronici
1464 288 1687 338 senioris.
2392 282 2517 343 627.

172 438 406 499 ensium
451 447 551 500 ant
593 446 753 500 esset
795 447 1101 499 accusatus
1145 439 1220 499 de
1263 439 1461 500 debito
1499 438 1585 499 vel
1617 438 1808 519 aliqua
1841 440 1951 501 alia
1984 440 2081 503 tali
2113 458 2309 516 causa,
2357 442 2513 523 quod

175 539 301 600 lieri
348 538 559 600 debeat
602 558 783 618 super
827 540 938 599 hoc
973 539 1258 618 judicium
1305 547 1365 601 et
1408 556 1653 600 examen
1698 549 1759 601 et
1801 540 2050 602 vindicta
2097 551 2157 603 et
2178 543 2412 622 justicia
2446 564 2517 606 ex
2602 549 2611 555 '
2712 530 2717 543 ¹

173 649 342 720 parte
396 640 583 701 nostri
630 630 864 720 imperii
918 641 1236 701 summaria
1294 649 1354 701 et
1405 639 1696 720 expedita.
1787 640 2067 703 Similiter
2124 644 2247 704 lieri
2307 645 2518 708 debeat

175 760 246 802 ex
292 749 456 821 parte
498 742 762 820 ipsorum
791 741 1178 802 Januensium
1224 741 1500 803 omnibus
1547 741 1765 803 nostris
1809 752 1869 804 et
1911 743 2186 806 omnibus
2218 745 2365 820 aliis,
2412 747 2515 826 qui

171 841 553 909 inveniuntur
595 842 656 903 in
697 842 871 904 terris
915 842 1152 922 Imperii
1198 843 1401 904 nostri.
1470 840 1598 903 Erit
1643 843 2057 906 nichilominus
2088 831 2146 906 'et
2175 847 2517 925 operabitur

174 943 250 1004 de
306 943 433 1004 aliis
487 942 789 1016 omnibus»,
847 962 965 1004 non
1011 952 1239 1005 tantum
1283 944 1358 1004 de
1401 943 1515 1004 illis
1560 944 1660 1023 qui
1702 960 1836 1005 cum
1874 944 2228 1024 juramentis
2274 956 2334 1008 et
2376 966 2519 1008 con-

174 1042 556 1105 vencionibus
612 1043 988 1105 inveniuntur
1043 1045 1103 1105 in
1161 1044 1335 1106 terris
1379 1045 1615 1124 lmperii
1662 1045 1879 1106 nostri:
1943 1065 2079 1108 nam
2124 1048 2199 1108 de
2243 1049 2355 1110 illis
2399 1050 2511 1112 erit

176 1145 254 1217 id,
302 1146 459 1224 quod
504 1144 821 1223 requiritur
863 1164 973 1225 per
1013 1146 1174 1225 ipsas
1217 1146 1645 1207 convenciones
1687 1146 1971 1225 ipsorum.

345 1263 489 1324 Item
535 1263 690 1342 quod
737 1282 943 1325 omnes
989 1262 1244 1327 nefarios
1287 1272 1347 1324 et
1392 1263 1823 1325 malell'actores
1870 1265 2089 1326 Grecos
2134 1285 2238 1326 seu
2270 1266 2511 1329 Latinos

174 1362 442 1426 subditos
488 1362 656 1425 nobis
702 1363 787 1425 vel
835 1385 951 1427 non
1000 1364 1282 1437 subditos,
1331 1374 1529 1444 preter
1572 1360 1702 1425 illos
1747 1366 1846 1445 qui
1893 1366 1965 1427 de
2011 1374 2177 1446 parte
2222 1380 2357 1429 sunt
2391 1368 2517 1430 illo-

174 1485 305 1526 rum
355 1464 452 1545 qui
497 1465 923 1527 convenciones
968 1474 1025 1527 et
1067 1446 1498 1526 sacramentum
1546 1464 1849 1527 nobiscum
1895 1466 2133 1542 habent,
2181 1470 2280 1548 qui
2313 1478 2519 1530 contra

172 1586 427 1628 comune
473 1566 559 1627 vel
604 1567 874 1629 homines
913 1567 1244 1628 Januenses
1290 1566 1375 1627 vel
1421 1575 1623 1627 contra
1670 1565 1800 1626 illos
1846 1567 1944 1646 qui
1990 1575 2270 1630 tenentur
2317 1579 2379 1630 ut
2418 1569 2519 1630 Ja-

176 1688 438 1730 nuenses
493 1669 746 1748 dampna
805 1668 1090 1729 inseri-ent
1144 1678 1204 1729 et
1259 1667 1583 1741 molestiaS,
1639 1685 2068 1747 persequemur
2111 1680 2171 1730 et
2214 1670 2515 1749 capientes

173 1771 338 1850 ipsos
395 1769 706 1851 puniemus
762 1770 1085 1830 secundum
1138 1768 1291 1849 juris
1348 1769 1647 1829 ordinem:
1706 1778 1881 1851 prout
1940 1769 2208 1832 similiter
2263 1772 2375 1851 ipsi
2420 1773 2519 1832 Ja-

175 1870 438 1933 nucnses
494 1870 709 1931 dehent
765 1888 973 1930 omnes
1031 1869 1287 1930 nel'arios
1330 1870 1663 1930 Januenses
1721 1879 1780 1930 et
1822 1869 2284 1931 maleffactores⁶
2326 1873 2515 1933 Janue

171 1982 238 2035 et
281 1973 378 2052 qui
421 1971 754 2032 Januenses
799 1971 1074 2031 dicuntur
1117 1970 1412 2048 persequi,
1462 1988 1669 2048 sapere
1714 1979 1770 2029 et
1817 1971 2026 2047 punire
2072 1970 2394 2031 secundum
2421 1973 2519 2053 ju-

174 2074 260 2136 ris
293 2072 589 2133 ordinem.

348 2190 492 2253 ltem
540 2190 696 2270 quod
739 2178 1071 2249 Januenses
1116 2197 1175 2247 et
1219 2187 1316 2267 qui
1350 2186 1681 2248 Januenses
1712 2195 1989 2248 tenentur
2016 2187 2234 2249 habere
2267 2190 2517 2254 debeant

174 2293 505 2355 libertatem
550 2289 783 2351 emendi
831 2289 904 2350 de
941 2288 1112 2350 terris
1145 2288 1380 2362 nostris,
1427 2307 1575 2367 quas
1602 2287 1885 2349 habemus
1916 2296 1976 2350 et
2004 2289 2258 2352 habituri
2291 2311 2516 2365 sumuS,

173 2394 373 2455 omnia
422 2391 717 2466 victualia,
773 2402 973 2471 preter
1017 2391 1371 2450 fulmentum
1417 2398 1477 2449 et
1520 2388 1627 2449 alia
1675 2389 1931 2462 semina,
1991 2398 2048 2451 et
2090 2391 2398 2453 extrahere
2444 2393 2517 2454 de

173 2497 352 2559 terris
395 2494 630 2575 Imperii
675 2493 861 2555 nostri
908 2503 966 2554 et
1009 2492 1138 2554 sine
1182 2492 1376 2571 aliquo
1409 2491 1828 2571 impedimento
1861 2491 1947 2551 vel
1982 2491 2168 2554 (lacita
2202 2495 2518 2555 comerchii

174 2598 269 2658 vel
311 2596 548 2658 alterius
592 2591 929 2657 exactionis.

349 2715 494 2776 Item
552 2715 709 2793 quod
763 2714 838 2774 de
881 2712 1007 2773 aliis
1049 2711 1257 2783 terris,
1317 2730 1431 2790 que
1476 2720 1616 2772 sunt
1657 2711 1719 2771 in
1765 2729 1927 2771 mare
1973 2712 2179 2791 majori
2229 2730 2338 2773 nec
2381 2726 2522 2777 sunt

176 2815 446 2895 subjecte
490 2814 744 2893 Imperio
791 2823 1026 2885 nostro,
1081 2812 1339 2872 habeant
1402 2811 1726 2871 libertatem
1786 2811 1897 2889 ipsi
1939 2810 2272 2874 Januenses
2316 2822 2376 2874 et
2418 2814 2519 2893 qui

179 2927 249 2979 ut
289 2915 620 2978 Januenses
667 2921 942 2975 tenentur
986 2912 1290 2973 extrahere
1346 2921 1405 2972 et
1447 2910 1671 2970 extrahi
1715 2911 1924 2970 facere·
1951 2921 2010 2971 et
2053 2921 2289 2990 portare
2333 2925 2393 2974 et
2435 2916 2522 2974 l'a-

177 3036 317 3080 cere
377 3015 594 3094 portari
656 3014 1052 3074 mercaciones
1109 3030 1491 3091 quascunque
1550 3010 1866 3088 voluerint,
1933 3021 1993 3072 et
2047 3013 2401 3073 surmentum
2461 3023 2521 3075 et

179 3115 449 3179 victualia
497 3116 725 3187 omnia,
785 3113 974 3192 ligna,
1032 3114 1220 3193 picem
1280 3121 1339 3172 et
1383 3111 1647 3185 alumen,
1707 3121 1765 3171 et
1809 3131 2016 3172 omnes
2061 3111 2204 3174 alias
2249 3115 2519 3175 ressine

179 3218 603 3301 impedimento
650 3215 843 3295 aliquo
889 3214 1045 3276 illato
1091 3212 1311 3274 eisdem
1357 3231 1426 3273 ex
1461 3221 1625 3291 parte
1657 3211 1893 3292 imperii
1926 3212 2141 3273 nostri:
2188 3222 2242 3273 et
2278 3223 2521 3294 propter

179 3318 522 3402 hujusmodi
580 3316 976 3379 mercaciones
1031 3317 1150 3376 non
1213 3314 1465 3375 debeant
1521 3313 1648 3391 cogi
1703 3311 1926 3376 solvere
1984 3312 2266 3392 quidquid
2324 3314 2520 3393 aliquo

181 3425 360 3488 modo
407 3420 631 3484 ratione
675 3416 948 3482 comm-cii
993 3435 1099 3478 seu
1141 3415 1383 3476 alterius
1428 3414 1621 3476 dacili.

353 3540 497 3601 ltem
557 3554 676 3597 non
736 3533 1128 3596 detinebimus
1187 3550 1298 3593 nec
1353 3531 1604 3593 detineri
1659 3530 1941 3591 faciemus
1982 3529 2070 3591 vel
2114 3531 2522 3610 permittemus

182 3660 388 3705 navem
447 3638 700 3717 aliquam
759 3655 864 3696 seu
909 3635 1143 3715 aliquod
1189 3634 1408 3714 lignum
1457 3631 1702 3711 alicujus
1745 3632 2131 3696 Januensium
2178 3630 2264 3693 vel
2310 3633 2409 3712 qui
2459 3641 2522 3693 ut

181 3744 518 3805 Januenses
558 3747 863 3811 tenentur,
910 3755 1020 3796 nec
1060 3736 1419 3798 Januensem
1466 3733 1718 3814 aliquem
1765 3733 1851 3793 vel
1897 3733 1994 3813 qui
2041 3742 2276 3795 tenetur
2320 3741 2383 3793 ut
2423 3733 2524 3794 Ja-

186 3843 450 3917 nuensis,
494 3841 558 3901 in
601 3856 856 3919 persona
901 3836 990 3897 vel
1033 3836 1210 3898 rebus
1229 3855 1267 3908 ,·
1301 3835 1408 3896 'sed
1453 3835 1675 3904 hahere
1716 3833 1969 3896 debeant
2012 3834 2411 3896 omnimodam
2455 3833 2525 3893 li-

187 3946 472 4005 bertatem
529 3950 589 4003 et
642 3938 896 4019 spatium
953 3936 1206 4000 exeundi
1259 3936 1393 3996 sine
1446 3933 1869 4013 impedimento
1912 3934 1986 3993 de
2031 3931 2304 3994 omnibus
2348 3932 2522 3994 terris

188 4044 376 4107 nostri
422 4040 689 4121 Imperii,
749 4035 1140 4119 personaliter
1193 4045 1253 4095 et
1305 4034 1572 4108 realiter,
1632 4033 1745 4094 nisi
1791 4034 1938 4094 sorte
1981 4032 2202 4094 fuerint
2241 4031 2519 4112 inculpati

189 4146 265 4206 de
310 4143 504 4222 aliquo
550 4140 774 4211 debito,
822 4140 974 4200 l'urto
1019 4138 1108 4199 vel
1150 4136 1386 4217 rapina,
1433 4136 1507 4196 de
1553 4153 1669 4213 quo
1715 4133 1926 4194 debeat
1961 4131 2211 4212 judicari
2259 4133 2316 4196 iu
2362 4134 2521 4206 curia

323 4391 348 4421 ⁰
381 4394 689 4456 Legendum:
730 4396 785 4444 de
821 4397 1047 4445 districtu.
2011 4467 2120 4519 40*
2162 4446 2169 4452 .
