2900 4950
365 261 491 323 274
1270 270 1387 319 con.
1427 270 1505 319 m.
1578 269 1690 319 Nm.
1727 270 1803 319 xl.

537 425 617 487 α’.
714 419 812 486 Τὰ
867 420 986 504 μὲν
1019 407 1157 484 <232³
1214 419 1369 501 περὶ
1425 420 1543 504 τῆς
1597 420 1714 483 τοῦ
1762 421 2020 503 φονέως
2068 415 2394 502 διαγωγῆς
2436 418 2544 482 καὶ
2591 420 2711 502 τῆς

368 524 573 591 εἰσέτι
613 519 942 605 βιώσεως,
994 518 1225 598 καθὼς
1265 515 1304 604 ἦ
1350 516 1654 605 κανονική
1700 512 2001 602 ἀκρίβεια
2042 516 2373 596 τυπώσει,
2437 517 2711 584 διοικεῖ-

368 632 538 693 σθαι
580 622 942 707 κελεύομεν.
1032 616 1344 708 ἀειφυγίᾳ
1389 621 1462 686 δὲ
1507 615 1704 685 αὐτὸν
1751 618 1863 684 διὰ
1905 619 2105 705 τῆσδε
2147 621 2264 704 τῆς
2301 623 2711 702 νομοθεσίας

366 725 878 847 καταδικάζομεν
933 726 1050 788 τοῦ
1108 722 1351 801 τόπου,
1408 716 1561 787 καθ’
1613 720 1686 786 ὃν
1737 727 1995 806 γέγονεν
2045 715 2084 804 ἦ
2131 719 2549 806 πλημμέλεια
2590 723 2708 786 τοῦ

370 827 658 918 φονικοῦ
672 825 1064 910 μιάσματος,
1097 827 1293 889 τοῦτο
1313 825 1431 907 μὲν
1461 821 1820 909 κολαζούσῃ
1846 820 1960 887 τὸν
1989 816 2478 908 ἆμαρτήσαντα,
2509 824 2709 887 τοῦτο

371 931 444 997 δὲ
466 928 555 1016 μὴ
583 930 861 994 πλείονα
887 930 1000 1013 τῆς
1026 922 1246 1003 ἀνίαςΊ
1290 951 1394 991 και
1424 926 1541 990 τοῦ
1568 918 1939 1010 ἀλγήματος
1975 920 2246 1009 αὔξησιν
2276 932 2421 1000 τοῖς
2455 925 2549 1009 τῷ
2586 947 2710 989 πε-

372 1036 749 1132 φονειμένῳ
800 1030 1191 1115 διαφέρουσι
1233 1026 1778 1113 κατεργαζομένη·
1828 1025 1992 1102 ἴσως
2024 1024 2095 1089 δὲ
2140 1026 2247 1089 καὶ
2277 1018 2711 1111 ἀμφοτέρωνθ

372 1127 486 1198 οὖκ
509 1126 928 1252 o'couvptw6qwg,
948 1125 1036 1207 ῶς
1061 1155 1138 1194 αν
1157 1127 1246 1215 μή
1281 1153 1447 1194 ποτε
1466 1131 1584 1193 τοῦ
1608 1126 2050 1213 λελυπηκότος
2074 1135 2330 1208 συνεχεῖ
2354 1120 2583 1210 ὁράσει
2600 1127 2711 1191 καὶ

370 1238 450 1322 τῇ
494 1236 612 1300 τοῦ
655 1227 1362 1317 προαποβεβιωκότος”
1410 1227 1629 1316 μνήμῃ
1677 1228 1771 1307 εἷς
1815 1222 2217 1312 αὖθαίρετον
2269 1222 2597 1313 εκδίκησιν
2642 1226 2706 1292 οἱ

371 1335 817 1424 προσήκοντες
843 1327 1018 1419 αὐτῷ
1045 1330 1562 1416 παρορμώμενοι
1588 1332 1762 1417 κακῷ
1788 1329 1865 1395 τὸ
1895 1329 2091 1395 κακὸν
2125 1327 2532 1407 έξιάσασθαι
2561 1353 2712 1394 πει-

371 1440 658 1523 ραθῶσι,
678 1434 787 1501 καὶ
816 1435 1097 1499 διπλοῦν
1120 1433 1525 1517 ἐργάσωνται
1553 1432 1630 1496 τὸ
1662 1435 1907 1515 πτῶμα
1935 1434 2051 1517 τῆς
2080 1436 2493 1517 μιαιφονίας.
2543 1429 2712 1495 ἔστω

370 1540 490 1622 μὲν
523 1526 636 1603 οὗν
667 1531 980 1621 ἀειφυγίᾳ
1010 1534 1277 1612 πάντως
1308 1529 1343 1598 ὃ
1378 1533 1615 1619 φονεὺς
1662 1532 1917 1599 ἐκεῖθεν
1949 1529 2554 1614 καταδικαζόμενος,
2602 1530 2715 1595 καὶ

372 1640 707 1726 μηδέποτε
736 1637 1147 1719 περινοστῶν
1194 1634 1384 1701 {usim
1424 1634 1534 1701 καὶ
1581 1628 2003 1718 αὐλιζόμενος
2034 1632 2101 1700 ἐν
2131 1637 2209 1720 τῇ
2240 1636 2337 1721 γῇ,
2384 1630 2422 1718 ἢ
2470 1632 2713 1714 ἔχανε“

373 1738 451 1804 τὸ
474 1742 590 1804 τοῦ
617 1733 858 1815 ἀδίκως
877 1731 1343 1858 ἀναιρεθέντος
1365 1730 1657 1821 ἀδελφοῦ
1678 1732 2144 1814 ὑποδέξασθαι
2168 1730 2351 1818 αἷμα.
2383 1735 2490 1800 καὶ
2512 1735 2713 1798 τοῦτο

374 1842 642 1926 πρῶτον
654 1837 820 1922 μετὰ
844 1837 959 1924 τὴν
976 1837 1506 1924 ἐκκλησιαστικὴν
1523 1836 1904 1923 ἐπιτίμησιν
1919 1836 1995 1901 τὸ
2010 1834 2376 1920 κατάκριμα
2393 1835 2710 1916 δεχέσθω.

541 1938 623 2026 β’.
711 1938 897 2024 Πρὸς
940 1937 1151 2025 τούτῳ
1199 1939 1270 2004 δὲ
1313 1937 1425 2004 καὶ
1468 1942 1582 2024 τῆς
1629 1937 1872 2016 οἰκείας
1932 1937 2261 2004 ἔκπτωσιν
2304 1932 2728 2060 ύφιστάσθω

374 2046 795 2127 περιουσίας,
855 2035 930 2107 οὗ
987 2044 1080 2127 τῶ
1139 2042 1434 2127 δημοσίῳ
1495 2044 2086 2125 προσκυρουμένης.
2178 2037 2235 2104 εἷ
2288 2063 2414 2164 γαρ
2470 2033 2714 2104 ὕπεστι

373 2142 615 2231 γαμετὴ
673 2146 767 2230 τῷ
825 2145 1139 2229 φονευτῇ,
1199 2140 1315 2228 τήν
1372 2167 1445 2208 τε
1503 2153 1749 2227 προῖκα
1809 2141 1911 2207 δεῖ
1960 2142 2068 2206 καὶ
2112 2139 2197 2206 τὰ
2242 2139 2451 2207 οἰκεῖα
2494 2137 2715 2205 πάντα

374 2246 771 2328 κομίζεσθαι
813 2243 1073 2329 ταύτην,
1120 2246 1228 2310 καὶ
1276 2243 1374 2310 ἔτι
1414 2241 1531 2331 τὴν
1578 2241 1711 2326 πρὸ
1742 2245 1858 2308 τοῦ
1893 2242 2104 2326 γάμου
2139 2241 2422 2328 δωρεάν·
2469 2241 2527 2308 εἰ
2556 2239 2713 2327 τύχῃ

378 2346 450 2413 δὲ
493 2347 601 2411 καὶ
644 2344 1020 2466 θεώρετρον
1064 2341 1522 2429 ὗποσχεθεῒσα
1566 2338 1608 2431 ἢ
1652 2343 1814 2409 ἄλλο
1860 2346 1955 2423 τὶ,
2013 2346 2121 2410 καὶ
2164 2341 2402 2409 τούτου
2446 2339 2718 2461 πάντως

379 2447 546 2531 ἔχειν
602 2444 720 2535 τὴν
782 2441 1114 2534 ἀνάληψιν
1169 2450 1275 2514 καὶ
1321 2446 1437 2533 τὴν
1480 2444 1863 2533 κιριότητα,
1926 2446 2189 2512 παίδων
2240 2471 2330 2531 μη
2384 2439 2711 2510 ὑπόντων.

379 2550 437 2617 εἰ
484 2551 554 2617 δὲ
598 2546 830 2615 ύπεισι
873 2550 1141 2629 παῖδες,
1198 2552 1314 2635 τῆς
1366 2547 1657 2636 χρήσεως
1712 2551 1843 2614 τῶν
1898 2551 2187 2634 γαμικῶν
2243 2548 2490 2633 κερδῶν
2538 2540 2716 2613 ἀπο-

379 2649 601 2717 λαύειν
648 2645 846 2735 αὐτὴν
889 2654 1126 2717 πασῶν
1183 2654 1315 2716 τῶν
1374 2650 1485 2717 ἐπὶ
1544 2649 1805 2728 τούτοις
1861 2653 2144 2733 νομικῶν
2196 2645 2714 2771 παρατηρήσεων

380 2756 931 2837 συντηρουμένων,
978 2755 1109 2818 τῶν
1156 2753 1228 2819 δὲ
1272 2753 1535 2818 παίδων
1581 2752 1649 2819 ἐκ
1692 2756 1808 2838 τῆς
1852 2749 2052 2838 άλλης
2094 2750 2412 2837 πατρῴας
2442 2772 2716 2835 περιου-·

319 2854 332 2861 “
380 2858 530 2931 σίας
573 2856 666 2938 τῷ
711 2859 911 2939 τρίτῳ
955 2853 1585 2939 κληροδοτουμένων.
1674 2856 1782 2919 καὶ
1841 2852 1900 2919 εί
1953 2854 2073 2937 μὲν
2130 2848 2165 2917 ὃ
2222 2850 2460 2939 φονεὺς
2506 2849 2716 2937 οἰκείᾳ

378 2960 708 3040 προθέσει
751 2949 794 3043 ἢ
836 2959 914 3041 τῇ
960 2958 1092 3021 τῶν
1135 2953 1606 3036 κανονιζόντων
1653 2948 1909 3020 αὐτὸνιὶι
1962 2955 2331 3040 συμβουλίᾳ
2382 2954 2488 3019 καὶ
2536 2952 2716 3017 δοκι-

375 3063 587 3145 μασίᾳ
617 3055 787 3142 πρὸς
817 3056 930 3122 τὸν
958 3055 1310 3141 μοναχικὸν
1340 3057 1416 3121 τὸ
1448 3054 1773 3142 πρότερον
1793 3059 1831 3091 ¹³
1871 3050 2479 3140 άποσκευαζόμενος
2506 3056 2714 3139 μῦσος

375 3160 695 3246 μετέλθοι
737 3164 917 3245 βίον,
965 3157 1322 3244 λαμβάνειν
1366 3158 1445 3224 τὸ
1487 3158 1930 3246 μοναστήριον
1974 3157 2051 3224 τὸ
2093 3180 2315 3242 τριτον
2357 3162 2556 3241 μέρος
2599 3157 2715 3240 τῆς

379 3256 581 3329 αὐτοῦ
639 3266 1063 3345 περιουσίας,
1122 3264 1240 3327 τοῦ
1297 3262 1541 3326 λοιποῦ
1597 3267 1821 3347 τρίτου
1874 3267 2113 3344 μέρους
2168 3262 2246 3346 τῇ
2296 3262 2546 3342 γυναικὶ
2604 3258 2715 3323 καὶ

375 3374 521 3442 τοῖς
536 3366 575 3398 “
618 3368 869 3440 τέκνοις
899 3364 1392 3448 φυλαττομένου
1422 3366 1540 3427 τοῦ
1570 3361 2075 3447 τελευτήσαντος
2106 3361 2200 3439 εἷς
2225 3357 2460 3443 μικρὰν
2492 3382 2718 3442 παρα-

377 3470 630 3546 μυθίαν
677 3467 792 3549 τῆς
837 3463 1086 3529 ἑαυτῶν
1131 3464 1557 3547 δυσκληρίας·
1604 3462 1662 3529 εἰ
1706 3463 1778 3529 δὲ
1800 3456 1936 3583 ,οὐχ
1982 3458 2215 3528 ὕπεισι
2254 3463 2346 3547 τῷ
2385 3482 2718 3546 πεφονευ-

378 3569 553 3649 μένῳ
598 3565 855 3642 παῖδες,
902 3566 980 3650 τῇ
1024 3566 1275 3648 γυναικὶ
1322 3566 1427 3630 καὶ
1459 3575 1604 3644 τοῖς
1645 3559 1942 3631 ἀνιοῦσιν
1975 3563 2088 3645 ἒξ’
2074 3564 2222 3630 ι’σου
2255 3563 2716 3647 διαιρουμένου
2798 3648 2809 3657 ·
2889 3616 2891 3637 ,

379 3689 494 3729 του
539 3660 879 3787 101061312
890 3671 1147 3750 τρίτου·
1203 3663 1507 3750 γυναικὸς
1564 3667 1634 3733 δὲ
1689 3670 1805 3732 τοῦ
1861 3672 2013 3750 βίου
2070 3662 2714 3751 nqoanewoboqgffi,

379 3767 488 3833 καὶ
530 3766 795 3833 παίδων
841 3762 1077 3849 ὄντων,
1123 3765 1397 3846 τούτους
1439 3771 1912 3853 προτιμᾶσθαι
1952 3771 2085 3833 τῶν
2130 3763 2482 3832 ἀνιόντων
2540 3763 2598 3831 εἰ
2645 3764 2717 3831 δὲ

377 3870 568 3958 μήτε“
574 3869 892 3947 “παῖδες
946 3869 1109 3955 μήτε
1161 3869 1315 3958 γυνὴ
1370 3868 1536 3958 μήτε
1593 3864 1887 3947 ἀνιόντες
1930 3869 2057 3936 εἰσὶ
2101 3871 2195 3954 τῶ
2242 3862 2715 3953 ἀναιρουμένῳ,

514 4057 533 4084 ⁷
567 4060 784 4107 Bone-nd.
826 4067 871 4108 et
906 4058 1099 4109 Leuncl.
1138 4067 1247 4122 post
1282 4061 1392 4122 Syn.
1430 4052 1532 4120 τὴν
1567 4050 1746 4115 ἀνίαν,
1787 4060 1914 4123 quod
1952 4060 2157 4109 fortusse
2192 4064 2420 4123 praestat.
2567 4051 2588 4081 ⁸
2624 4055 2721 4104 Ma·

381 4143 461 4192 lim
500 4134 839 4208 ἀμφοτέροις
869 4171 916 4178 -
942 4134 1274 4208 ἆσυμφόρῳ.
1382 4140 1404 4170 ’
1442 4144 1652 4192 Bonessd.
1683 4152 1729 4192 et
1767 4145 1959 4193 Leuncl.
1988 4152 2097 4207 post
2124 4146 2234 4208 Syn.
2257 4135 2712 4210 προβεβιωκότος-

383 4222 422 4252 ¹⁰
456 4226 647 4275 Leuucl.
672 4228 716 4275 in
752 4242 898 4287 marg.
934 4220 1114 4276 ἐκεῖσε.
1226 4227 1256 4253 ”
1296 4228 1411 4277 mid.
1448 4221 1617 4292 ἔλαχε.
1728 4227 1765 4254 ¹²
1799 4228 1919 4277 lbid.
1941 4221 2139 4275 αὐτῶν.
2250 4225 2285 4255 ¹⁸
2322 4227 2439 4277 ibid.
2468 4224 2713 4292 πρῶτον.

383 4307 422 4335 “
458 4310 716 4359 Articulum
754 4312 967 4361 Bam-fid.
1005 4321 1050 4361 et
1088 4313 1280 4362 Leuncl.
1317 4314 1573 4377 post'Syu.
1618 4327 1713 4361 non
1753 4314 1943 4362 habent.
2081 4310 2119 4340 ¹⁸
2155 4311 2347 4363 Leuncl.
2384 4310 2447 4360 ib.
2486 4312 2533 4360 in
2571 4324 2717 4371 marg.

383 4388 484 4442 τὸν
514 4388 638 4456 βίον
671 4390 1114 4461 προεξελθούσης.
1255 4395 1294 4423 ¹⁸
1331 4398 1524 4448 Leuncl.
1560 4399 1623 4447 ib.
1662 4406 1710 4446 et
1743 4397 1954 4446 Bonessd.
1991 4390 2088 4462 μή.
