2900 4950
1122 221 1240 284 lmp.
1275 219 1533 283 Nicephori
1571 221 1773 271 Phocoe.
2091 241 2098 250 ·
2484 210 2606 272 295

256 365 343 432 τὸ
386 364 584 433 κακὸν
628 364 971 434 ἐκκόπτειν
1012 364 1424 453 βουλόμενοι,
1470 370 1579 434 καὶ
1624 366 2110 449 σπουδάζοντες
2140 367 2307 457 ὅπερ
2337 367 2417 439 ἂν
2447 367 2610 458 ἀγα-

253 464 397 533 θὸν
454 469 758 551 ποιῶμεν
815 467 928 534 διὰ
981 466 1148 535 θεὸν
1191 467 1395 551 μόνον
1440 480 1664 536 ποιεῖν
1689 473 1814 564 κκαὶ
1858 469 1947 558 μὴ
1995 470 2352 540 συνάπτειν
2394 473 2607 560 τούτῳ

258 570 376 635 καὶ
416 567 536 656 τὴν
581 565 1016 657 ἀνθρωπίνην
1063 564 1423 655 ἀρέσκειαν,
1472 571 1583 637 ἵνα
1613 571 1702 662 μὴ
1732 574 1849 658 τῆς
1880 566 2312 657 ἀντιμισθίας
2339 575 2609 655 πάντως

256 673 381 758 τῆς
423 665 581 755 παρ’
634 666 835 737 αὐτοῦ
882 673 1352 754 διαπίπτωμεν
1397 665 1694 755 (ἀπέχειν
1735 671 1858 758 γὰρ
1902 671 2025 760 ἤδη
2069 675 2223 753 τοὺς
2264 676 2608 756 τοιούτους

262 767 302 837 ὅ
345 777 542 850 θεῖος
586 772 780 858 λόγος
825 775 987 860 φησὶ
1032 771 1146 838 τὸν
1189 772 1488 855 μισθὸν),
1533 772 1877 858 κελεύομεν
1919 775 2074 854 τοὺς
2117 772 2407 862 εὐσεβεῖν
2446 786 2607 865 βου-

259 874 580 957 λομένους
639 878 746 941 καὶ
786 873 1227 961 χρηστότητος
1268 877 1376 940 καὶ
1423 876 1947 962 φιλανθρωπίας
1991 877 2144 964 ἐ’ργα
2189 875 2408 946 ἀνύειν
2453 874 2608 947 ἀκο-

260 973 532 1052 λούθως
586 977 666 1061 τῇ
721 977 839 1040 τοῦ
893 978 1237 1058 χριστοῦ
1284 977 1704 1061 πορεύεσθαι
1747 977 2004 1065 ἐντολῇ,
2065 982 2172 1045 καὶ
2217 982 2609 1061 πωλοῦντας

260 1073 351 1142 τὰ
392 1071 772 1161 ὑπάρχοντα
818 1075 1078 1142 διδόναι
1120 1081 1417 1162 πένησιν.
1487 1075 1697 1157 ου’τως
1737 1078 1860 1165 γὰρ
1905 1080 2256 1164 περιττοὺς
2299 1078 2470 1168 ἡμᾶς
2515 1078 2608 1150 εἶ-

264 1203 380 1243 ναι
432 1181 541 1245 καὶ
596 1176 1102 1266 φιλοδαπάνους
1155 1176 1315 1263 περὶ
1354 1176 1471 1244 τὸν
1518 1179 1697 1246 ἔλεον
1739 1181 2079 1265 βούλεται,
2142 1178 2232 1260 ὥς
2272 1184 2361 1271 μὴ
2402 1185 2608 1322 μόνοΙν

266 1268 363 1345 ῶν
411 1280 634 1364 ε’χομεν
674 1277 1024 1367 χρημάτων
1066 1289 1213 1358 τοῖς
1248 1279 1562 1366 χρῄζουσι
1605 1292 1961 1362 κοινωνεῖν,
2010 1277 2178 1348 ἀλλὰ
2209 1287 2317 1350 καὶ
2346 1290 2607 1353 ταῦτα18

266 1380 777 1468 δαπανήσαντας
833 1381 946 1447 ἐπὶ
1002 1380 1120 1467 τὴν
1179 1384 1430 1467 πρᾶσιν
1488 1382 1769 1468 ἑτοίμως
1819 1395 2058 1470 χωρεῖν
2111 1387 2243 1450 τῶν
2298 1387 2606 1473 κτήσεων.

266 1482 332 1550 εἰ
379 1483 451 1549 δέ
492 1509 662 1562 τινες
705 1478 914 1561 οὕτως
959 1482 1088 1550 εἰσὶ
1124 1481 1478 1569 φιλόκαλοι
1506 1489 1614 1552 καὶ
1642 1487 2075 1571 μεγαλουργοὶ
2107 1488 2452 1572 (καλοῦμεν
2480 1489 2604 1582 γὰρ

266 1580 484 1663 οὕτως
527 1579 743 1652 αὐτῶν
785 1584 864 1651 τὸ
909 1583 1309 1673 φιλότιμον),
1357 1582 1448 1665 ῶς
1490 1590 1598 1653 καὶ
1639 1587 2051 1674 μοναστήρια
2095 1594 2408 1657 συνιστᾶν
2449 1591 2608 1677 βού-

266 1688 547 1766 λεσθαι,
606 1685 888 1767 ξενῶνάς
940 1711 1015 1754 τε
1058 1690 1167 1753 καὶ
1212 1699 1641 1774 γηροκομεῖα,
1704 1684 1740 1754 ὃ
1783 1688 2094 1756 κωλύσων
2139 1686 2374 1771 οὐδείς.
2465 1687 2603 1761 ἀλλ’

265 1788 419 1856 ἐπεὶ
460 1786 683 1856 πολλοὶ
724 1792 857 1855 τῶν
903 1787 974 1856 ἐκ
1015 1788 1269 1854 πολλοῦ
1314 1792 1432 1854 τοῦ
1475 1789 1711 1876 χρόνου
1754 1798 2191 1878 γεγενημένων
2219 1794 2609 1882 κεκμήκασιν

263 1888 388 1978 ἤδη
445 1890 756 1976 καθάπερ
815 1891 1072 1976 εἴρηται
1124 1888 1238 1955 καὶ
1291 1889 1465 1974 πρὸς
1522 1889 1601 1956 τὸ
1642 1893 1846 1977 μηδὲν
1904 1888 2076 1958 εἶναι
2129 1893 2359 1975 σχεδὸν
2415 1920 2611 1980 περι-

266 1998 582 2079 έστησαν,
631 1992 890 2060 ἐκείνων
936 1981 1123 2058 οὗτοι
1166 1991 1779 2075 ἐπιμελείσθωσαν,
1845 1995 1953 2059 καὶ
2012 1992 2383 2061 διδότωσαν
2422 1999 2611 2080 χεῖρα
2711 1985 2714 1998 ’

263 2101 589 2180 κειμένοις
629 2097 738 2161 καὶ
783 2097 936 2179 περὶ
982 2087 1151 2159 αὐτὰ
1195 2091 1632 2160 δεικνύτωσαν
1675 2093 1753 2160 τὸ
1809 2093 2154 2181 φιλόθεον.
2245 2096 2370 2174 ἕως
2414 2092 2477 2162 δ’
2528 2090 2608 2164 ἂν

262 2200 399 2265 τῶν
442 2195 916 2283 προλαβόντων
962 2192 1174 2271 οὕτως
1217 2193 1496 2277 ἐχόντων
1530 2189 1719 2261 αὐτοὶ
1748 2199 2190 2282 παρορῶντες,
2237 2200 2345 2265 καὶ
2379 2193 2607 2285 ὥσπερ

266 2295 371 2367 ἐπ’
435 2296 601 2366 αὐτὰ
654 2298 928 2383 μύοντες
982 2299 1091 2364 καὶ
1147 2291 1573 2382 εὖαγγελικῶς
1630 2297 1844 2365 εἰπεῖν
1900 2293 2606 2421 ἀντιπαρερχόμενοιω,

264 2401 440 2488 πρὸς
493 2404 735 2469 καινῶν
791 2400 1029 2487 ετέρων
1086 2398 1469 2483 οἰκοδομίας
1510 2406 2034 2481 κατατείνονται,
2094 2395 2224 2466 οὔτ’
2275 2400 2609 2468 ἐπαινέσω

264 2504 345 2571 τὸ
388 2508 663 2591 πρᾶγμα
707 2500 859 2570 οὕτε
899 2500 1027 2589 μὴν
1069 2501 1148 2567 τὸ
1190 2499 1518 2588 παράπαν
1563 2500 1740 2568 ἐάσω
1784 2509 2112 2587 γίνεσθαι,
2161 2497 2351 2570 οὐδὲν
2387 2504 2616 2589 ἕτερον

264 2602 309 2694 ἢ
352 2610 536 2693 κενῆς
580 2607 791 2692 ἔρωτα
835 2603 1028 2689 δόξης
1070 2605 1180 2669 καὶ
1221 2609 1464 2687 μανίαν
1508 2606 1664 2688 περὶ
1711 2599 1910 2687 αὐτὴν
1956 2602 2455 2693 ὡμολογημένην
2499 2608 2609 2672 καὶ

268 2709 464 2788 εἰδώς
515 2712 712 2775 τοῦτο
769 2709 876 2774 καὶ
922 2700 1279 2790 ὀνομάζων.
1368 2704 1902 2788 ἐπιμελεῖσθαιω
1943 2707 2016 2772 δὲ
2058 2711 2189 2773 τῶν
2233 2706 2612 2793 προλαβόν-

265 2837 401 2878 των
442 2813 552 2877 καὶ
594 2814 919 2897 βοηθείας
962 2807 1289 2890 δεομένων
1332 2805 1707 2889 κελεύομεν,
1763 2801 1880 2872 οὐκ
1922 2801 2160 2893 ἀγροὺς
2202 2815 2611 2894 παρέχοντας

270 2908 426 2980 οὐδὲ
466 2911 718 2990 τόπους
762 2908 840 2996 δή
886 2932 1074 2986 τινας
1113 2910 1224 2976 καὶ
1268 2905 1623 2990 οἰκοδομὰς
1673 2906 1890 2983 (ἱκανὰ
1930 2907 2052 2992 γὰρ
2096 2907 2181 2974 τὰ
2225 2909 2606 2995 φθάσαντα,

266 3018 375 3082 καὶ
422 3011 593 3100 ἅπερ
641 3014 892 3096 ἔχοντες
934 3008 1479 3096 τυγχάνουσιν“ἒξ
1522 3002 1772 3095 ἀρχῆς)“
1820 3002 1956 3074 ἀλλ’
2002 3004 2374 3097 ἠμελημένα
2403 3013 2612 3076 ταῦτα

267 3118 376 3185 καὶ
422 3111 717 3203 ἀκαμῆκ
679 3117 789 3182 καὶ
835 3108 1200 3197 ἀνέργαστα
1245 3103 1325 3177 δι’
1375 3104 1666 3195 ἀπορίαν
1709 3115 1973 3230 κείμενα
2010 3109 2378 3197 χρημάτων,
2444 3110 2612 3179 ἐκεῖ·

269 3242 375 3286 νοι
428 3216 583 3296 τοὺς
638 3212 876 3302 ἀγροὺς
932 3210 1046 3292 οὓς
1102 3211 1324 3295 ἔχουσι
1377 3213 1486 3279 καὶ
1541 3210 1697 3290 τοὺς
1749 3210 2001 3289 τόπους
2066 3206 2611 3296 ἀπεμπολοῦντες

269 3319 444 3406 πρὸς
498 3317 612 3397 οὓς
652 3322 785 3385 τῶν
832 3316 1162 3400 κοσμικῶν
1204 3311 1577 3399 βούλονται,
1623 3318 1947 3399 προνοίας
1989 3307 2157 3380 αὐτὰ
2198 3317 2314 3401 τῆς
2355 3336 2613 3401 προση-

269 3421 509 3505 κούσης
536 3417 1089 3500 καταξιούτωσαν,
1123 3416 1378 3494 οἰκέτας
1406 3419 1821 3500 παρέχοντες,
1853 3413 2036 3499 βόας,
2070 3422 2371 3501 ποίμνια,
2402 3414 2613 3483 τᾶλλα

272 3518 399 3590 ὅσα
445 3523 634 3608 ἕτερα
662 3525 795 3589 τῶν
824 3521 1091 3608 κτηνῶν.
1154 3518 1213 3586 εἶ
1239 3516 1361 3607 γὰρ
1396 3512 1631 3597 αὐτοὺς
1662 3517 1946 3597 ἐκείνους
1974 3515 2088 3596 οὓς
2118 3517 2344 3604 ἔχομεν
2375 3513 2613 3606 ἀγροὺς

268 3628 376 3692 καὶ
420 3624 672 3704 τόπους
713 3620 1188 3709 παράσχοιμεν,
1236 3619 1383 3689 ἐπεὶ
1426 3619 1511 3687 τὰ
1552 3622 1687 3687 τῶν
1732 3620 1929 3687 οἴκων
1958 3622 2066 3686 καὶ
2097 3623 2229 3686 τῶν
2259 3620 2611 3707 ἐκκλησιῶν

271 3722 307 3793 ὅ
353 3725 556 3811 νόμος
600 3727 804 3812 εἴργει
846 3722 1391 3809 πιπράσκεσθαι,
1447 3721 1542 3799 εἷς
1583 3715 1823 3789 ταύτὸν
1867 3718 2106 3807 ἥξομεν
2147 3724 2244 3806 τῷ
2287 3726 2610 3806 προτέρῳ,

270 3831 379 3896 καὶ
423 3827 509 3896 τὰ
540 3831 754 3906 κακῶς
786 3826 1015 3909 ἔχοντα
1043 3828 1155 3891 καὶ
1184 3820 1611 3909 πεπονηκότα
1641 3822 2128 3905 καταλείψομεν
2161 3815 2610 3903 ἀθεράπευτα,

271 3928 619 4017 χρημάτων
664 3924 784 3996 οὐκ
829 3923 1054 4007 ὄντων,
1103 3921 1258 4017 οὐδὲ
1299 3927 1416 4011 τῆς
1454 3921 1675 4008 χειρὸς
1718 3920 1987 4008 ἐχούσης
2028 3920 2097 3986 τὶ
2123 3924 2256 3986 τῶν
2286 3943 2616 4008 προεστη-

274 4030 482 4099 κότων
498 4033 541 4067 ²¹
585 4033 694 4099 καὶ
741 4032 1115 4117 δυναμένης.
1192 4022 1365 4093 ῶστε
1408 4019 1547 4092 ἀπὸ
1591 4024 1707 4089 τοῦ
1751 4025 1925 4089 viv*
1965 4022 2194 4110 μηδενὶ
2241 4020 2480 4101 ἐξέστω
2521 4022 2602 4108 μὶ

412 4269 453 4297 ¹⁸
504 4270 757 4323 Lounclnv.
809 4263 966 4321 αὐτά.
1178 4266 1215 4297 ²⁹
1266 4267 1384 4317 lbid.
1420 4277 1648 4332 παρερχ.
1862 4259 1904 4289 ²⁰
1957 4264 2079 4315 Hinc
2114 4263 2334 4329 Epitome
2370 4265 2613 4316 nonnullis

278 4356 473 4406 mutatis
506 4356 696 4419 incipit.
837 4352 874 4381 ²¹
912 4354 1103 4405 Leuncl.
1139 4354 1189 4404 in
1225 4365 1404 4413 mum:
1442 4349 1537 4416 „aL
1572 4343 2028 4418 προσηκόντων“.
2135 4404 2140 4409 .
2169 4347 2211 4376 ²²
2245 4350 2388 4419 Bais„
2419 4354 2502 4414 qui
2537 4364 2638 4399 se-·
