2900 4950
349 248 474 311 534
749 266 754 273 ’
1107 263 1225 312 con.
1261 263 1335 312 ιν.
1404 261 1518 312 nov.
1556 261 1782 313 Lxxxtx.
1818 261 1912 311 xe.

517 415 642 476 Ilec
684 413 921 497 quidem
967 422 1125 485 sunt,
1168 430 1285 491 que
1313 411 1572 473 Venetici
1616 411 1870 492 Imperio
1913 420 2118 472 nostro
2164 418 2225 471 et
2254 409 2543 472 Romanie
2586 430 2702 491 per

350 517 797 579 conventionem
827 515 1295 594 spoponderunt.
1386 513 1679 584 Quoniam
1711 532 1847 575 vero
1892 521 1948 574 et
1991 530 2102 591 per
2135 510 2543 590 juramentum
2579 513 2698 574 hec

350 619 556 680 eadem
577 617 925 679 manifestus
947 614 1209 675 videlicet
1226 614 1355 675 Dux
1372 613 1615 675 Venetie
1638 622 1697 676 et
1719 613 2010 676 manifesti
2028 612 2283 673 Venetici
2308 614 2699 675 confirmave-

351 729 507 791 runt,
557 716 789 798 imperii
836 716 1021 778 nostri
1069 715 1375 776 clementia
1420 714 1760 795 hujusmodi
1806 733 2008 775 eornm
2041 714 2491 774 conventionem
2524 714 2695 794 jura·

352 829 551 882 mento
595 816 1030 880 corroboratam
1076 816 1329 895 benigne
1375 816 1686 895 recipiens,
1731 816 1791 876 in
1825 815 2132 895 pristinam
2166 815 2466 885 unionem,
2511 835 2690 895 qnam

351 941 483 983 cnm
529 920 811 982 Romania
858 917 1181 991 habebant,
1248 936 1350 979 eos
1396 917 1665 978 restituit.
1755 917 1831 979 Et
1872 935 2164 977 renovans
2207 916 2553 995 chrysobuta
2602 917 2690 978 eis

352 1025 498 1085 facta
544 1023 619 1084 ab
663 1023 820 1083 inter
848 1021 1239 1101 Imperatores
1283 1037 1521 1098 semper
1552 1018 1935 1079 memorando
1966 1017 2329 1097 Imperatore
2371 1025 2430 1077 et
2472 1028 2687 1097 patruo

353 1124 585 1204 lmperii
631 1124 838 1195 nostri,
883 1121 1103 1182 domini
1136 1118 1423 1181 Mannelis
1453 1118 1736 1180 Comnani
1756 1118 1815 1192 ¹⁴,
1863 1119 2150 1198 promittit
2176 1137 2287 1198 per
2312 1137 2484 1179 sunm
2516 1120 2690 1199 chry-

352 1224 621 1287 sobulum
667 1224 927 1295 verbum,
972 1241 1075 1283 eos
1120 1222 1451 1283 conversari
1499 1222 1559 1281 in
1591 1218 1878 1280 universis
1924 1220 2095 1280 terris
2142 1229 2342 1280 nostre
2385 1220 2481 1301 pie
2526 1229 2689 1281 tran-

352 1326 652 1407 quillitatis
694 1343 804 1405 per
846 1334 1060 1386 terram
1120 1331 1179 1384 et
1235 1341 1344 1402 per
1400 1339 1561 1383 mare
1604 1321 1827 1399 absque
1871 1321 2033 1382 omni
2078 1320 2315 1381 datione
2357 1323 2687 1383 secundnm

350 1427 894 1510 conprehensiones
937 1424 1272 1504 hujusmodi
1319 1421 1835 1502 chrysobulorum,
1901 1432 1961 1483 et
2002 1423 2125 1482 fore
2168 1422 2361 1483 salvos
2404 1430 2463 1483 et
2504 1422 2688 1483 intre·

351 1529 522 1609 pidos
577 1528 637 1588 in
695 1526 968 1606 personis
1025 1534 1084 1586 et
1139 1523 1439 1604 peccuniis
1498 1541 1700 1584 eornm
1756 1532 1876 1583 tam
1937 1523 2012 1583 ab
2066 1522 2403 1585 hominihus
2446 1523 2683 1602 Imperii

350 1629 555 1702 nostri,
601 1646 775 1707 qnam
822 1626 895 1687 ab
940 1626 1074 1705 ipso
1116 1618 1368 1704 lmpe'rio
1415 1633 1639 1699 nostro,
1692 1633 1750 1685 et
1791 1623 2068 1685 habere¹³
2108 1642 2318 1685 omnes
2360 1623 2683 1697 districtus,

349 1749 497 1810 qnos
541 1727 838 1789 habebant
879 1737 1146 1806 tempore
1187 1726 1343 1787 illate
1387 1722 1485 1787 eis‘
1520 1727 1604 1787 ire
1644 1744 1882 1806 semper
1910 1726 2274 1786 memorandi
2306 1725 2687 1804 Imperatoris

348 1840 406 1893 et
448 1830 639 1911 patrui
685 1829 922 1908 Imperii
965 1828 1186 1902 nostri,
1233 1828 1453 1888 domini
1500 1827 1786 1889 Manuelis
1830 1827 2145 1900 Comnani,
2191 1827 2454 1906 ipsisque
2497 1827 2688 1887 Vene-

346 1933 476 1995 ticis
519 1931 685 1994 reddi
731 1938 792 1992 et
833 1948 1041 1991 omnes
1087 1948 1181 1990 res
1222 1947 1445 2002 eorum,
1497 1947 1613 2008 que
1656 1930 1715 1990 in
1766 1929 1993 2008 palatiis
2036 1937 2096 1989 et
2140 1929 2514 1989 monasteriis
2560 1930 2688 1990 l'ue-

347 2042 514 2107 runt,
561 2042 622 2094 et
663 2051 777 2112 que
822 2032 880 2093 in
925 2031 1260 2092 vestiarium
1305 2031 1665 2091 intraverunt
1711 2040 1767 2091 et
1797 2029 1922 2090 ‘alia
1968 2029 2093 2090 loca
2110 2030 2151 2061 ¹⁶
2194 2030 2416 2109 scripto
2456 2039 2519 2091 et
2560 2049 2685 2092 non

346 2136 585 2214 scripto.
674 2134 777 2193 Set
818 2140 879 2193 et
922 2150 1030 2211 pro
1087 2131 1293 2203 rebus,
1351 2149 1468 2209 qne
1525 2131 1831 2192 manifeste
1890 2150 2006 2191 non
2065 2131 2462 2209 reperientur,
2522 2131 2687 2193 dabit

345 2236 634 2296 serenitas
678 2233 911 2312 Imperii
959 2233 1144 2292 nostri
1188 2232 1460 2292 homines
1503 2232 1894 2304 sufficientes,
1940 2232 2144 2310 eisque
2188 2231 2492 2311 precipiet,
2539 2252 2689 2311 qua-

345 2345 520 2397 tenns
563 2353 660 2395 res
704 2333 1110 2393 Veneticorum
1157 2333 1419 2394 studiose
1464 2342 1715 2412 querant
1759 2343 1817 2394 et
1861 2334 2190 2413 reperiant,
2256 2350 2325 2394 ac
2367 2334 2417 2394 si
2469 2333 2545 2394 de
2588 2353 2688 2395 ve-

347 2438 548 2499 stiario
593 2434 826 2514 Imperii
873 2434 1056 2495 nostri
1104 2432 1293 2495 ablate
1337 2442 1559 2496 essent.
1649 2434 1760 2507 Qui
1807 2443 1866 2496 et
1901 2434 2160 2515 juvar-2¹⁷
2205 2434 2454 2511 debent,
2521 2436 2682 2515 quod

345 2539 668 2601 secundnm
715 2544 1057 2615 preceptum
1104 2534 1339 2614 Imperii
1399 2536 1585 2597 nostri
1644 2535 1963 2598 studebunt
2006 2537 2267 2598 invenire
2311 2546 2371 2598 et
2411 2537 2681 2616 accipere

344 2637 680 2718 hujusmodi
727 2655 825 2697 res
868 2637 940 2696 ad
986 2636 1272 2697 honorem
1319 2636 1626 2698 clementie
1670 2648 1871 2699 nostre
1922 2650 1981 2700 et
2024 2637 2326 2700 utilitatem
2373 2639 2683 2699 venetico·

343 2757 494 2800 rum.
583 2738 658 2799 Et
703 2737 753 2799 si
797 2737 1013 2819 aliquid
1060 2738 1133 2797 de
1179 2737 1294 2799 hiis
1337 2738 1635 2799 venditum
1680 2747 1790 2812 est,
1836 2748 1894 2800 et
1936 2739 2147 2801 dixerit
2167 2740 2478 2801 Veneticus
2523 2741 2685 2801 sran-

343 2840 614 2901 dulenter
654 2839 795 2901 illud
845 2840 967 2899 sore
1010 2839 1342 2911 venditum,
1393 2839 1617 2917 jurabit
1670 2840 1766 2901 ille
1823 2841 1921 2920 qui
1967 2840 2257 2914 vendidit,
2316 2843 2474 2921 quod
2521 2841 2681 2902 bona

345 2942 458 3002 tide
504 2959 624 3001 rem
671 2941 928 3002 Venetici
986 2942 1313 3003 vendiderit
1369 2950 1427 3002 et
1483 2960 1592 3021 pro
1650 2951 1845 3014 tanto,
1903 2942 2183 3023 quanto¹⁸
2235 2961 2362 3002 eam
2420 2943 2680 3004 vendere

343 3043 552 3123 quivit,
607 3051 668 3105 et
721 3043 876 3124 qnod
935 3062 1045 3103 nec
1086 3042 1222 3122 plus
1265 3043 1405 3103 inde
1461 3043 1753 3122 acceperit
1808 3061 1920 3104 nec
1973 3052 2321 3123 accepturus
2378 3053 2502 3114 est,
2560 3044 2679 3104 nisi

342 3155 624 3223 quantum
670 3144 829 3215 dixit,
876 3144 922 3202 si
965 3143 1334 3222 propinquus
1365 3143 1598 3223 imperii
1631 3144 1815 3204 nostri
1848 3163 1965 3204 non
2000 3145 2191 3206 fuerit.
2280 3144 2676 3205 Veruntamen

341 3254 401 3307 et
453 3246 527 3306 de
588 3245 937 3325 propinquis
993 3244 1357 3305 celsitudinis
1414 3256 1616 3306 nostre
1673 3254 1733 3305 et
1788 3246 1861 3305 de
1917 3245 2046 3305 aliis
2102 3246 2277 3306 debet
2322 3245 2445 3306 fleri
2501 3255 2679 3306 canta
2868 3245 2873 3312 4

334 3346 577 3426 justitia,
623 3346 947 3407 secnndnm
995 3346 1148 3425 quod
1196 3345 1436 3407 deberet
1480 3346 1604 3408 tieri
1659 3365 1769 3426 pro
1811 3347 1987 3407 rebus
2031 3347 2239 3408 ablatis
2284 3349 2358 3408 de
2400 3345 2679 3410 vestiario

340 3457 543 3507 nostro
589 3446 821 3525 Imperii
870 3448 1074 3507 nostri.

507 3546 683 3608 Item
730 3556 806 3621 et,
853 3547 899 3608 si
946 3566 1055 3627 pro
1100 3546 1362 3618 servitio,
1419 3548 1575 3626 qnod
1625 3547 1876 3626 Imperio
1923 3557 2124 3610 nostro
2170 3549 2386 3608 facient
2426 3548 2512 3607 vel
2559 3548 2685 3610 lm·

337 3647 628 3728 peratnris
684 3650 1005 3708 secundnm
1067 3649 1221 3728 qnod
1270 3647 1487 3708 dictum
1536 3657 1654 3721 est,
1715 3647 2119 3728 supervenerit
2162 3649 2247 3709 eis
2291 3648 2595 3710 inimicitia
2642 3669 2681 3709 a

337 3758 610 3812 coronata
656 3768 907 3829 persona
955 3749 1041 3808 vel
1087 3767 1118 3810 a
1165 3768 1374 3828 magna
1417 3759 1625 3828 gente,
1684 3750 1857 3810 debet
1910 3750 2223 3828 Imperium
2269 3760 2536 3814 nostrum
2586 3750 2686 3812 vel

336 3849 682 3929 Imperetur-i
728 3867 836 3929 per
877 3859 1140 3929 tempora
1186 3870 1290 3912 eos
1326 3851 1563 3930 juvare,
1619 3851 1940 3912 secundum
1986 3852 2141 3930 qnod
2181 3849 2388 3930 juvare
2433 3851 2690 3914 deberet

337 3969 513 4011 unam
560 3951 633 4011 de
691 3951 916 4029 magnis
974 3951 1255 4014 Romanie
1314 3953 1667 4026 civitatibuS,
1726 3960 1998 4030 excepto,
2057 3952 2103 4011 si
2164 3971 2273 4031 pro
2333 3952 2685 4033 quindecim

334 4051 544 4130 galeiS,
592 4072 738 4135 quas
786 4053 1036 4136 lmperio
1082 4063 1286 4114 nostro
1331 4053 1472 4114 dare
1518 4053 1730 4114 debent
1776 4053 1927 4113 infra
1975 4063 2207 4133 tempus
2253 4054 2446 4132 pacis,
2494 4071 2690 4134 quam

467 4285 506 4315 ¹⁴
541 4289 694 4351 Lege:
732 4291 917 4341 donnino
953 4291 1162 4340 Munuele
1198 4290 1442 4340 comneno.
1580 4288 1618 4316 ¹⁵
1653 4291 1798 4340 Narin
1836 4292 1973 4341 etiam
2009 4290 2157 4342 addit.
2297 4289 2335 4318 ¹⁸
2370 4289 2539 4341 idem:
2581 4294 2694 4343 alio

335 4370 452 4421 loco.
590 4369 626 4398 ¹⁷
663 4372 824 4423 Idem:
863 4388 1039 4423 curare.
1179 4371 1217 4398 ¹⁸
1253 4372 1412 4423 Idem:
1447 4389 1532 4438 pro
1571 4383 1759 4438 quanto.
