<?xml version="1.0" encoding="UTF-8"?>
<!DOCTYPE html PUBLIC "-//W3C//DTD XHTML 1.0 Transitional//EN"
    "http://www.w3.org/TR/xhtml1/DTD/xhtml1-transitional.dtd">
<html xmlns="http://www.w3.org/1999/xhtml" xml:lang="en" lang="en">
 <head>
  <title>
</title>
<meta http-equiv="Content-Type" content="text/html;charset=utf-8" />
  <meta name='ocr-system' content='tesseract 3.04.00' />
  <meta name='ocr-capabilities' content='ocr_page ocr_carea ocr_par ocr_line ocrx_word'/>
</head>
<body>
  <div class='ocr_page' id='page_1' title='image "./jusgraecoromanu00linggoog_0086.png"; bbox 0 0 2900 4950; ppageno 0'>
   <div class='ocr_carea' id='block_1_1' title="bbox 372 194 1818 258">
    <p class='ocr_par' dir='ltr' id='par_1_1' title="bbox 372 194 1818 258">
     <span class='ocr_line' id='line_1_1' title="bbox 372 194 1818 258; baseline 0.002 -3"><span class='ocrx_word' id='word_1_1' title='bbox 372 194 454 256; x_wconf 82' lang='grc'><strong><em>46</em></strong></span> <span class='ocrx_word' id='word_1_2' title='bbox 1278 207 1397 258; x_wconf 85' lang='lat' dir='ltr'><strong>Con.</strong></span> <span class='ocrx_word' id='word_1_3' title='bbox 1437 208 1470 257; x_wconf 88' lang='grc' dir='ltr'><strong><em>Ι.</em></strong></span> <span class='ocrx_word' id='word_1_4' title='bbox 1540 207 1654 257; x_wconf 77' lang='grc' dir='ltr'><strong><em>Νον.</em></strong></span> <span class='ocrx_word' id='word_1_5' title='bbox 1690 208 1818 258; x_wconf 78' lang='lat' dir='ltr'>XXV.</span> 
     </span>
    </p>
   </div>
   <div class='ocr_carea' id='block_1_2' title="bbox 336 346 2814 4080">
    <p class='ocr_par' dir='ltr' id='par_1_2' title="bbox 336 346 2741 746">
     <span class='ocr_line' id='line_1_2' title="bbox 336 346 2741 441; baseline 0 -20"><span class='ocrx_word' id='word_1_6' title='bbox 336 401 340 406; x_wconf 78' lang='lat'><strong>·</strong></span> <span class='ocrx_word' id='word_1_7' title='bbox 374 352 735 438; x_wconf 82' lang='grc' dir='ltr'><strong><em>δεχόμενοι,</em></strong></span> <span class='ocrx_word' id='word_1_8' title='bbox 779 353 1214 441; x_wconf 79' lang='grc' dir='ltr'><strong><em>θαῤῥούντων</em></strong></span> <span class='ocrx_word' id='word_1_9' title='bbox 1258 346 1499 431; x_wconf 77' lang='grc' dir='ltr'><strong><em>αὐτοὺς</em></strong></span> <span class='ocrx_word' id='word_1_10' title='bbox 1539 355 1778 421; x_wconf 90' lang='grc' dir='ltr'><strong><em>τούτου</em></strong></span> <span class='ocrx_word' id='word_1_11' title='bbox 1819 354 2008 440; x_wconf 81' lang='grc' dir='ltr'><strong><em>χάριν</em></strong></span> <span class='ocrx_word' id='word_1_12' title='bbox 2036 354 2209 441; x_wconf 82' lang='grc' dir='ltr'><strong><em>πρὸς</em></strong></span> <span class='ocrx_word' id='word_1_13' title='bbox 2239 353 2510 433; x_wconf 75' lang='grc' dir='ltr'><strong><em>ἑαυτοὺς</em></strong></span> <span class='ocrx_word' id='word_1_14' title='bbox 2553 350 2741 440; x_wconf 81' lang='grc' dir='ltr'><strong><em>ἀγα-</em></strong></span> 
     </span>
     <span class='ocr_line' id='line_1_3' title="bbox 368 449 2741 551; baseline 0 -29"><span class='ocrx_word' id='word_1_15' title='bbox 368 467 540 541; x_wconf 79' lang='grc' dir='ltr'><strong><em>γεῒν·</em></strong></span> <span class='ocrx_word' id='word_1_16' title='bbox 584 459 718 523; x_wconf 83' lang='grc' dir='ltr'><strong><em>τῶν</em></strong></span> <span class='ocrx_word' id='word_1_17' title='bbox 746 460 891 534; x_wconf 80' lang='grc' dir='ltr'><strong><em>τοῖς</em></strong></span> <span class='ocrx_word' id='word_1_18' title='bbox 929 450 1263 540; x_wconf 84' lang='grc' dir='ltr'><strong><em>εύσεβέσιν</em></strong></span> <span class='ocrx_word' id='word_1_19' title='bbox 1308 449 1494 541; x_wconf 77' lang='grc' dir='ltr'><strong><em>ἡμῶν</em></strong></span> <span class='ocrx_word' id='word_1_20' title='bbox 1538 453 1768 539; x_wconf 90' lang='grc' dir='ltr'><strong><em>νόμοις</em></strong></span> <span class='ocrx_word' id='word_1_21' title='bbox 1812 458 2263 541; x_wconf 81' lang='grc' dir='ltr'><strong><em>διωρισμένων</em></strong></span> <span class='ocrx_word' id='word_1_22' title='bbox 2308 454 2426 523; x_wconf 86' lang='grc' dir='ltr'><strong><em>ἐπί</em></strong></span> <span class='ocrx_word' id='word_1_23' title='bbox 2465 481 2540 522; x_wconf 90' lang='grc' dir='ltr'><strong><em>τε</em></strong></span> <span class='ocrx_word' id='word_1_24' title='bbox 2564 466 2741 551; x_wconf 75' lang='grc' dir='ltr'><strong><em>ταῖς</em></strong></span> 
     </span>
     <span class='ocr_line' id='line_1_4' title="bbox 373 551 2735 643; baseline 0 -20"><span class='ocrx_word' id='word_1_25' title='bbox 373 557 783 635; x_wconf 86' lang='grc' dir='ltr'><strong><em>δικαστικαῖς</em></strong></span> <span class='ocrx_word' id='word_1_26' title='bbox 849 551 1277 643; x_wconf 76' lang='grc' dir='ltr'><strong><em>ἀσφαλείαις,</em></strong></span> <span class='ocrx_word' id='word_1_27' title='bbox 1347 554 1466 621; x_wconf 81' lang='grc' dir='ltr'><strong><em>ἐπί</em></strong></span> <span class='ocrx_word' id='word_1_28' title='bbox 1528 581 1601 622; x_wconf 85' lang='grc' dir='ltr'><strong><em>τε</em></strong></span> <span class='ocrx_word' id='word_1_29' title='bbox 1661 559 1762 642; x_wconf 78' lang='grc' dir='ltr'><strong><em>τῷ,</em></strong></span> <span class='ocrx_word' id='word_1_30' title='bbox 1808 562 2025 643; x_wconf 78' lang='grc' dir='ltr'><strong><em>μέτρῳ</em></strong></span> <span class='ocrx_word' id='word_1_31' title='bbox 2091 560 2226 623; x_wconf 83' lang='grc' dir='ltr'><strong><em>τῶν</em></strong></span> <span class='ocrx_word' id='word_1_32' title='bbox 2279 556 2735 641; x_wconf 78' lang='grc' dir='ltr'><strong><em>σπορτούλων</em></strong></span> 
     </span>
     <span class='ocr_line' id='line_1_5' title="bbox 371 651 1530 746; baseline -0.002 -22"><span class='ocrx_word' id='word_1_33' title='bbox 371 653 600 736; x_wconf 74' lang='grc' dir='ltr'><strong><em>αὐτοῖς</em></strong></span> <span class='ocrx_word' id='word_1_34' title='bbox 643 658 1155 746; x_wconf 78' lang='grc' dir='ltr'><strong><em>φυλαττομένων</em></strong></span> <span class='ocrx_word' id='word_1_35' title='bbox 1199 651 1530 742; x_wconf 84' lang='grc' dir='ltr'><strong><em>ἀτρώτων.</em></strong></span> 
     </span>
    </p>

    <p class='ocr_par' dir='ltr' id='par_1_3' title="bbox 364 753 2747 2964">
     <span class='ocr_line' id='line_1_6' title="bbox 539 753 2733 845; baseline 0 -19"><span class='ocrx_word' id='word_1_36' title='bbox 539 759 621 844; x_wconf 77' lang='grc' dir='ltr'><strong><em>β’.</em></strong></span> <span class='ocrx_word' id='word_1_37' title='bbox 710 760 796 825; x_wconf 81' lang='grc' dir='ltr'><strong><em>Εἰ</em></strong></span> <span class='ocrx_word' id='word_1_38' title='bbox 840 759 913 824; x_wconf 84' lang='grc' dir='ltr'><strong><em>δέ</em></strong></span> <span class='ocrx_word' id='word_1_39' title='bbox 953 782 1128 836; x_wconf 89' lang='grc' dir='ltr'><strong><em>τινες</em></strong></span> <span class='ocrx_word' id='word_1_40' title='bbox 1171 757 1397 842; x_wconf 80' lang='grc' dir='ltr'><strong><em>ἐτέρας</em></strong></span> <span class='ocrx_word' id='word_1_41' title='bbox 1452 755 1839 845; x_wconf 79' lang='grc' dir='ltr'><strong><em>διοικήσεως</em></strong></span> <span class='ocrx_word' id='word_1_42' title='bbox 1894 753 2253 825; x_wconf 84' lang='grc' dir='ltr'><strong><em>ὅσιώτατοι</em></strong></span> <span class='ocrx_word' id='word_1_43' title='bbox 2307 756 2631 844; x_wconf 80' lang='grc' dir='ltr'><strong><em>πρόεδροι</em></strong></span> <span class='ocrx_word' id='word_1_44' title='bbox 2676 753 2733 845; x_wconf 80' lang='grc' dir='ltr'><em>ἢ</em></span> 
     </span>
     <span class='ocr_line' id='line_1_7' title="bbox 371 852 2730 947; baseline -0.001 -19"><span class='ocrx_word' id='word_1_45' title='bbox 371 855 670 945; x_wconf 79' lang='grc' dir='ltr'><strong><em>εύλαβεῒς</em></strong></span> <span class='ocrx_word' id='word_1_46' title='bbox 711 859 1004 945; x_wconf 83' lang='grc' dir='ltr'><strong><em>κληρικοὶ</em></strong></span> <span class='ocrx_word' id='word_1_47' title='bbox 1061 852 1105 945; x_wconf 82' lang='grc' dir='ltr'><em>ἢ</em></span> <span class='ocrx_word' id='word_1_48' title='bbox 1158 858 1547 942; x_wconf 66' lang='grc' dir='ltr'><strong><em>μοναχικὸν9</em></strong></span> <span class='ocrx_word' id='word_1_49' title='bbox 1601 858 2119 944; x_wconf 79' lang='grc' dir='ltr'><strong><em>μεταδιώκοντες</em></strong></span> <span class='ocrx_word' id='word_1_50' title='bbox 2160 865 2339 945; x_wconf 87' lang='grc' dir='ltr'><strong><em>βίον,</em></strong></span> <span class='ocrx_word' id='word_1_51' title='bbox 2385 859 2552 926; x_wconf 83' lang='grc' dir='ltr'><strong><em>κατὰ</em></strong></span> <span class='ocrx_word' id='word_1_52' title='bbox 2592 860 2730 947; x_wconf 77' lang='grc' dir='ltr'><strong><em>τὴν</em></strong></span> 
     </span>
     <span class='ocr_line' id='line_1_8' title="bbox 368 955 2728 1047; baseline 0 -20"><span class='ocrx_word' id='word_1_53' title='bbox 368 956 554 1047; x_wconf 81' lang='grc' dir='ltr'><strong><em>ἡμῶν</em></strong></span> <span class='ocrx_word' id='word_1_54' title='bbox 625 956 983 1047; x_wconf 78' lang='grc' dir='ltr'><strong><em>ἀφιγμένοι</em></strong></span> <span class='ocrx_word' id='word_1_55' title='bbox 1046 961 1545 1043; x_wconf 81' lang='grc' dir='ltr'><strong><em>πανευδαίμονα</em></strong></span> <span class='ocrx_word' id='word_1_56' title='bbox 1611 960 1840 1039; x_wconf 89' lang='grc' dir='ltr'><strong><em>πόλιν,</em></strong></span> <span class='ocrx_word' id='word_1_57' title='bbox 1908 955 2065 1046; x_wconf 78' lang='grc' dir='ltr'><strong><em>παρ’</em></strong></span> <span class='ocrx_word' id='word_1_58' title='bbox 2133 956 2515 1027; x_wconf 73' lang='grc' dir='ltr'><strong><em>οὑτινοσοῦν</em></strong></span> <span class='ocrx_word' id='word_1_59' title='bbox 2575 966 2728 1028; x_wconf 81' lang='grc' dir='ltr'><strong><em>τῶν</em></strong></span> 
     </span>
     <span class='ocr_line' id='line_1_9' title="bbox 369 1055 2730 1148; baseline 0 -20"><span class='ocrx_word' id='word_1_60' title='bbox 369 1061 641 1128; x_wconf 87' lang='grc' dir='ltr'><strong><em>πάντων</em></strong></span> <span class='ocrx_word' id='word_1_61' title='bbox 678 1059 1084 1146; x_wconf 83' lang='grc' dir='ltr'><strong><em>χρηματικὰς</em></strong></span> <span class='ocrx_word' id='word_1_62' title='bbox 1127 1055 1491 1127; x_wconf 77' lang='grc' dir='ltr'><strong><em>ὖποσταῒεν</em></strong></span> <span class='ocrx_word' id='word_1_63' title='bbox 1538 1060 1893 1148; x_wconf 80' lang='grc' dir='ltr'><strong><em>ἐναγωγὰς,</em></strong></span> <span class='ocrx_word' id='word_1_64' title='bbox 1954 1063 2365 1143; x_wconf 85' lang='grc' dir='ltr'><strong><em>θεσπίζομεν</em></strong></span> <span class='ocrx_word' id='word_1_65' title='bbox 2405 1065 2512 1129; x_wconf 83' lang='grc' dir='ltr'><strong><em>καὶ</em></strong></span> <span class='ocrx_word' id='word_1_66' title='bbox 2557 1062 2730 1129; x_wconf 85' lang='grc' dir='ltr'><strong><em>τού-</em></strong></span> 
     </span>
     <span class='ocr_line' id='line_1_10' title="bbox 367 1159 2725 1250; baseline 0.001 -23"><span class='ocrx_word' id='word_1_67' title='bbox 367 1185 523 1240; x_wconf 87' lang='grc' dir='ltr'><strong><em>τους</em></strong></span> <span class='ocrx_word' id='word_1_68' title='bbox 568 1162 632 1228; x_wconf 80' lang='grc' dir='ltr'><strong><em>εἲ</em></strong></span> <span class='ocrx_word' id='word_1_69' title='bbox 669 1186 744 1247; x_wconf 85' lang='grc' dir='ltr'><strong><em>γε</em></strong></span> <span class='ocrx_word' id='word_1_70' title='bbox 784 1160 1131 1246; x_wconf 81' lang='grc' dir='ltr'><strong><em>βούλοιντο</em></strong></span> <span class='ocrx_word' id='word_1_71' title='bbox 1177 1160 1364 1248; x_wconf 86' lang='grc' dir='ltr'><strong><em>παρὰ</em></strong></span> <span class='ocrx_word' id='word_1_72' title='bbox 1404 1160 1572 1249; x_wconf 86' lang='grc' dir='ltr'><strong><em>μόνῃ</em></strong></span> <span class='ocrx_word' id='word_1_73' title='bbox 1617 1166 1700 1249; x_wconf 85' lang='grc' dir='ltr'><strong><em>τῇ</em></strong></span> <span class='ocrx_word' id='word_1_74' title='bbox 1743 1166 1825 1250; x_wconf 83' lang='grc' dir='ltr'><strong><em>σῇ</em></strong></span> <span class='ocrx_word' id='word_1_75' title='bbox 1867 1161 2303 1249; x_wconf 83' lang='grc' dir='ltr'><strong><em>μακαριότητι</em></strong></span> <span class='ocrx_word' id='word_1_76' title='bbox 2329 1162 2444 1229; x_wconf 87' lang='grc' dir='ltr'><strong><em>τὸν</em></strong></span> <span class='ocrx_word' id='word_1_77' title='bbox 2474 1159 2725 1247; x_wconf 79' lang='grc' dir='ltr'><strong><em>ὅμοιον</em></strong></span> 
     </span>
     <span class='ocr_line' id='line_1_11' title="bbox 370 1256 2726 1351; baseline 0 -22"><span class='ocrx_word' id='word_1_78' title='bbox 370 1256 863 1347; x_wconf 84' lang='grc' dir='ltr'><strong><em>ἀποκρίνεσθαι</em></strong></span> <span class='ocrx_word' id='word_1_79' title='bbox 915 1260 1202 1346; x_wconf 79' lang='grc' dir='ltr'><strong><em>τρόπον,</em></strong></span> <span class='ocrx_word' id='word_1_80' title='bbox 1258 1265 1365 1328; x_wconf 83' lang='grc' dir='ltr'><strong><em>καὶ</em></strong></span> <span class='ocrx_word' id='word_1_81' title='bbox 1422 1268 1653 1349; x_wconf 82' lang='grc' dir='ltr'><strong><em>μηκέτι</em></strong></span> <span class='ocrx_word' id='word_1_82' title='bbox 1700 1261 1775 1329; x_wconf 85' lang='grc' dir='ltr'><strong><em>τὸ</em></strong></span> <span class='ocrx_word' id='word_1_83' title='bbox 1824 1263 2125 1331; x_wconf 65' lang='grc' dir='ltr'><strong><em>λοιπὸνω</em></strong></span> <span class='ocrx_word' id='word_1_84' title='bbox 2165 1267 2384 1339; x_wconf 85' lang='grc' dir='ltr'><strong><em>(τοῦτο</em></strong></span> <span class='ocrx_word' id='word_1_85' title='bbox 2429 1262 2549 1350; x_wconf 81' lang='grc' dir='ltr'><strong><em>γάρ</em></strong></span> <span class='ocrx_word' id='word_1_86' title='bbox 2593 1268 2726 1351; x_wconf 85' lang='grc' dir='ltr'><strong><em>τῆς</em></strong></span> 
     </span>
     <span class='ocr_line' id='line_1_12' title="bbox 370 1361 2725 1450; baseline 0.001 -22"><span class='ocrx_word' id='word_1_87' title='bbox 370 1369 700 1448; x_wconf 78' lang='grc' dir='ltr'><strong><em>προτέρας</em></strong></span> <span class='ocrx_word' id='word_1_88' title='bbox 744 1361 1318 1446; x_wconf 65' lang='grc' dir='ltr'><strong><em>ἐπανορθούμεθα</em></strong></span> <span class='ocrx_word' id='word_1_89' title='bbox 1362 1370 1793 1446; x_wconf 84' lang='grc' dir='ltr'><strong><em>νομοθεσίας)</em></strong></span> <span class='ocrx_word' id='word_1_90' title='bbox 1842 1364 2029 1450; x_wconf 84' lang='grc' dir='ltr'><strong><em>παρὰ</em></strong></span> <span class='ocrx_word' id='word_1_91' title='bbox 2070 1375 2215 1443; x_wconf 77' lang='grc' dir='ltr'><strong><em>τοῖς</em></strong></span> <span class='ocrx_word' id='word_1_92' title='bbox 2258 1364 2725 1445; x_wconf 79' lang='grc' dir='ltr'><strong><em>ἐνδοξοτάτοις</em></strong></span> 
     </span>
     <span class='ocr_line' id='line_1_13' title="bbox 371 1457 2724 1552; baseline 0.001 -22"><span class='ocrx_word' id='word_1_93' title='bbox 371 1462 649 1542; x_wconf 75' lang='grc' dir='ltr'><strong><em>ἄκοντας</em></strong></span> <span class='ocrx_word' id='word_1_94' title='bbox 694 1458 1191 1548; x_wconf 79' lang='grc' dir='ltr'><strong><em>ἀπολογεῖσθαι</em></strong></span> <span class='ocrx_word' id='word_1_95' title='bbox 1232 1465 1364 1528; x_wconf 77' lang='grc' dir='ltr'><strong><em>τῶν</em></strong></span> <span class='ocrx_word' id='word_1_96' title='bbox 1409 1457 1816 1531; x_wconf 78' lang='grc' dir='ltr'><strong><em>ἀνατολικῶν</em></strong></span> <span class='ocrx_word' id='word_1_97' title='bbox 1874 1465 2067 1552; x_wconf 78' lang='grc' dir='ltr'><strong><em>ἱερῶν</em></strong></span> <span class='ocrx_word' id='word_1_98' title='bbox 2109 1473 2536 1551; x_wconf 89' lang='grc' dir='ltr'><strong><em>πραιτωρίων</em></strong></span> <span class='ocrx_word' id='word_1_99' title='bbox 2577 1461 2724 1533; x_wconf 82' lang='grc' dir='ltr'><strong><em>ὖπ-</em></strong></span> 
     </span>
     <span class='ocr_line' id='line_1_14' title="bbox 369 1559 2722 1654; baseline 0.003 -26"><span class='ocrx_word' id='word_1_100' title='bbox 369 1562 613 1647; x_wconf 90' lang='grc' dir='ltr'><strong><em>άρχοις.</em></strong></span> <span class='ocrx_word' id='word_1_101' title='bbox 705 1564 764 1631; x_wconf 80' lang='grc' dir='ltr'><strong><em>εἰ</em></strong></span> <span class='ocrx_word' id='word_1_102' title='bbox 810 1565 881 1630; x_wconf 77' lang='grc' dir='ltr'><strong><em>δὲ</em></strong></span> <span class='ocrx_word' id='word_1_103' title='bbox 926 1559 1016 1642; x_wconf 81' lang='grc' dir='ltr'><strong><em>ὥς</em></strong></span> <span class='ocrx_word' id='word_1_104' title='bbox 1060 1562 1232 1641; x_wconf 81' lang='grc' dir='ltr'><strong><em>εἰκὸς</em></strong></span> <span class='ocrx_word' id='word_1_105' title='bbox 1276 1563 1447 1648; x_wconf 88' lang='grc' dir='ltr'><strong><em>πρὸς</em></strong></span> <span class='ocrx_word' id='word_1_106' title='bbox 1490 1561 1606 1650; x_wconf 87' lang='grc' dir='ltr'><strong><em>τὴν</em></strong></span> <span class='ocrx_word' id='word_1_107' title='bbox 1648 1568 1764 1651; x_wconf 86' lang='grc' dir='ltr'><strong><em>τῆς</em></strong></span> <span class='ocrx_word' id='word_1_108' title='bbox 1819 1569 1939 1654; x_wconf 83' lang='grc' dir='ltr'><strong><em>σῆς</em></strong></span> <span class='ocrx_word' id='word_1_109' title='bbox 1992 1566 2472 1653; x_wconf 87' lang='grc' dir='ltr'><strong><em>μακαριότητος</em></strong></span> <span class='ocrx_word' id='word_1_110' title='bbox 2515 1562 2722 1652; x_wconf 85' lang='grc' dir='ltr'><strong><em>ἀκρό-</em></strong></span> 
     </span>
     <span class='ocr_line' id='line_1_15' title="bbox 378 1660 2722 1754; baseline 0.002 -23"><span class='ocrx_word' id='word_1_111' title='bbox 378 1687 533 1732; x_wconf 89' lang='grc' dir='ltr'><strong><em>ασιν</em></strong></span> <span class='ocrx_word' id='word_1_112' title='bbox 574 1660 814 1752; x_wconf 78' lang='grc' dir='ltr'><strong><em>ἥκιστα</em></strong></span> <span class='ocrx_word' id='word_1_113' title='bbox 852 1663 1325 1752; x_wconf 85' lang='grc' dir='ltr'><strong><em>καταφύγοιεν,</em></strong></span> <span class='ocrx_word' id='word_1_114' title='bbox 1394 1667 1749 1751; x_wconf 87' lang='grc' dir='ltr'><strong><em>τηνικαῦτα</em></strong></span> <span class='ocrx_word' id='word_1_115' title='bbox 1801 1667 1970 1735; x_wconf 83' lang='grc' dir='ltr'><strong><em>κατὰ</em></strong></span> <span class='ocrx_word' id='word_1_116' title='bbox 2009 1671 2206 1734; x_wconf 82' lang='grc' dir='ltr'><strong><em>τοῦτο</em></strong></span> <span class='ocrx_word' id='word_1_117' title='bbox 2250 1666 2329 1754; x_wconf 89' lang='grc' dir='ltr'><strong><em>δὴ</em></strong></span> <span class='ocrx_word' id='word_1_118' title='bbox 2374 1665 2451 1735; x_wconf 81' lang='grc' dir='ltr'><strong><em>τὸ</em></strong></span> <span class='ocrx_word' id='word_1_119' title='bbox 2495 1667 2722 1735; x_wconf 85' lang='grc' dir='ltr'><strong><em>πάλαι</em></strong></span> 
     </span>
     <span class='ocr_line' id='line_1_16' title="bbox 372 1763 2719 1855; baseline 0.002 -23"><span class='ocrx_word' id='word_1_120' title='bbox 372 1771 979 1853; x_wconf 74' lang='grc' dir='ltr'><strong><em>νενομοθετημένον</em></strong></span> <span class='ocrx_word' id='word_1_121' title='bbox 1024 1763 1211 1849; x_wconf 81' lang='grc' dir='ltr'><strong><em>παρὰ</em></strong></span> <span class='ocrx_word' id='word_1_122' title='bbox 1253 1776 1399 1843; x_wconf 74' lang='grc' dir='ltr'><strong><em>τοῖς</em></strong></span> <span class='ocrx_word' id='word_1_123' title='bbox 1429 1765 1883 1846; x_wconf 75' lang='grc' dir='ltr'><strong><em>ἐνδοξοτάτοις</em></strong></span> <span class='ocrx_word' id='word_1_124' title='bbox 1914 1772 2047 1844; x_wconf 76' lang='grc' dir='ltr'><strong><em>τῶν</em></strong></span> <span class='ocrx_word' id='word_1_125' title='bbox 2078 1765 2483 1836; x_wconf 83' lang='grc' dir='ltr'><strong><em>ἀνατολικῶν</em></strong></span> <span class='ocrx_word' id='word_1_126' title='bbox 2517 1770 2719 1855; x_wconf 77' lang='grc' dir='ltr'><strong><em>ἱερῶν</em></strong></span> 
     </span>
     <span class='ocr_line' id='line_1_17' title="bbox 368 1855 2715 1955; baseline 0.003 -23"><span class='ocrx_word' id='word_1_127' title='bbox 368 1872 796 1951; x_wconf 89' lang='grc' dir='ltr'><strong><em>πραιτωρίων</em></strong></span> <span class='ocrx_word' id='word_1_128' title='bbox 842 1862 1162 1950; x_wconf 75' lang='grc' dir='ltr'><strong><em>ὑπάρχοις</em></strong></span> <span class='ocrx_word' id='word_1_129' title='bbox 1206 1859 1247 1953; x_wconf 83' lang='grc' dir='ltr'>ἢ</span> <span class='ocrx_word' id='word_1_130' title='bbox 1290 1861 1446 1949; x_wconf 77' lang='grc' dir='ltr'><strong><em>παρ’</em></strong></span> <span class='ocrx_word' id='word_1_131' title='bbox 1496 1855 1552 1952; x_wconf 71' lang='grc' dir='ltr'><em>ᾧ</em></span> <span class='ocrx_word' id='word_1_132' title='bbox 1595 1861 1658 1933; x_wconf 78' lang='grc' dir='ltr'><strong><em>δ’</em></strong></span> <span class='ocrx_word' id='word_1_133' title='bbox 1710 1861 1790 1935; x_wconf 76' lang='grc' dir='ltr'><strong><em>ἀν</em></strong></span> <span class='ocrx_word' id='word_1_134' title='bbox 1835 1869 2033 1955; x_wconf 79' lang='grc' dir='ltr'><strong><em>ἑτέρῳ</em></strong></span> <span class='ocrx_word' id='word_1_135' title='bbox 2064 1869 2467 1954; x_wconf 83' lang='grc' dir='ltr'><strong><em>κελεύσωμεν</em></strong></span> <span class='ocrx_word' id='word_1_136' title='bbox 2497 1867 2715 1938; x_wconf 78' lang='grc' dir='ltr'><strong><em>ὕπαν-</em></strong></span> 
     </span>
     <span class='ocr_line' id='line_1_18' title="bbox 365 1963 2714 2059; baseline 0.003 -27"><span class='ocrx_word' id='word_1_137' title='bbox 365 1969 488 2034; x_wconf 78' lang='grc' dir='ltr'><strong><em>τᾶν</em></strong></span> <span class='ocrx_word' id='word_1_138' title='bbox 518 1966 628 2032; x_wconf 80' lang='grc' dir='ltr'><strong><em>καὶ</em></strong></span> <span class='ocrx_word' id='word_1_139' title='bbox 656 1967 776 2045; x_wconf 80' lang='grc' dir='ltr'><strong><em>τὰς</em></strong></span> <span class='ocrx_word' id='word_1_140' title='bbox 818 1963 1185 2052; x_wconf 80' lang='grc' dir='ltr'><strong><em>ἀπολογίας</em></strong></span> <span class='ocrx_word' id='word_1_141' title='bbox 1212 1978 1358 2046; x_wconf 86' lang='grc' dir='ltr'><strong><em>τοῖς</em></strong></span> <span class='ocrx_word' id='word_1_142' title='bbox 1388 1966 1732 2052; x_wconf 75' lang='grc' dir='ltr'><strong><em>ἐγκαλοῦσι</em></strong></span> <span class='ocrx_word' id='word_1_143' title='bbox 1760 1976 2152 2038; x_wconf 79' lang='grc' dir='ltr'><strong><em>ποιεῖσθαι·</em></strong></span> <span class='ocrx_word' id='word_1_144' title='bbox 2200 1972 2714 2059; x_wconf 84' lang='grc' dir='ltr'><strong><em>φυλαττομένων</em></strong></span> 
     </span>
     <span class='ocr_line' id='line_1_19' title="bbox 368 2065 2718 2160; baseline 0.003 -27"><span class='ocrx_word' id='word_1_145' title='bbox 368 2067 616 2155; x_wconf 83' lang='grc' dir='ltr'><strong><em>δηλαδὴ</em></strong></span> <span class='ocrx_word' id='word_1_146' title='bbox 660 2070 769 2134; x_wconf 83' lang='grc' dir='ltr'><strong><em>καὶ</em></strong></span> <span class='ocrx_word' id='word_1_147' title='bbox 813 2067 1075 2146; x_wconf 84' lang='grc' dir='ltr'><strong><em>τούτοις</em></strong></span> <span class='ocrx_word' id='word_1_148' title='bbox 1117 2071 1249 2134; x_wconf 79' lang='grc' dir='ltr'><strong><em>τῶν</em></strong></span> <span class='ocrx_word' id='word_1_149' title='bbox 1297 2065 1468 2155; x_wconf 76' lang='grc' dir='ltr'><strong><em>ἅπερ</em></strong></span> <span class='ocrx_word' id='word_1_150' title='bbox 1525 2068 1642 2137; x_wconf 82' lang='grc' dir='ltr'><strong><em>ἐπί</em></strong></span> <span class='ocrx_word' id='word_1_151' title='bbox 1695 2096 1768 2137; x_wconf 91' lang='grc' dir='ltr'><strong><em>τε</em></strong></span> <span class='ocrx_word' id='word_1_152' title='bbox 1820 2082 1971 2150; x_wconf 79' lang='grc' dir='ltr'><strong><em>ταῖς</em></strong></span> <span class='ocrx_word' id='word_1_153' title='bbox 2012 2076 2145 2138; x_wconf 83' lang='grc' dir='ltr'><strong><em>τῶν</em></strong></span> <span class='ocrx_word' id='word_1_154' title='bbox 2190 2073 2442 2140; x_wconf 72' lang='grc' dir='ltr'><strong><em>δικῶν’ι</em></strong></span> <span class='ocrx_word' id='word_1_155' title='bbox 2488 2069 2718 2160; x_wconf 85' lang='grc' dir='ltr'><strong><em>ἀσφα-</em></strong></span> 
     </span>
     <span class='ocr_line' id='line_1_20' title="bbox 366 2164 2718 2259; baseline 0.003 -26"><span class='ocrx_word' id='word_1_156' title='bbox 366 2169 595 2249; x_wconf 81' lang='grc' dir='ltr'><strong><em>λείαις,</em></strong></span> <span class='ocrx_word' id='word_1_157' title='bbox 645 2168 761 2235; x_wconf 80' lang='grc' dir='ltr'><strong><em>ἐπί</em></strong></span> <span class='ocrx_word' id='word_1_158' title='bbox 802 2195 875 2236; x_wconf 90' lang='grc' dir='ltr'><strong><em>τε</em></strong></span> <span class='ocrx_word' id='word_1_159' title='bbox 917 2172 996 2256; x_wconf 83' lang='grc' dir='ltr'><strong><em>τῇ</em></strong></span> <span class='ocrx_word' id='word_1_160' title='bbox 1041 2164 1408 2256; x_wconf 74' lang='grc' dir='ltr'><strong><em>συμμετρίᾴ</em></strong></span> <span class='ocrx_word' id='word_1_161' title='bbox 1450 2173 1583 2235; x_wconf 82' lang='grc' dir='ltr'><strong><em>τῶν</em></strong></span> <span class='ocrx_word' id='word_1_162' title='bbox 1630 2170 2059 2255; x_wconf 88' lang='grc' dir='ltr'><strong><em>σπορτούλων</em></strong></span> <span class='ocrx_word' id='word_1_163' title='bbox 2090 2172 2156 2239; x_wconf 82' lang='grc' dir='ltr'><strong><em>οἱ</em></strong></span> <span class='ocrx_word' id='word_1_164' title='bbox 2185 2175 2464 2241; x_wconf 83' lang='grc' dir='ltr'><strong><em>παλαιοὶ</em></strong></span> <span class='ocrx_word' id='word_1_165' title='bbox 2500 2174 2718 2259; x_wconf 89' lang='grc' dir='ltr'><strong><em>διορί-</em></strong></span> 
     </span>
     <span class='ocr_line' id='line_1_21' title="bbox 369 2267 2716 2359; baseline 0.003 -23"><span class='ocrx_word' id='word_1_166' title='bbox 369 2270 556 2350; x_wconf 83' lang='grc' dir='ltr'><strong><em>ζουσι</em></strong></span> <span class='ocrx_word' id='word_1_167' title='bbox 599 2267 809 2354; x_wconf 87' lang='grc' dir='ltr'><strong><em>νόμοι.</em></strong></span> <span class='ocrx_word' id='word_1_168' title='bbox 898 2280 1044 2349; x_wconf 81' lang='grc' dir='ltr'><strong><em>τοῖς</em></strong></span> <span class='ocrx_word' id='word_1_169' title='bbox 1085 2276 1313 2354; x_wconf 87' lang='grc' dir='ltr'><strong><em>μέντοι</em></strong></span> <span class='ocrx_word' id='word_1_170' title='bbox 1361 2272 1893 2355; x_wconf 83' lang='grc' dir='ltr'><strong><em>διακονουμένοις</em></strong></span> <span class='ocrx_word' id='word_1_171' title='bbox 1925 2272 2489 2359; x_wconf 74' lang='grc' dir='ltr'><strong><em>ἐκκλησιαστικαῖς</em></strong></span> <span class='ocrx_word' id='word_1_172' title='bbox 2533 2270 2716 2342; x_wconf 85' lang='grc' dir='ltr'><strong><em>ἀπο-</em></strong></span> 
     </span>
     <span class='ocr_line' id='line_1_22' title="bbox 364 2368 2716 2463; baseline 0.003 -27"><span class='ocrx_word' id='word_1_173' title='bbox 364 2377 622 2455; x_wconf 86' lang='grc' dir='ltr'><strong><em>κρίσεσι</em></strong></span> <span class='ocrx_word' id='word_1_174' title='bbox 664 2372 769 2437; x_wconf 81' lang='grc' dir='ltr'><strong><em>καὶ</em></strong></span> <span class='ocrx_word' id='word_1_175' title='bbox 815 2381 960 2449; x_wconf 80' lang='grc' dir='ltr'><strong><em>τοῖς</em></strong></span> <span class='ocrx_word' id='word_1_176' title='bbox 1003 2369 1175 2456; x_wconf 88' lang='grc' dir='ltr'><strong><em>πρὸς</em></strong></span> <span class='ocrx_word' id='word_1_177' title='bbox 1218 2377 1580 2455; x_wconf 83' lang='grc' dir='ltr'><strong><em>πρεσβείαν</em></strong></span> <span class='ocrx_word' id='word_1_178' title='bbox 1625 2372 1963 2459; x_wconf 76' lang='grc' dir='ltr'><strong><em>ἐκκλησίας</em></strong></span> <span class='ocrx_word' id='word_1_179' title='bbox 2018 2368 2061 2460; x_wconf 84' lang='grc' dir='ltr'><em>ἢ</em></span> <span class='ocrx_word' id='word_1_180' title='bbox 2103 2374 2368 2454; x_wconf 89' lang='grc' dir='ltr'><strong><em>πόλεως</em></strong></span> <span class='ocrx_word' id='word_1_181' title='bbox 2420 2370 2463 2463; x_wconf 84' lang='grc' dir='ltr'><em>ἢ</em></span> <span class='ocrx_word' id='word_1_182' title='bbox 2506 2383 2716 2461; x_wconf 83' lang='grc' dir='ltr'><strong><em>προέ-</em></strong></span> 
     </span>
     <span class='ocr_line' id='line_1_23' title="bbox 368 2468 2715 2567; baseline 0.003 -29"><span class='ocrx_word' id='word_1_183' title='bbox 368 2473 527 2557; x_wconf 90' lang='grc' dir='ltr'><strong><em>δρου</em></strong></span> <span class='ocrx_word' id='word_1_184' title='bbox 551 2478 963 2557; x_wconf 86' lang='grc' dir='ltr'><strong><em>χειροτονίαν</em></strong></span> <span class='ocrx_word' id='word_1_185' title='bbox 992 2471 1159 2538; x_wconf 82' lang='grc' dir='ltr'><strong><em>κατὰ</em></strong></span> <span class='ocrx_word' id='word_1_186' title='bbox 1185 2471 1427 2560; x_wconf 90' lang='grc' dir='ltr'><strong><em>ταύτην</em></strong></span> <span class='ocrx_word' id='word_1_187' title='bbox 1457 2468 1642 2559; x_wconf 73' lang='grc' dir='ltr'><strong><em>ἡμῶν</em></strong></span> <span class='ocrx_word' id='word_1_188' title='bbox 1673 2470 2080 2562; x_wconf 71' lang='grc' dir='ltr'><strong><em>ἀφιγμένοις,</em></strong></span> <span class='ocrx_word' id='word_1_189' title='bbox 2099 2476 2218 2563; x_wconf 85' lang='grc' dir='ltr'><strong><em>τὴν</em></strong></span> <span class='ocrx_word' id='word_1_190' title='bbox 2247 2478 2715 2567; x_wconf 87' lang='grc' dir='ltr'><strong><em>θεοφύλακτον</em></strong></span> 
     </span>
     <span class='ocr_line' id='line_1_24' title="bbox 366 2570 2747 2666; baseline 0.003 -27"><span class='ocrx_word' id='word_1_191' title='bbox 366 2571 599 2652; x_wconf 88' lang='grc' dir='ltr'><strong><em>πόλιν,</em></strong></span> <span class='ocrx_word' id='word_1_192' title='bbox 667 2570 1156 2659; x_wconf 85' lang='grc' dir='ltr'><strong><em>ἀκαινοτόμητα</em></strong></span> <span class='ocrx_word' id='word_1_193' title='bbox 1218 2573 1305 2641; x_wconf 85' lang='grc' dir='ltr'><strong><em>τὰ</em></strong></span> <span class='ocrx_word' id='word_1_194' title='bbox 1360 2574 1576 2640; x_wconf 85' lang='grc' dir='ltr'><strong><em>πάλαι</em></strong></span> <span class='ocrx_word' id='word_1_195' title='bbox 1639 2578 1791 2660; x_wconf 80' lang='grc' dir='ltr'><strong><em>περὶ</em></strong></span> <span class='ocrx_word' id='word_1_196' title='bbox 1860 2572 2075 2643; x_wconf 73' lang='grc' dir='ltr'><strong><em>αὐτῶν</em></strong></span> <span class='ocrx_word' id='word_1_197' title='bbox 2141 2584 2747 2666; x_wconf 72' lang='grc' dir='ltr'><strong><em>νενομοθετημένα’</em></strong></span> 
     </span>
     <span class='ocr_line' id='line_1_25' title="bbox 367 2664 2716 2766; baseline 0.002 -27"><span class='ocrx_word' id='word_1_198' title='bbox 367 2674 800 2761; x_wconf 86' lang='grc' dir='ltr'><strong><em>φυλάττομεν.</em></strong></span> <span class='ocrx_word' id='word_1_199' title='bbox 892 2669 992 2762; x_wconf 74' lang='grc' dir='ltr'><strong><em>ἐφ’</em></strong></span> <span class='ocrx_word' id='word_1_200' title='bbox 1043 2664 1136 2741; x_wconf 77' lang='grc' dir='ltr'><strong><em>ὧν</em></strong></span> <span class='ocrx_word' id='word_1_201' title='bbox 1196 2676 1267 2742; x_wconf 82' lang='grc' dir='ltr'><strong><em>δὲ</em></strong></span> <span class='ocrx_word' id='word_1_202' title='bbox 1322 2675 1639 2758; x_wconf 86' lang='grc' dir='ltr'><strong><em>θεμάτων</em></strong></span> <span class='ocrx_word' id='word_1_203' title='bbox 1696 2676 2025 2763; x_wconf 75' lang='grc' dir='ltr'><strong><em>ἐναγωγὰς</em></strong></span> <span class='ocrx_word' id='word_1_204' title='bbox 2080 2674 2504 2766; x_wconf 75' lang='grc' dir='ltr'><strong><em>ὑφίστασθαι</em></strong></span> <span class='ocrx_word' id='word_1_205' title='bbox 2554 2679 2716 2759; x_wconf 82' lang='grc' dir='ltr'><strong><em>τοὺς</em></strong></span> 
     </span>
     <span class='ocr_line' id='line_1_26' title="bbox 365 2772 2712 2868; baseline 0.003 -27"><span class='ocrx_word' id='word_1_206' title='bbox 365 2775 707 2854; x_wconf 81' lang='grc' dir='ltr'><strong><em>τοιούτους</em></strong></span> <span class='ocrx_word' id='word_1_207' title='bbox 763 2776 827 2842; x_wconf 79' lang='grc' dir='ltr'><strong><em>οἱ</em></strong></span> <span class='ocrx_word' id='word_1_208' title='bbox 881 2772 1188 2861; x_wconf 81' lang='grc' dir='ltr'><strong><em>ἡμέτεροι</em></strong></span> <span class='ocrx_word' id='word_1_209' title='bbox 1243 2776 1610 2862; x_wconf 82' lang='grc' dir='ltr'><strong><em>διορίζουσι</em></strong></span> <span class='ocrx_word' id='word_1_210' title='bbox 1666 2778 1892 2862; x_wconf 91' lang='grc' dir='ltr'><strong><em>νόμοι,</em></strong></span> <span class='ocrx_word' id='word_1_211' title='bbox 1958 2783 2066 2846; x_wconf 76' lang='grc' dir='ltr'><strong><em>καὶ</em></strong></span> <span class='ocrx_word' id='word_1_212' title='bbox 2113 2777 2217 2847; x_wconf 78' lang='grc' dir='ltr'><strong><em>ἐπ’</em></strong></span> <span class='ocrx_word' id='word_1_213' title='bbox 2268 2776 2549 2861; x_wconf 71' lang='grc' dir='ltr'><strong><em>αὐτοῖς12</em></strong></span> <span class='ocrx_word' id='word_1_214' title='bbox 2589 2781 2712 2868; x_wconf 84' lang='grc' dir='ltr'><strong><em>τὴν</em></strong></span> 
     </span>
     <span class='ocr_line' id='line_1_27' title="bbox 366 2870 1955 2964; baseline 0.003 -21"><span class='ocrx_word' id='word_1_215' title='bbox 366 2870 736 2962; x_wconf 77' lang='grc' dir='ltr'><strong><em>εὗεργεσίαν</em></strong></span> <span class='ocrx_word' id='word_1_216' title='bbox 780 2880 898 2941; x_wconf 77' lang='grc' dir='ltr'><strong><em>τοῦ</em></strong></span> <span class='ocrx_word' id='word_1_217' title='bbox 944 2877 1277 2963; x_wconf 82' lang='grc' dir='ltr'><strong><em>παρόντος</em></strong></span> <span class='ocrx_word' id='word_1_218' title='bbox 1320 2876 1687 2960; x_wconf 80' lang='grc' dir='ltr'><strong><em>ἐκτείνομεν</em></strong></span> <span class='ocrx_word' id='word_1_219' title='bbox 1734 2880 1955 2964; x_wconf 91' lang='grc' dir='ltr'><strong><em>νόμου.</em></strong></span> 
     </span>
    </p>

    <p class='ocr_par' dir='ltr' id='par_1_4' title="bbox 360 2975 2814 4080">
     <span class='ocr_line' id='line_1_28' title="bbox 533 2975 2710 3069; baseline 0.004 -26"><span class='ocrx_word' id='word_1_220' title='bbox 533 2975 611 3062; x_wconf 81' lang='grc' dir='ltr'><strong><em>γ’.</em></strong></span> <span class='ocrx_word' id='word_1_221' title='bbox 709 2978 794 3044; x_wconf 81' lang='grc' dir='ltr'><strong><em>Οἱ</em></strong></span> <span class='ocrx_word' id='word_1_222' title='bbox 836 2978 909 3044; x_wconf 80' lang='grc' dir='ltr'><strong><em>δὲ</em></strong></span> <span class='ocrx_word' id='word_1_223' title='bbox 952 2982 1084 3045; x_wconf 80' lang='grc' dir='ltr'><strong><em>τῶν</em></strong></span> <span class='ocrx_word' id='word_1_224' title='bbox 1129 2977 1462 3063; x_wconf 74' lang='grc' dir='ltr'><strong><em>ἐπαρχιῶν</em></strong></span> <span class='ocrx_word' id='word_1_225' title='bbox 1517 2975 1876 3048; x_wconf 84' lang='grc' dir='ltr'><strong><em>ὃσιώτατοι</em></strong></span> <span class='ocrx_word' id='word_1_226' title='bbox 1917 2981 2259 3067; x_wconf 89' lang='grc' dir='ltr'><strong><em>πρόεδροι,</em></strong></span> <span class='ocrx_word' id='word_1_227' title='bbox 2305 2982 2478 3068; x_wconf 85' lang='grc' dir='ltr'><strong><em>πρὸς</em></strong></span> <span class='ocrx_word' id='word_1_228' title='bbox 2521 2984 2593 3049; x_wconf 83' lang='grc' dir='ltr'><strong><em>δέ</em></strong></span> <span class='ocrx_word' id='word_1_229' title='bbox 2631 3007 2710 3069; x_wconf 74' lang='grc' dir='ltr'><strong><em>γε</em></strong></span> 
     </span>
     <span class='ocr_line' id='line_1_29' title="bbox 363 3073 2708 3171; baseline 0.003 -27"><span class='ocrx_word' id='word_1_230' title='bbox 363 3080 472 3144; x_wconf 85' lang='grc' dir='ltr'><strong><em>καὶ</em></strong></span> <span class='ocrx_word' id='word_1_231' title='bbox 519 3078 585 3144; x_wconf 79' lang='grc' dir='ltr'><strong><em>οἱ</em></strong></span> <span class='ocrx_word' id='word_1_232' title='bbox 626 3073 761 3144; x_wconf 75' lang='grc' dir='ltr'><strong><em>κατ’</em></strong></span> <span class='ocrx_word' id='word_1_233' title='bbox 811 3073 1015 3158; x_wconf 76' lang='grc' dir='ltr'><strong><em>αὐτὰς</em></strong></span> <span class='ocrx_word' id='word_1_234' title='bbox 1060 3079 1127 3146; x_wconf 78' lang='grc' dir='ltr'><strong><em>ἐν</em></strong></span> <span class='ocrx_word' id='word_1_235' title='bbox 1171 3078 1383 3166; x_wconf 80' lang='grc' dir='ltr'><strong><em>κλήρῳ</em></strong></span> <span class='ocrx_word' id='word_1_236' title='bbox 1426 3081 1934 3167; x_wconf 82' lang='grc' dir='ltr'><strong><em>καταλεγόμενοι</em></strong></span> <span class='ocrx_word' id='word_1_237' title='bbox 1985 3087 2095 3151; x_wconf 85' lang='grc' dir='ltr'><strong><em>καὶ</em></strong></span> <span class='ocrx_word' id='word_1_238' title='bbox 2153 3084 2219 3150; x_wconf 81' lang='grc' dir='ltr'><strong><em>οἱ</em></strong></span> <span class='ocrx_word' id='word_1_239' title='bbox 2271 3082 2387 3170; x_wconf 82' lang='grc' dir='ltr'><strong><em>τὴν</em></strong></span> <span class='ocrx_word' id='word_1_240' title='bbox 2431 3083 2708 3171; x_wconf 77' lang='grc' dir='ltr'><strong><em>ἄσκησιν</em></strong></span> 
     </span>
     <span class='ocr_line' id='line_1_30' title="bbox 367 3174 2814 3269; baseline 0.002 -23"><span class='ocrx_word' id='word_1_241' title='bbox 367 3179 434 3246; x_wconf 85' lang='grc' dir='ltr'><strong><em>ἐν</em></strong></span> <span class='ocrx_word' id='word_1_242' title='bbox 478 3174 710 3259; x_wconf 78' lang='grc' dir='ltr'><strong><em>αύταῒς</em></strong></span> <span class='ocrx_word' id='word_1_243' title='bbox 758 3180 1095 3265; x_wconf 88' lang='grc' dir='ltr'><strong><em>μετιόντες</em></strong></span> <span class='ocrx_word' id='word_1_244' title='bbox 1147 3176 1410 3248; x_wconf 83' lang='grc' dir='ltr'><strong><em>κάκεῖσε</em></strong></span> <span class='ocrx_word' id='word_1_245' title='bbox 1469 3182 1832 3268; x_wconf 84' lang='grc' dir='ltr'><strong><em>διάγοντες,</em></strong></span> <span class='ocrx_word' id='word_1_246' title='bbox 1891 3180 2047 3269; x_wconf 78' lang='grc' dir='ltr'><strong><em>παρ’</em></strong></span> <span class='ocrx_word' id='word_1_247' title='bbox 2097 3184 2369 3263; x_wconf 80' lang='grc' dir='ltr'><strong><em>ἐκείνοις</em></strong></span> <span class='ocrx_word' id='word_1_248' title='bbox 2424 3174 2515 3250; x_wconf 74' lang='grc' dir='ltr'><strong><em>ὧν</em></strong></span> <span class='ocrx_word' id='word_1_249' title='bbox 2568 3180 2708 3252; x_wconf 79' lang='grc' dir='ltr'><strong><em>ὑπὸ</em></strong></span> <span class='ocrx_word' id='word_1_250' title='bbox 2807 3198 2814 3203; x_wconf 86' lang='grc'><strong>’</strong></span> 
     </span>
     <span class='ocr_line' id='line_1_31' title="bbox 363 3279 2710 3372; baseline 0.001 -23"><span class='ocrx_word' id='word_1_251' title='bbox 363 3281 479 3368; x_wconf 90' lang='grc' dir='ltr'><strong><em>τὴν</em></strong></span> <span class='ocrx_word' id='word_1_252' title='bbox 523 3284 976 3349; x_wconf 85' lang='grc' dir='ltr'><strong><em>δικαιοδοσίαν</em></strong></span> <span class='ocrx_word' id='word_1_253' title='bbox 1019 3286 1391 3349; x_wconf 82' lang='grc' dir='ltr'><strong><em>καθεστᾶσι</em></strong></span> <span class='ocrx_word' id='word_1_254' title='bbox 1432 3281 1552 3361; x_wconf 83' lang='grc' dir='ltr'><strong><em>τὰς</em></strong></span> <span class='ocrx_word' id='word_1_255' title='bbox 1596 3279 1880 3363; x_wconf 80' lang='grc' dir='ltr'><strong><em>εὐθύνας</em></strong></span> <span class='ocrx_word' id='word_1_256' title='bbox 1945 3285 2056 3352; x_wconf 79' lang='grc' dir='ltr'><strong><em>ἐπὶ</em></strong></span> <span class='ocrx_word' id='word_1_257' title='bbox 2087 3297 2237 3364; x_wconf 81' lang='grc' dir='ltr'><strong><em>ταῖς</em></strong></span> <span class='ocrx_word' id='word_1_258' title='bbox 2277 3296 2710 3372; x_wconf 80' lang='grc' dir='ltr'><strong><em>χρηματικαῖς</em></strong></span> 
     </span>
     <span class='ocr_line' id='line_1_32' title="bbox 363 3377 2766 3474; baseline 0.002 -26"><span class='ocrx_word' id='word_1_259' title='bbox 363 3379 681 3469; x_wconf 75' lang='grc' dir='ltr'><strong><em>ὑφέξουσι</em></strong></span> <span class='ocrx_word' id='word_1_260' title='bbox 726 3384 956 3459; x_wconf 88' lang='grc' dir='ltr'><strong><em>δίκαις,</em></strong></span> <span class='ocrx_word' id='word_1_261' title='bbox 1003 3384 1118 3467; x_wconf 84' lang='grc' dir='ltr'><strong><em>τῆς</em></strong></span> <span class='ocrx_word' id='word_1_262' title='bbox 1163 3377 1397 3465; x_wconf 81' lang='grc' dir='ltr'><strong><em>ὁμοίας</em></strong></span> <span class='ocrx_word' id='word_1_263' title='bbox 1424 3386 1532 3451; x_wconf 85' lang='grc' dir='ltr'><strong><em>καὶ</em></strong></span> <span class='ocrx_word' id='word_1_264' title='bbox 1571 3379 1672 3451; x_wconf 79' lang='grc' dir='ltr'><strong><em>ἐπ’</em></strong></span> <span class='ocrx_word' id='word_1_265' title='bbox 1707 3380 1935 3464; x_wconf 79' lang='grc' dir='ltr'><strong><em>αὐτοῖς</em></strong></span> <span class='ocrx_word' id='word_1_266' title='bbox 1964 3387 2459 3474; x_wconf 84' lang='grc' dir='ltr'><strong><em>φυλαττομένης</em></strong></span> <span class='ocrx_word' id='word_1_267' title='bbox 2486 3412 2708 3470; x_wconf 86' lang='grc' dir='ltr'><strong><em>παρα-</em></strong></span> <span class='ocrx_word' id='word_1_268' title='bbox 2759 3392 2766 3401; x_wconf 73' lang='grc'><em>’</em></span> 
     </span>
     <span class='ocr_line' id='line_1_33' title="bbox 363 3480 2708 3576; baseline 0.002 -29"><span class='ocrx_word' id='word_1_269' title='bbox 363 3482 694 3569; x_wconf 88' lang='grc' dir='ltr'><strong><em>τηρήσεως</em></strong></span> <span class='ocrx_word' id='word_1_270' title='bbox 761 3480 877 3547; x_wconf 87' lang='grc' dir='ltr'><strong><em>ἐπί</em></strong></span> <span class='ocrx_word' id='word_1_271' title='bbox 929 3506 1002 3547; x_wconf 87' lang='grc' dir='ltr'><strong><em>τε</em></strong></span> <span class='ocrx_word' id='word_1_272' title='bbox 1055 3485 1135 3569; x_wconf 86' lang='grc' dir='ltr'><strong><em>τῇ</em></strong></span> <span class='ocrx_word' id='word_1_273' title='bbox 1190 3487 1322 3550; x_wconf 81' lang='grc' dir='ltr'><strong><em>τῶν</em></strong></span> <span class='ocrx_word' id='word_1_274' title='bbox 1382 3485 1812 3570; x_wconf 87' lang='grc' dir='ltr'><strong><em>σπορτούλων</em></strong></span> <span class='ocrx_word' id='word_1_275' title='bbox 1868 3486 2227 3576; x_wconf 83' lang='grc' dir='ltr'><strong><em>ποσότητι,</em></strong></span> <span class='ocrx_word' id='word_1_276' title='bbox 2302 3488 2419 3555; x_wconf 88' lang='grc' dir='ltr'><strong><em>ἐπί</em></strong></span> <span class='ocrx_word' id='word_1_277' title='bbox 2473 3512 2547 3554; x_wconf 89' lang='grc' dir='ltr'><strong><em>τε</em></strong></span> <span class='ocrx_word' id='word_1_278' title='bbox 2610 3493 2708 3574; x_wconf 77' lang='grc' dir='ltr'><strong><em>τῷ</em></strong></span> 
     </span>
     <span class='ocr_line' id='line_1_34' title="bbox 362 3580 2711 3676; baseline 0.003 -28"><span class='ocrx_word' id='word_1_279' title='bbox 362 3583 593 3669; x_wconf 78' lang='grc' dir='ltr'><strong><em>τρόπῳ</em></strong></span> <span class='ocrx_word' id='word_1_280' title='bbox 636 3584 768 3647; x_wconf 82' lang='grc' dir='ltr'><strong><em>τῶν</em></strong></span> <span class='ocrx_word' id='word_1_281' title='bbox 814 3582 1205 3649; x_wconf 82' lang='grc' dir='ltr'><strong><em>δικαστικῶν</em></strong></span> <span class='ocrx_word' id='word_1_282' title='bbox 1250 3580 1664 3673; x_wconf 82' lang='grc' dir='ltr'><strong><em>ἀσφαλειῶν·</em></strong></span> <span class='ocrx_word' id='word_1_283' title='bbox 1709 3590 1826 3671; x_wconf 81' lang='grc' dir='ltr'><strong><em>τῆς</em></strong></span> <span class='ocrx_word' id='word_1_284' title='bbox 1852 3588 2019 3655; x_wconf 81' lang='grc' dir='ltr'><strong><em>κατὰ</em></strong></span> <span class='ocrx_word' id='word_1_285' title='bbox 2045 3592 2178 3655; x_wconf 84' lang='grc' dir='ltr'><strong><em>τῶν</em></strong></span> <span class='ocrx_word' id='word_1_286' title='bbox 2206 3595 2711 3676; x_wconf 85' lang='grc' dir='ltr'><strong><em>κριθησομένων</em></strong></span> 
     </span>
     <span class='ocr_line' id='line_1_35' title="bbox 364 3681 2708 3777; baseline 0.002 -25"><span class='ocrx_word' id='word_1_287' title='bbox 364 3683 684 3772; x_wconf 75' lang='grc' dir='ltr'><strong><em>ἐφέσεως,</em></strong></span> <span class='ocrx_word' id='word_1_288' title='bbox 746 3681 805 3748; x_wconf 84' lang='grc' dir='ltr'><strong><em>εἷ</em></strong></span> <span class='ocrx_word' id='word_1_289' title='bbox 845 3683 965 3765; x_wconf 78' lang='grc' dir='ltr'><strong><em>μὲν</em></strong></span> <span class='ocrx_word' id='word_1_290' title='bbox 1011 3681 1380 3764; x_wconf 79' lang='grc' dir='ltr'><strong><em>ἐπίσκοπος</em></strong></span> <span class='ocrx_word' id='word_1_291' title='bbox 1437 3684 1473 3752; x_wconf 85' lang='grc' dir='ltr'><em>ὃ</em></span> <span class='ocrx_word' id='word_1_292' title='bbox 1519 3688 1987 3776; x_wconf 86' lang='grc' dir='ltr'><strong><em>ψηφισάμενος</em></strong></span> <span class='ocrx_word' id='word_1_293' title='bbox 2031 3691 2165 3777; x_wconf 73' lang='grc' dir='ltr'><strong><em>εἴη,</em></strong></span> <span class='ocrx_word' id='word_1_294' title='bbox 2227 3688 2414 3776; x_wconf 85' lang='grc' dir='ltr'><strong><em>παρὰ</em></strong></span> <span class='ocrx_word' id='word_1_295' title='bbox 2455 3692 2549 3775; x_wconf 75' lang='grc' dir='ltr'><strong><em>τῷ</em></strong></span> <span class='ocrx_word' id='word_1_296' title='bbox 2591 3688 2708 3756; x_wconf 85' lang='grc' dir='ltr'><strong><em>τὸν</em></strong></span> 
     </span>
     <span class='ocr_line' id='line_1_36' title="bbox 360 3782 2712 3876; baseline 0.001 -24"><span class='ocrx_word' id='word_1_297' title='bbox 360 3782 920 3873; x_wconf 87' lang='grc' dir='ltr'><strong><em>μητροπολιτικὸν</em></strong></span> <span class='ocrx_word' id='word_1_298' title='bbox 964 3782 1212 3872; x_wconf 83' lang='grc' dir='ltr'><strong><em>ἐκείνης</em></strong></span> <span class='ocrx_word' id='word_1_299' title='bbox 1256 3790 1372 3874; x_wconf 86' lang='grc' dir='ltr'><strong><em>τῆς</em></strong></span> <span class='ocrx_word' id='word_1_300' title='bbox 1416 3787 1737 3873; x_wconf 80' lang='grc' dir='ltr'><strong><em>ἐπαρχίας</em></strong></span> <span class='ocrx_word' id='word_1_301' title='bbox 1781 3790 2084 3873; x_wconf 80' lang='grc' dir='ltr'><strong><em>ἐπέχοντι</em></strong></span> <span class='ocrx_word' id='word_1_302' title='bbox 2111 3791 2363 3876; x_wconf 86' lang='grc' dir='ltr'><strong><em>θρόνον</em></strong></span> <span class='ocrx_word' id='word_1_303' title='bbox 2391 3790 2712 3875; x_wconf 76' lang='grc' dir='ltr'><strong><em>γυμναζο-</em></strong></span> 
     </span>
     <span class='ocr_line' id='line_1_37' title="bbox 360 3884 2713 3978; baseline 0.003 -27"><span class='ocrx_word' id='word_1_304' title='bbox 360 3892 589 3973; x_wconf 86' lang='grc' dir='ltr'><strong><em>μένης·</em></strong></span> <span class='ocrx_word' id='word_1_305' title='bbox 657 3884 716 3951; x_wconf 82' lang='grc' dir='ltr'><strong><em>εἷ</em></strong></span> <span class='ocrx_word' id='word_1_306' title='bbox 774 3885 847 3951; x_wconf 81' lang='grc' dir='ltr'><strong><em>δὲ</em></strong></span> <span class='ocrx_word' id='word_1_307' title='bbox 888 3889 1382 3976; x_wconf 88' lang='grc' dir='ltr'><strong><em>μητροπολίτης</em></strong></span> <span class='ocrx_word' id='word_1_308' title='bbox 1429 3884 1466 3954; x_wconf 84' lang='grc' dir='ltr'><em>ὃ</em></span> <span class='ocrx_word' id='word_1_309' title='bbox 1513 3891 1787 3971; x_wconf 87' lang='grc' dir='ltr'><strong><em>δικάσας</em></strong></span> <span class='ocrx_word' id='word_1_310' title='bbox 1830 3893 2083 3973; x_wconf 71' lang='grc' dir='ltr'><strong><em>ἔσοιτο,</em></strong></span> <span class='ocrx_word' id='word_1_311' title='bbox 2143 3891 2332 3978; x_wconf 79' lang='grc' dir='ltr'><strong><em>παρὰ</em></strong></span> <span class='ocrx_word' id='word_1_312' title='bbox 2373 3894 2467 3977; x_wconf 80' lang='grc' dir='ltr'><strong><em>τῷ</em></strong></span> <span class='ocrx_word' id='word_1_313' title='bbox 2510 3887 2713 3976; x_wconf 75' lang='grc' dir='ltr'><strong><em>ἁγιω-</em></strong></span> 
     </span>
     <span class='ocr_line' id='line_1_38' title="bbox 361 3983 2710 4080; baseline 0.004 -29"><span class='ocrx_word' id='word_1_314' title='bbox 361 3984 539 4072; x_wconf 78' lang='grc' dir='ltr'><strong><em>τάτῳ</em></strong></span> <span class='ocrx_word' id='word_1_315' title='bbox 588 3984 958 4073; x_wconf 84' lang='grc' dir='ltr'><strong><em>πατριάρχῃ</em></strong></span> <span class='ocrx_word' id='word_1_316' title='bbox 1004 3991 1122 4074; x_wconf 81' lang='grc' dir='ltr'><strong><em>τῆς</em></strong></span> <span class='ocrx_word' id='word_1_317' title='bbox 1163 3983 1366 4057; x_wconf 74' lang='grc' dir='ltr'><strong><em>αὐτοῦ</em></strong></span> <span class='ocrx_word' id='word_1_318' title='bbox 1413 3991 1829 4079; x_wconf 85' lang='grc' dir='ltr'><strong><em>διοικήσεως·</em></strong></span> <span class='ocrx_word' id='word_1_319' title='bbox 1886 3993 2060 4080; x_wconf 81' lang='grc' dir='ltr'><strong><em>πλὴν</em></strong></span> <span class='ocrx_word' id='word_1_320' title='bbox 2120 3993 2180 4062; x_wconf 83' lang='grc' dir='ltr'><strong><em>εί</em></strong></span> <span class='ocrx_word' id='word_1_321' title='bbox 2221 3994 2310 4079; x_wconf 88' lang='grc' dir='ltr'><strong><em>μὴ</em></strong></span> <span class='ocrx_word' id='word_1_322' title='bbox 2353 3989 2505 4060; x_wconf 78' lang='grc' dir='ltr'><strong><em>καθ’</em></strong></span> <span class='ocrx_word' id='word_1_323' title='bbox 2551 3988 2710 4079; x_wconf 82' lang='grc' dir='ltr'><strong><em>ἡμε-</em></strong></span> 
     </span>
    </p>
   </div>
   <div class='ocr_carea' id='block_1_3' title="bbox 928 4143 1075 4150">
    <p class='ocr_par' dir='ltr' id='par_1_5' title="bbox 928 4143 1075 4150">
     <span class='ocr_line' id='line_1_39' title="bbox 928 4143 1075 4150; baseline 0 0"><span class='ocrx_word' id='word_1_324' title='bbox 928 4143 1075 4150; x_wconf 95' lang='lat' dir='ltr'><strong><em> </em></strong></span> 
     </span>
    </p>
   </div>
   <div class='ocr_carea' id='block_1_4' title="bbox 362 4220 2708 4380">
    <p class='ocr_par' dir='ltr' id='par_1_6' title="bbox 362 4220 2708 4380">
     <span class='ocr_line' id='line_1_40' title="bbox 463 4220 2708 4294; baseline 0.005 -22"><span class='ocrx_word' id='word_1_325' title='bbox 463 4220 516 4280; x_wconf 52' lang='grc'><strong><em>,9</em></strong></span> <span class='ocrx_word' id='word_1_326' title='bbox 554 4222 749 4273; x_wconf 85' lang='lat' dir='ltr'><strong>Leuncl.</strong></span> <span class='ocrx_word' id='word_1_327' title='bbox 785 4224 831 4271; x_wconf 84' lang='lat' dir='ltr'><strong><em>in</em></strong></span> <span class='ocrx_word' id='word_1_328' title='bbox 871 4238 1016 4285; x_wconf 77' lang='lat' dir='ltr'>marg.</span> <span class='ocrx_word' id='word_1_329' title='bbox 1054 4233 1103 4275; x_wconf 78' lang='lat' dir='ltr'><strong><em>et</em></strong></span> <span class='ocrx_word' id='word_1_330' title='bbox 1138 4227 1283 4277; x_wconf 75' lang='lat' dir='ltr'>Vocss.</span> <span class='ocrx_word' id='word_1_331' title='bbox 1318 4224 1640 4294; x_wconf 78' lang='grc' dir='ltr'><strong><em>μοναδικὸν.</em></strong></span> <span class='ocrx_word' id='word_1_332' title='bbox 1851 4230 1889 4258; x_wconf 85' lang='lat'><strong><em>¹⁰</em></strong></span> <span class='ocrx_word' id='word_1_333' title='bbox 1923 4233 2069 4283; x_wconf 78' lang='lat' dir='ltr'>voell.</span> <span class='ocrx_word' id='word_1_334' title='bbox 2107 4234 2359 4284; x_wconf 70' lang='lat' dir='ltr'><strong>articulum</strong></span> <span class='ocrx_word' id='word_1_335' title='bbox 2411 4247 2507 4283; x_wconf 85' lang='lat' dir='ltr'><strong><em>non</em></strong></span> <span class='ocrx_word' id='word_1_336' title='bbox 2553 4234 2708 4284; x_wconf 75' lang='lat' dir='ltr'><strong>hahet.</strong></span> 
     </span>
     <span class='ocr_line' id='line_1_41' title="bbox 362 4301 2306 4380; baseline 0.004 -23"><span class='ocrx_word' id='word_1_337' title='bbox 362 4307 393 4334; x_wconf 87' lang='lat'><strong><em>¹¹</em></strong></span> <span class='ocrx_word' id='word_1_338' title='bbox 430 4307 622 4358; x_wconf 83' lang='lat' dir='ltr'>Leunel.</span> <span class='ocrx_word' id='word_1_339' title='bbox 661 4301 890 4355; x_wconf 80' lang='grc' dir='ltr'><strong><em>δικαίων</em></strong></span> <span class='ocrx_word' id='word_1_340' title='bbox 924 4317 972 4357; x_wconf 79' lang='grc' dir='ltr'><strong><em>ει</em></strong></span> <span class='ocrx_word' id='word_1_341' title='bbox 1008 4309 1054 4357; x_wconf 82' lang='lat' dir='ltr'><strong><em>in</em></strong></span> <span class='ocrx_word' id='word_1_342' title='bbox 1092 4324 1237 4372; x_wconf 74' lang='lat' dir='ltr'><strong>marg.</strong></span> <span class='ocrx_word' id='word_1_343' title='bbox 1276 4307 1659 4380; x_wconf 76' lang='grc' dir='ltr'><strong><em>δικαστηρίων.</em></strong></span> <span class='ocrx_word' id='word_1_344' title='bbox 1804 4314 1842 4342; x_wconf 77' lang='lat'><strong><em>¹²</em></strong></span> <span class='ocrx_word' id='word_1_345' title='bbox 1878 4318 2070 4369; x_wconf 77' lang='lat' dir='ltr'><strong>Leuncl.</strong></span> <span class='ocrx_word' id='word_1_346' title='bbox 2109 4309 2306 4365; x_wconf 76' lang='grc' dir='ltr'><strong><em>αὐτῶν.</em></strong></span> 
     </span>
    </p>
   </div>
  </div>
 </body>
</html>
