2900 4950
1041 268 1160 331 tmp.
1194 266 1433 318 Theodori
1472 268 1705 321 tasearis.
1846 238 1871 255 ⁴-
2415 261 2538 322 567

202 425 264 479 et
303 417 431 479 sine
473 416 666 497 aliqua
710 417 822 479 alia
866 417 1166 493 (lectione,
1221 430 1281 479 et
1329 406 1553 480 'debent
1593 419 1812 493 lacere,
1870 419 2327 501 qualescumque
2385 443 2539 485 mer-

204 536 302 579 ces
345 516 430 578 eis
473 518 739 601 placent,
797 538 905 599 per
959 527 1142 581 totum
1188 519 1508 600 Imperium
1553 539 1747 582 meum
1805 529 1864 582 et
1919 521 2049 582 siue
2095 522 2287 603 aliqua
2344 523 2539 604 inqui·

203 617 432 683 sitione·

369 719 723 783 Mercatores
777 721 1013 801 quidem
1074 730 1361 784 terrarum
1426 722 1664 803 Imperii
1729 724 1841 784 mei
1905 724 1966 785 in
2029 724 2534 806 Constantinopoli

205 830 263 883 et
307 821 366 881 in
412 821 541 883 aliis
586 822 758 883 terris
813 834 914 885 tue
956 823 1420 897 dominationis,
1472 834 1711 897 euntes,
1769 834 1993 887 stantes
2047 837 2105 887 et
2159 826 2535 902 reddeuntes,

202 921 424 987 debant
464 924 686 984 lacere
697 943 925 985 merces
983 925 1244 1004 ipsorum
1302 925 1431 987 sine
1490 925 1923 1005 inpedimento,
1978 927 2138 991 salvo
2186 927 2322 1007 jure
2379 947 2541 990 com-

204 1022 430 1096 merkii‚
478 1025 633 1103 quod
677 1025 821 1085 dare
864 1025 1100 1087 debent.

374 1124 735 1187 Contentum
782 1135 871 1187 est
913 1136 972 1188 et
1016 1128 1145 1198 hoc,
1190 1127 1368 1205 quod,
1415 1126 1466 1186 si
1510 1126 1702 1205 aliqua
1748 1126 1910 1188 navis
1953 1128 2257 1190 hominum
2287 1131 2537 1192 Venecie

203 1224 625 1304 periclitabitur
669 1227 755 1287 vel
798 1238 1187 1290 mercatorum
1233 1237 1522 1289 terrarum
1568 1237 1666 1289 tue
1710 1227 2126 1290 dominationis
2169 1229 2228 1291 in
2273 1232 2537 1309 partibus

205 1334 491 1387 terrarum
539 1327 652 1388 mei
700 1329 965 1408 lmperii3
1026 1328 1110 1390 vel
1156 1329 1204 1390 si
1251 1328 1412 1390 navis
1459 1328 1760 1389 hominnm
1807 1329 1920 1390 mei
1968 1329 2203 1409 Imperii
2247 1331 2538 1410 periclita-

204 1425 361 1487 bitur
402 1428 461 1488 iu
507 1427 770 1507 partibus
812 1439 1100 1492 terrarum
1148 1440 1245 1491 tue
1289 1429 1740 1503 dominationis,
1793 1449 1918 1503 res,
1976 1449 2090 1509 que
2135 1432 2209 1493 de
2252 1428 2537 1494 ambabus

203 1528 467 1606 partibus
511 1539 763 1591 extracte
809 1531 1025 1593 fuerint
1068 1532 1141 1592 de
1185 1529 1478 1611 periculo,
1540 1530 1702 1590 reddi
1748 1531 1966 1593 debent
2007 1531 2377 1607 homiuibus,
2436 1534 2533 1614 qui

204 1628 276 1688 de
319 1630 579 1708 periculo
623 1629 836 1692 exient.

370 1730 447 1791 Et
500 1731 551 1791 si
609 1731 821 1810 aliquis
877 1732 949 1793 de
1005 1741 1172 1811 parte
1218 1732 1334 1793 mei
1379 1732 1612 1812 Imperii
1658 1732 1746 1792 vel
1802 1733 1876 1793 de
1922 1742 2085 1811 parte
2126 1743 2227 1795 tue
2271 1736 2538 1796 ‹lomina-

204 1831 379 1893 tiouis
424 1840 690 1893 mortuus
748 1832 919 1895 fuerit
974 1832 1033 1892 in
1095 1832 1287 1911 aliqua
1344 1842 1502 1894 terre
1559 1833 1672 1893 mei
1717 1833 1952 1912 Imperii
1997 1835 2085 1895 vel
2129 1843 2227 1895 tue
2272 1837 2538 1898 domina-

203 1932 400 2006 tionis,
444 1952 542 1993 res
586 1933 842 1993 defuncti
890 1932 1108 1993 debent
1150 1933 1275 1994 dari
1322 1934 1646 1994 secundum
1693 1942 1956 1994 tenorem
1994 1935 2084 1994 sui
2114 1937 2447 1998 testamenti
2479 1949 2537 1999 et

204 2052 314 2112 per
354 2034 746 2094 securitatem.
834 2034 910 2094 Et
953 2033 1001 2094 si
1047 2033 1176 2093 sine
1218 2041 1572 2095 testamento
1615 2043 1882 2094 mortuns
1925 2035 2065 2109 erit,
2110 2043 2169 2099 et
2211 2036 2540 2099 invenietur

196 2133 416 2214 ‚aliquis
460 2135 533 2195 de
577 2153 792 2213 genere
835 2134 925 2195 vel
968 2135 1042 2195 de
1085 2143 1259 2212 gente
1305 2152 1431 2205 sua,
1478 2135 1652 2195 debet
1694 2134 1957 2213 recipere
2001 2155 2098 2197 res
2140 2137 2396 2197 defuncti
2427 2154 2536 2217 pro

206 2245 371 2314 parte
415 2235 694 2297 defuncti.
783 2236 858 2296 Et
900 2235 949 2297 si
994 2235 1206 2314 aliquis
1249 2244 1519 2296 mortuus
1549 2235 1724 2296 suerit
1753 2235 1881 2295 sine
1912 2244 2281 2310 testamento,
2328 2246 2387 2298 et
2415 2254 2535 2299 non

207 2336 376 2399 fuerit
436 2337 707 2399 inventus
764 2337 821 2398 in
883 2345 1069 2397 morte
1125 2356 1229 2397 sua
1287 2335 1499 2416 aliquis
1544 2337 1616 2396 de
1659 2356 1876 2415 genere
1922 2338 2146 2398 necue
2189 2346 2364 2416 gente
2409 2358 2534 2414 sua,

205 2458 304 2500 res
353 2439 521 2501 istius
565 2439 782 2500 debent
824 2439 1156 2500 conservari
1202 2457 1269 2499 ex
1316 2449 1484 2518 parte
1528 2438 1699 2512 illins,
1749 2437 1916 2518 cujus
1962 2449 2114 2501 terra
2161 2448 2268 2513 est,
2315 2439 2377 2501 iu
2420 2456 2533 2520 qua

203 2553 469 2604 mortuus
513 2543 655 2616 erit;
718 2552 771 2601 et
819 2540 1037 2603 debent
1081 2540 1243 2602 reddi
1292 2542 1399 2601 liec
1443 2560 1539 2600 res
1584 2540 1695 2601 illis
1740 2540 2107 2613 hominibus,
2166 2541 2380 2619 quibus
2424 2541 2536 2603 alia

204 2654 341 2723 pars
386 2643 786 2716 notificaverit,
833 2661 941 2722 per
982 2642 1264 2721 scriptum
1309 2651 1367 2702 et
1410 2642 1803 2702 securitatem.

375 2745 735 2804 Conventum
782 2753 874 2803 est
915 2753 974 2803 et
1016 2743 1157 2802 hoc:
1215 2762 1324 2822 pro
1369 2741 1546 2803 rebus
1589 2751 2012 2815 mercatorum,
2070 2743 2168 2822 qui
2229 2743 2536 2823 periclitati

205 2854 346 2906 sunt
388 2843 447 2903 in
496 2843 667 2903 terris
711 2844 824 2902 inei
870 2843 1104 2920 Imperii
1148 2859 1179 2902 a
1225 2842 1516 2920 principio
1563 2860 1752 2920 nuper
1809 2829 2101 2904 transacte
2157 2854 2387 2922 treuge,
2446 2846 2537 2908 vel

200 2924 304 3025 'qui
350 2942 850 3023 periclitabuntur,
898 2951 956 3003 et
986 2961 1107 3028 pro
1138 2940 1266 3001 aliis
1299 2941 1639 3002 hominibus
1667 2950 1763 3002 tue
1795 2943 2210 3005 dominationis
2240 2944 2537 3006 racionem

203 3044 409 3106 fecerit
449 3043 764 3123 Imperium
811 3061 1005 3103 meum
1050 3042 1496 3115 convenientem
1554 3060 1669 3121 que
1725 3042 2044 3104 dominatio
2101 3052 2199 3103 tua
2245 3044 2419 3105 debet
2459 3046 2538 3106 si-

205 3147 420 3208 militer·
462 3144 690 3224 operari
738 3144 798 3204 in
844 3143 975 3216 illis,
1023 3143 1121 3221 qui
1153 3142 1459 3222 periclitati
1492 3151 1632 3202 sunt
1673 3142 1761 3203 vel
1816 3143 2298 3222 periclitabuntur
2333 3145 2392 3204 in
2425 3146 2539 3207 hoe

203 3245 504 3327 tempore(
537 3245 958 3306 mercatoribus
1001 3244 1232 3324 Imperii
1281 3244 1392 3303 mei
1439 3243 1874 3305 convenienter.

375 3349 737 3409 conventum
785 3355 873 3407 est
913 3347 1073 3407 iuter
1117 3345 1255 3418 hoc,
1313 3345 1471 3424 quod
1530 3361 1642 3404 nec
1696 3343 2010 3422 Imperium
2066 3361 2287 3417 meum,
2346 3364 2539 3425 neque

201 3461 342 3513 tuus
385 3449 713 3529 dispotatus
757 3448 970 3508 habeat
1011 3447 1303 3507 licentiam
1349 3447 1605 3507 formare
1657 3463 1991 3526 yperperos
2021 3444 2109 3504 vel
2154 3447 2536 3520 manuelatos,

202 3562 300 3614 aut
346 3562 613 3613 stamena
657 3549 882 3628 equalis
925 3551 1113 3610 forme
1158 3548 1397 3609 alterius
1440 3547 1645 3626 partis.

179 3661 186 3668 “
374 3651 659 3714 Convenit
722 3660 782 3711 et
835 3651 976 3713 hoc:
1039 3650 1351 3730 Imperium
1411 3667 1605 3709 meum
1664 3647 1961 3727 promisit,
2019 3648 2173 3726 quod
2234 3667 2419 3728 usque
2464 3652 2535 3711 ad

204 3753 684 3835 complimentnm
742 3752 1003 3831 quinque
1059 3771 1347 3811 annorum
1406 3749 1567 3828 pacis
1623 3768 1733 3809 nec
1786 3749 1950 3826 galee
2011 3767 2202 3827 neque
2246 3750 2538 3810 currentia

206 3855 361 3933 ligna
410 3853 645 3933 Imperii
691 3852 806 3912 mei
853 3850 1106 3911 debeant
1147 3851 1363 3910 habere
1417 3848 1708 3910 licentiam
1767 3849 2020 3910 transire
2077 3848 2149 3908 de
2207 3847 2541 3910 Constanti-

208 3955 440 4034 nopoli,
498 3954 612 4015 nisi
659 3954 772 4013 hoc
813 3952 988 4012 suerit
1032 3952 1105 4010 de
1149 3952 1442 4011 voluntate
1490 3957 1587 4009 tue
1630 3947 2067 4009 dominationis,
2154 3946 2359 4026 Neque
2403 3949 2541 4010 soli-

204 4056 407 4117 darios
451 4055 626 4116 debet
667 4054 871 4116 tollere
914 4051 1231 4131 Imperium
1279 4067 1472 4110 meum
1517 4066 1550 4108 a
1595 4058 1761 4126 parte
1804 4056 1902 4109 tue
1944 4048 2380 4122 dominationis,
2426 4051 2539 4112 nisi

204 4164 268 4219 et
310 4156 424 4216 hoc
467 4156 639 4217 fuerit
684 4155 757 4216 de
800 4153 1098 4214 voluntate
1139 4160 1238 4213 tue
1284 4148 1720 4210 dominationis.

381 4253 502 4316 Hec
545 4257 737 4317 omnia
784 4255 1056 4334 superius
1098 4251 1384 4314 declarata
1441 4249 1661 4330 juravit
1705 4247 2016 4328 Imperium
2063 4267 2255 4309 meum
2301 4253 2538 4330 proprio

208 4373 315 4420 ore
361 4375 541 4436 super
579 4365 783 4419 sancta
843 4355 946 4418 Dei
1001 4353 1296 4434 evangelia
1353 4362 1414 4414 et
1467 4370 1648 4433 super
1702 4347 2102 4412 honorabilem
2161 4360 2221 4414 et
2260 4349 2537 4415 vivificam
