2900 4950
1241 128 1356 190 Imp.
1396 128 1584 176 Leonis».
2469 120 2487 176 1
2515 121 2584 179 19

254 270 292 338 ὁ
337 269 496 363 ἀνὴρ
553 274 621 341 ἐν
675 276 754 362 τῇ
811 275 1149 362 πολιτείᾳ,
1206 272 1241 339 ὁ
1294 277 1413 359 μὲν
1459 270 1729 362 ἀκριβὴς
1771 277 1876 340 καὶ
1924 277 2162 354 λεπτὸς
2207 279 2587 364 λόγος.διι.-

253 376 395 444 λύει
447 377 563 444 τὸν
618 376 857 462 γάμον·
926 377 1226 455 δουλείας
1278 376 1399 461 γὰρ
1447 372 1633 455 ἅπαξ
1687 375 2148 464 ἐπιγενομένης
2191 386 2485 466 θατέρῳ,
2545 363 2578 469 ἦ

250 481 366 563 τῆς
428 479 620 566 τύχης
693 474 1002 563 ἀνισότης
1067 477 1182 563 τὴν
1241 477 1307 543 ἐκ
1375 482 1507 543 τῶν
1560 482 1786 563 γάμων
1854 478 2158 567 ἰσότητα7
2223 488 2440 564 μένειν
2506 479 2612 563 οὐ,

252 592 612 665 συγχωρεῆ
667 579 839 667 πλὴν
885 576 1053 646 ἀλλά
1098 580 1740 666 φιλανθρωπότερον
1784 581 1867 647 τὰ
1911 586 2188 648 τοιαῦτα
2247 587 2583 667 θεωροῦν·

243 706 381 762 τες,
453 682 579 760 ἕως
630 689 751 766 μέν
808 682 950 748 ἐστι
1006 681 1292 769 φανερὸν
1347 677 1386 767 ἢ
1439 681 1555 749 τὸν
1600 681 1808 767 ἄνδρα
1850 694 2183 765 περιεῖναι
2225 678 2268 770 ἢ
2309 685 2426 770 τὴν
2467 710 2582 769 γα-

243 784 465 870 μετὴν,
511 789 731 869 μένειν
778 781 984 850 ἄλυτα
1026 781 1111 850 τὰ
1154 791 1529 850 συνοικέσια
1561 789 2030 870 συγχωροῦμεν,
2078 788 2182 852 καὶ
2239 780 2352 852 οὒκ
2406 784 2581 852 ἐλεύ-

249 907 485 952 σονται
538 885 712 969 πρὸς
768 887 1108 970 δευτέρους
1160 884 1406 970 γάμους
1461 883 1611 967 οὕτε
1663 893 1957 970 γυναῖκες
2008 885 2159 954 οῦτε
2204 885 2462 971 ἄνδρες,
2526 888 2583 955 εἰ

239 985 331 1072 μὴ
374 985 725 1070 βούλοιντο
769 987 984 1052 δοκεῖν
1029 985 1194 1052 κατὰ
1236 994 1645 1070 προπέτειαν
1689 991 1883 1053 τοῦτο
1938 990 2204 1073 πρᾶξαι,
2251 992 2358 1056 καὶ
2411 985 2580 1056 ὕπο-

240 1091 475 1154 πεσεῖν
520 1099 669 1164 ταῖς
712 1098 1002 1168 ποιναῖς,
1053 1084 1087 1151 ὃ
1132 1089 1251 1170 μὲν
1294 1092 1410 1174 τῆς
1454 1087 1587 1173 πρὸ
1639 1088 1850 1174 γάμου
1904 1091 2152 1173 δωρεᾶς
2194 1094 2272 1176 τῇ
2317 1091 2574 1170 ἐκτίσει,

240 1184 281 1274 ἥ
331 1190 403 1255 δὲ
447 1192 564 1274 τῆς
606 1188 950 1273 προικός.“
1046 1190 1127 1255 Οἱ
1172 1192 1290 1272 μὲν
1336 1180 1450 1254 οῦν
1498 1190 2022 1276 προφθάσαντες
2066 1190 2371 1276 τοιαύτην
2424 1196 2581 1278 περὶ

240 1294 361 1356 τοῦ
404 1290 616 1376 γάμου
660 1294 792 1357 τῶν
838 1289 1269 1373 αἰχμαλώτων
1316 1291 1634 1377 ἐξέφηναν
1676 1292 1953 1377 γνώμην.
2039 1287 2195 1378 ἡμῖν
2241 1293 2313 1358 δὲ
2358 1288 2576 1379 οῦθ’ἦ

240 1393 428 1459 αἰτία
472 1391 766 1478 εὔλογος,
824 1390 901 1477 ἣν
949 1387 985 1456 ὁ
1031 1386 1300 1478 ἀκριβὴς
1356 1388 1447 1469 ώς
1504 1387 1694 1457 αὐτοί
1737 1417 1906 1478 φασι
1950 1392 2059 1458 καὶ
2103 1394 2345 1472 λεπτὸς
2389 1394 2578 1478 λόγος

238 1495 534 1573 δίδωσιν,
583 1491 734 1561 οὔτε
776 1490 813 1580 ἡ
862 1495 1348 1580 φιλανθρωπία
1393 1492 1537 1560 ἐστὶ
1579 1494 1863 1580 καθαρὰ,
1908 1492 1946 1580 ἡ
1996 1492 2223 1561 ἄδειαν
2255 1495 2577 1561 λελύσθαι

236 1602 647 1681 παρεχομένη
680 1594 820 1670 ,τὸν
873 1594 1082 1680 γάμον
1129 1595 1197 1661 ὲν
1239 1598 1331 1679 τῷ
1392 1590 2046 1687 ὑποβαλεῒνοαύτοὺς
2089 1600 2167 1684 τῇ
2214 1597 2425 1684 ζημίᾳ.
2517 1597 2576 1664 εἰ

236 1699 377 1784 γὰρ,
426 1695 655 1781 ὥσπερ
703 1699 992 1781 λέγουσι,
1039 1699 1156 1782 τῆς
1197 1695 1389 1778 τύχης
1432 1692 1470 1782 ἡ
1518 1692 1826 1782 ἀνισότης
1872 1693 1947 1763 οὗ
1997 1710 2314 1783 συγχωρεῖ
2354 1706 2572 1782 μένειν

233 1798 348 1866 τὸν
393 1799 631 1885 γάμον,
688 1801 835 1876 πῶς
880 1797 937 1864 εἰ
982 1799 1152 1882 πρὸς
1196 1796 1580 1882 ἐλευθερίαν
1627 1798 2115 1886 ἑπανακληθειή
2162 1796 2196 1864 ὃ
2242 1800 2574 1882 αἰχμάλω-

232 1926 364 1982 τος,
410 1901 579 1985 μετὰ
619 1900 736 1987 τὴν
780 1903 897 1967 τοῦ
942 1898 1153 1984 γάμου
1203 1898 1506 1965 διάλυσιν
1546 1900 1715 1984 πρὸς
1757 1901 1835 1965 τὸ
1883 1902 2029 1967 ἴσον
2076 1899 2573 1987 ἐπανελθούσης

233 2007 349 2089 τῆς
392 2002 586 2089 τύχης
628 2006 735 2067 καὶ
782 1996 1175 2088 ἀμφοτέρων
1208 2001 1604 2084 ἐλευθερίως
1646 2001 1985 2085 βιούντων,
2035 1995 2147 2066 οὗκ
2180 2001 2273 2079 εἷς
2300 2000 2379 2066 τὸ
2425 2002 2572 2067 ἴσον

236 2101 273 2169 ὃ
328 2103 535 2189 γάμος
589 2103 794 2170 πάλιν
853 2101 1392 2182 ἐπανελεύσεταις
1459 2105 1592 2167 ποῦ
1652 2104 1723 2167 δὲ
1777 2101 1853 2166 τὸ
1911 2101 2399 2188 φιλάνθρωπον
2456 2128 2572 2167 κα-

234 2206 469 2290 θαρὸν,
520 2206 787 2291 ζημιοῦν
831 2206 949 2288 μὲν
992 2208 1070 2291 τῇ
1114 2207 1246 2269 τῶν
1293 2201 1715 2269 οἰκειοτάτων
1757 2204 1974 2286 μελῶν
2004 2198 2372 2290 ἀφαιρέσει,
2421 2229 2573 2271 πει-

232 2311 491 2393 ρᾶσθαι
536 2309 607 2374 δὲ
650 2307 766 2394 τὴν
812 2307 1045 2394 ζημίαν
1090 2311 1658 2391 παραμυθεῖσθαι
1704 2299 2145 2392 ἀντεισαγωγῇ
2189 2309 2321 2372 τῶν
2354 2304 2569 2372 ἄλλων

232 2408 573 2496 κτημάτων
589 2439 609 2491 ,-
668 2412 816 2488 πῶς
874 2409 945 2475 δὲ
999 2412 1189 2494 μέχρι
1245 2410 1349 2474 καὶ
1397 2410 1530 2475 τῶν
1577 2405 2009 2494 φαυλοτάτων
2056 2402 2254 2495 αὐτῆς
2297 2432 2571 2493 περιου-

234 2518 384 2590 σίας
445 2515 577 2579 τῶν
642 2509 1071 2596 αἰχμαλώτων
1139 2509 1507 2595 λογίζεται8
1575 2509 2081 2595 φυλαττομένων
2147 2505 2373 2588 αὐτοῖς
2436 2512 2569 2576 τῶν

232 2615 536 2692 δικαίων,
605 2609 744 2699 οῦχὶ
801 2611 1189 2679 πάνδεινον”
1244 2616 1335 2698 τῷ
1390 2612 1645 2695 μείζονι
1698 2618 1882 2696 μέρει
1940 2615 2131 2698 (φημὶ
2193 2610 2269 2700 δὴ
2327 2615 2404 2698 τῇ
2451 2614 2568 2677 τοῦ

232 2716 474 2782 οἰκείου
548 2717 784 2797 μέλους
860 2714 1280 2800 συντηρήσει)
1345 2712 1739 2779 κινδυνεύειν
1809 2708 2044 2791 αὐτοὺς
2108 2712 2196 2799 μὴ
2219 2717 2259 2748 ¹⁰
2322 2711 2570 2798 ὁμοίως

230 2811 597 2895 ἀξιοῦσθαι
638 2819 769 2880 τῶν
817 2816 1116 2892 δικαίων,
1166 2809 1301 2879 ἀλλ’
1356 2808 1526 2879 εἶναι
1570 2810 1996 2894 ἀνεπίσχετον
2040 2813 2155 2900 τὴν
2203 2816 2452 2902 ζημίαν,
2511 2815 2568 2881 εἰ

227 2921 428 2983 τοῦτο
497 2916 607 2981 ἐπὶ
671 2912 929 2999 γνώμην
993 2910 1144 2998 ἥκοι
1206 2920 1475 2999 θατέρῳ
1533 2921 1717 2998 μέρει
1776 2910 2094 3000 ἀλογῆσαι
2150 2920 2266 2980 τοῦ
2325 2917 2568 2982 οἰκείου

224 3019 504 3104 μέλους,·
555 3020 623 3082 τί
667 3004 779 3078 οῦν
827 3038 997 3099 φημι
1042 3012 1205 3097 3246,-
1263 3012 1374 3078 ἐάν
1420 3038 1545 3098 περ
1591 3018 1707 3079 τοῦ
1754 3013 1897 3092 ἑνὸς
1939 3020 2176 3099 μέρους
2220 3015 2286 3082 ἐν
2331 3016 2569 3100 αἰχμα-

229 3122 444 3205 λωσίᾳ
490 3115 679 3194 ὄντος
707 3114 783 3179 τὸ
815 3109 1176 3199 ἀπείρατον
1211 3115 1680 3201 διαμεμενηκὸς
1719 3120 1835 3200 τῆς
1867 3116 2315 3199 αἰχμαλωσίας
2345 3116 2567 3199 ἑτέρου

229 3221 401 3305 πρὸς
432 3217 792 3305 συνάφειαν
826 3214 981 3296 ἰ’δοι,
1031 3215 1397 3282 ἐπανέλθοι
1431 3217 1502 3282 δὲ
1530 3221 1645 3303 τῆς
1677 3216 2125 3300 αἰχμαλωσίας
2160 3215 2237 3281 τὸ
2271 3217 2336 3282 ἒν
2367 3216 2565 3303 ταύτῃ

170 3378 179 3385 .
228 3327 732 3408 κατεσχημένον,
789 3312 1018 3385 ἄδειαν
1065 3313 1233 3384 εἶναι
1278 3314 1507 3403 αὐτῷ11
1553 3318 1630 3384 τὸ
1680 3318 1921 3385 οἰκεῖον
1967 3319 2025 3385 εἰ
2078 3316 2388 3404 βούλοιτο
2448 3318 2566 3383 έπ-

230 3422 712 3507 αναλαμβάνειν
737 3421 954 3504 μέλος,
1001 3422 1106 3486 καὶ
1151 3421 1472 3507 μηδαμῶς
1502 3419 1675 3487 διότι
1706 3420 1904 3508 ἑτέρῳ
1952 3420 2261 3509 συνήφθη
2308 3418 2461 3499 τοὺς
2500 3418 2569 3498 ἐξ

230 3518 427 3612 ἀρχῆς
468 3529 1022 3606 καινοτομεῒσθαι
1063 3522 1327 3607 γάμους.
1420 3521 1480 3589 εἰ
1520 3521 1642 3608 γὰρ
1687 3518 1725 3609 ἡ
1770 3529 2077 3611 γενομένη
2123 3523 2296 3609 πρὸς
2346 3524 2562 3608 ἕτερον

230 3623 501 3710 ὕστερον
548 3624 874 3712 συνάφεια
919 3622 1098 3703 δόξει
1139 3627 1314 3690 τισὶν
1361 3618 1713 3702 ἀδιάλυτος
1758 3619 1835 3691 ἀν
1884 3628 2246 3709 διαμεῖναι,
2297 3628 2443 3702 πῶς
2486 3619 2563 3689 οὗ

235 3726 640 3813 δικαιότερον
704 3722 761 3813 ἧ
790 3724 1081 3812 ἀρχῆθεν
1125 3729 1257 3790 τῶν
1301 3723 1525 3808 γάμων
1574 3724 1901 3810 συνάφεια
1945 3726 2116 3811 πρὸς
2157 3725 2273 3810 τὴν
2321 3725 2564 3789 οἰκείαν

359 3915 377 3942 ⁷
416 3910 684 3975 Codd.t32v
717 3910 774 3964 ἐκ
811 3916 908 3965 τοῦ
925 3908 1109 3981 γάμου
1134 3906 1448 3972 ἀνισότητα.
1496 3904 1745 3971 Ἰσότητα
1775 3915 1873 3976 jaun
1896 3914 2059 3975 steph.
2082 3914 2312 3976 reposuit.
2416 3910 2436 3938 ⁸
2473 3915 2562 3963 Lo-

233 4004 315 4052 cus}
351 4003 546 4051 omnino
582 4011 853 4064 corruptus,
926 4001 1224 4063 Stephanu5‚
1262 4012 1469 4061 quocum
1509 3997 1737 4061 Agylaeus
1775 3997 1914 4045 facit:
1955 3997 2069 4049 πῶς·
2105 3991 2164 4045 δὲ
2200 3988 2248 4045 εἰ
2279 3993 2442 4062 μέχρι
2473 3993 2564 4045 καὶ

229 4086 339 4134 τῶν
387 4084 551 4152 φαυλ.
594 4077 762 4145 αὐτῆς·
808 4078 838 4145 ἡ
887 4076 1189 4151 περιουσία.
1268 4083 1502 4146 Equidem
1553 4082 1872 4146 conjecerim:
1929 4081 2045 4134 πῶς
2093 4072 2145 4129 δ’
2187 4072 2234 4130 εἰ
2276 4077 2440 4148 μέχρι
2472 4077 2563 4129 καὶ

228 4166 343 4219 aaa
380 4164 748 4238 φαυλοτάτων
797 4162 980 4218 αὐτῶν
1026 4164 1312 4236 περιουσία
1358 4161 1468 4213 κτλ.
1679 4164 1701 4192 ⁹
1739 4167 1861 4230 Agyl.
1914 4166 2022 4228 legit
2059 4160 2350 4227 πάνδηλον.
2429 4166 2560 4216 Male.

226 4253 261 4280 ¹⁰
299 4256 509 4316 hegen-im
546 4250 635 4303 καὶ
668 4243 743 4320 μῆ
784 4248 874 4319 ὃμ.
1021 4252 1048 4278 ”
1094 4252 1289 4311 Scrimg.
1330 4242 1482 4315 αὐτῇ.
