<?xml version="1.0" encoding="UTF-8"?>
<!DOCTYPE html PUBLIC "-//W3C//DTD XHTML 1.0 Transitional//EN"
    "http://www.w3.org/TR/xhtml1/DTD/xhtml1-transitional.dtd">
<html xmlns="http://www.w3.org/1999/xhtml" xml:lang="en" lang="en">
 <head>
  <title>
</title>
<meta http-equiv="Content-Type" content="text/html;charset=utf-8" />
  <meta name='ocr-system' content='tesseract 3.04.00' />
  <meta name='ocr-capabilities' content='ocr_page ocr_carea ocr_par ocr_line ocrx_word'/>
</head>
<body>
  <div class='ocr_page' id='page_1' title='image "./jusgraecoromanu00linggoog_0633.png"; bbox 0 0 2900 4950; ppageno 0'>
   <div class='ocr_carea' id='block_1_1' title="bbox 1015 238 2529 309">
    <p class='ocr_par' dir='ltr' id='par_1_1' title="bbox 1015 238 2529 309">
     <span class='ocr_line' id='line_1_1' title="bbox 1015 238 2529 309; baseline 0.003 -15"><span class='ocrx_word' id='word_1_1' title='bbox 1015 245 1130 309; x_wconf 88' lang='lat' dir='ltr'><strong>lmp.</strong></span> <span class='ocrx_word' id='word_1_2' title='bbox 1165 244 1410 296; x_wconf 70' lang='lat' dir='ltr'><strong>Michaelis</strong></span> <span class='ocrx_word' id='word_1_3' title='bbox 1447 245 1729 308; x_wconf 67' lang='lat' dir='ltr'><strong>palaeologi.</strong></span> <span class='ocrx_word' id='word_1_4' title='bbox 2406 238 2529 301; x_wconf 79' lang='grc'><strong>577</strong></span> 
     </span>
    </p>
   </div>
   <div class='ocr_carea' id='block_1_2' title="bbox 159 394 2536 4115">
    <p class='ocr_par' dir='ltr' id='par_1_2' title="bbox 169 394 2536 559">
     <span class='ocr_line' id='line_1_2' title="bbox 173 394 2536 478; baseline 0.003 -21"><span class='ocrx_word' id='word_1_5' title='bbox 173 394 391 477; x_wconf 81' lang='lat' dir='ltr'><strong>pellet,</strong></span> <span class='ocrx_word' id='word_1_6' title='bbox 456 405 516 456; x_wconf 82' lang='lat' dir='ltr'><strong>et</strong></span> <span class='ocrx_word' id='word_1_7' title='bbox 579 404 970 475; x_wconf 75' lang='lat' dir='ltr'>persequetur</span> <span class='ocrx_word' id='word_1_8' title='bbox 1031 414 1134 457; x_wconf 85' lang='lat' dir='ltr'><strong>eos</strong></span> <span class='ocrx_word' id='word_1_9' title='bbox 1198 405 1376 476; x_wconf 86' lang='lat' dir='ltr'><strong>atque</strong></span> <span class='ocrx_word' id='word_1_10' title='bbox 1440 399 1647 477; x_wconf 88' lang='lat' dir='ltr'><strong>puniet</strong></span> <span class='ocrx_word' id='word_1_11' title='bbox 1708 398 2035 460; x_wconf 86' lang='lat' dir='ltr'><strong>secundum</strong></span> <span class='ocrx_word' id='word_1_12' title='bbox 2094 399 2380 478; x_wconf 60' lang='lat' dir='ltr'><strong>¹§iustitiam</strong></span> <span class='ocrx_word' id='word_1_13' title='bbox 2445 405 2536 465; x_wconf 71' lang='lat' dir='ltr'><strong>ot·</strong></span> 
     </span>
     <span class='ocr_line' id='line_1_3' title="bbox 169 501 1936 559; baseline -0.004 0"><span class='ocrx_word' id='word_1_14' title='bbox 169 501 478 559; x_wconf 66' lang='lat' dir='ltr'><strong>ransom.</strong></span> <span class='ocrx_word' id='word_1_15' title='bbox 1926 532 1936 540; x_wconf 88' lang='lat'>-</span> 
     </span>
    </p>

    <p class='ocr_par' dir='ltr' id='par_1_3' title="bbox 162 597 2534 1790">
     <span class='ocr_line' id='line_1_4' title="bbox 362 597 2534 683; baseline 0.004 -25"><span class='ocrx_word' id='word_1_16' title='bbox 362 600 504 660; x_wconf 80' lang='lat' dir='ltr'><strong>item</strong></span> <span class='ocrx_word' id='word_1_17' title='bbox 553 598 840 677; x_wconf 85' lang='lat' dir='ltr'><strong>promisit,</strong></span> <span class='ocrx_word' id='word_1_18' title='bbox 885 597 1158 658; x_wconf 85' lang='lat' dir='ltr'><strong>convenit</strong></span> <span class='ocrx_word' id='word_1_19' title='bbox 1200 605 1258 659; x_wconf 90' lang='lat' dir='ltr'><strong>et</strong></span> <span class='ocrx_word' id='word_1_20' title='bbox 1303 600 1671 661; x_wconf 78' lang='lat' dir='ltr'><strong>confirmavit</strong></span> <span class='ocrx_word' id='word_1_21' title='bbox 1704 598 1861 678; x_wconf 85' lang='lat' dir='ltr'><strong>jura,</strong></span> <span class='ocrx_word' id='word_1_22' title='bbox 1906 601 2166 663; x_wconf 86' lang='lat' dir='ltr'><strong>rationes</strong></span> <span class='ocrx_word' id='word_1_23' title='bbox 2183 603 2225 634; x_wconf 89' lang='lat'><strong>¹⁰</strong></span> <span class='ocrx_word' id='word_1_24' title='bbox 2266 614 2327 665; x_wconf 88' lang='lat' dir='ltr'><strong>et</strong></span> <span class='ocrx_word' id='word_1_25' title='bbox 2356 605 2534 683; x_wconf 81' lang='lat' dir='ltr'><strong>privi-</strong></span> 
     </span>
     <span class='ocr_line' id='line_1_5' title="bbox 165 698 2531 786; baseline 0.004 -26"><span class='ocrx_word' id='word_1_26' title='bbox 165 700 404 778; x_wconf 82' lang='lat' dir='ltr'><strong>legium</strong></span> <span class='ocrx_word' id='word_1_27' title='bbox 455 698 677 779; x_wconf 87' lang='lat' dir='ltr'><strong>jurium</strong></span> <span class='ocrx_word' id='word_1_28' title='bbox 737 707 796 759; x_wconf 89' lang='lat' dir='ltr'><strong>et</strong></span> <span class='ocrx_word' id='word_1_29' title='bbox 850 698 1281 771; x_wconf 68' lang='lat' dir='ltr'><strong>aedificiorum,</strong></span> <span class='ocrx_word' id='word_1_30' title='bbox 1340 698 1532 760; x_wconf 80' lang='lat' dir='ltr'><strong>divina</strong></span> <span class='ocrx_word' id='word_1_31' title='bbox 1590 702 1990 763; x_wconf 81' lang='lat' dir='ltr'><strong>misericordia</strong></span> <span class='ocrx_word' id='word_1_32' title='bbox 2048 705 2305 777; x_wconf 65' lang='lat' dir='ltr'><strong>saverne,</strong></span> <span class='ocrx_word' id='word_1_33' title='bbox 2370 708 2531 786; x_wconf 84' lang='lat' dir='ltr'><strong>quod</strong></span> 
     </span>
     <span class='ocr_line' id='line_1_6' title="bbox 167 799 2532 879; baseline 0.003 -16"><span class='ocrx_word' id='word_1_34' title='bbox 167 820 501 863; x_wconf 82' lang='lat' dir='ltr'><strong>commune</strong></span> <span class='ocrx_word' id='word_1_35' title='bbox 544 801 768 862; x_wconf 86' lang='lat' dir='ltr'><strong>Januae</strong></span> <span class='ocrx_word' id='word_1_36' title='bbox 811 819 918 862; x_wconf 85' lang='lat' dir='ltr'><strong>seu</strong></span> <span class='ocrx_word' id='word_1_37' title='bbox 963 799 1173 879; x_wconf 89' lang='lat' dir='ltr'><strong>aliquis</strong></span> <span class='ocrx_word' id='word_1_38' title='bbox 1215 818 1326 879; x_wconf 86' lang='lat' dir='ltr'><strong>pro</strong></span> <span class='ocrx_word' id='word_1_39' title='bbox 1370 802 1668 862; x_wconf 88' lang='lat' dir='ltr'><strong>communi</strong></span> <span class='ocrx_word' id='word_1_40' title='bbox 1713 802 2015 864; x_wconf 85' lang='lat' dir='ltr'><strong>consuevit</strong></span> <span class='ocrx_word' id='word_1_41' title='bbox 2042 804 2263 866; x_wconf 86' lang='lat' dir='ltr'><strong>babere</strong></span> <span class='ocrx_word' id='word_1_42' title='bbox 2294 806 2357 868; x_wconf 90' lang='lat' dir='ltr'><strong>in</strong></span> <span class='ocrx_word' id='word_1_43' title='bbox 2389 807 2532 876; x_wconf 82' lang='lat' dir='ltr'><strong>urbe</strong></span> 
     </span>
     <span class='ocr_line' id='line_1_7' title="bbox 167 901 2533 983; baseline 0.003 -19"><span class='ocrx_word' id='word_1_44' title='bbox 167 921 400 981; x_wconf 80' lang='lat' dir='ltr'><strong>magna</strong></span> <span class='ocrx_word' id='word_1_45' title='bbox 449 901 974 981; x_wconf 71' lang='lat' dir='ltr'><strong>Constantinopoli.</strong></span> <span class='ocrx_word' id='word_1_46' title='bbox 1063 901 1138 963; x_wconf 84' lang='lat' dir='ltr'><strong>Et</strong></span> <span class='ocrx_word' id='word_1_47' title='bbox 1179 902 1230 962; x_wconf 88' lang='lat' dir='ltr'><strong>si</strong></span> <span class='ocrx_word' id='word_1_48' title='bbox 1277 901 1562 963; x_wconf 84' lang='lat' dir='ltr'><strong>Dominus</strong></span> <span class='ocrx_word' id='word_1_49' title='bbox 1605 903 1983 983; x_wconf 84' lang='lat' dir='ltr'><strong>omnipotens</strong></span> <span class='ocrx_word' id='word_1_50' title='bbox 2026 908 2387 969; x_wconf 78' lang='lat' dir='ltr'><strong>concesserit</strong></span> <span class='ocrx_word' id='word_1_51' title='bbox 2414 909 2533 970; x_wconf 89' lang='lat' dir='ltr'><strong>lm·</strong></span> 
     </span>
     <span class='ocr_line' id='line_1_8' title="bbox 167 1003 2531 1085; baseline 0.003 -20"><span class='ocrx_word' id='word_1_52' title='bbox 167 1004 354 1085; x_wconf 88' lang='lat' dir='ltr'><strong>perio</strong></span> <span class='ocrx_word' id='word_1_53' title='bbox 413 1013 616 1064; x_wconf 87' lang='lat' dir='ltr'><strong>nostro</strong></span> <span class='ocrx_word' id='word_1_54' title='bbox 673 1021 1024 1082; x_wconf 83' lang='lat' dir='ltr'><strong>recuperare</strong></span> <span class='ocrx_word' id='word_1_55' title='bbox 1080 1013 1139 1063; x_wconf 90' lang='lat' dir='ltr'><strong>et</strong></span> <span class='ocrx_word' id='word_1_56' title='bbox 1182 1021 1394 1081; x_wconf 78' lang='lat' dir='ltr'><strong>capere</strong></span> <span class='ocrx_word' id='word_1_57' title='bbox 1440 1003 1655 1064; x_wconf 87' lang='lat' dir='ltr'><strong>dictam</strong></span> <span class='ocrx_word' id='word_1_58' title='bbox 1700 1004 2020 1078; x_wconf 81' lang='lat' dir='ltr'><strong>civitatem,</strong></span> <span class='ocrx_word' id='word_1_59' title='bbox 2081 1018 2222 1068; x_wconf 84' lang='lat' dir='ltr'><strong>tnnc</strong></span> <span class='ocrx_word' id='word_1_60' title='bbox 2265 1009 2426 1071; x_wconf 89' lang='lat' dir='ltr'><strong>dabit</strong></span> <span class='ocrx_word' id='word_1_61' title='bbox 2468 1011 2531 1072; x_wconf 91' lang='lat' dir='ltr'><strong>in</strong></span> 
     </span>
     <span class='ocr_line' id='line_1_9' title="bbox 165 1103 2530 1196; baseline 0.003 -29"><span class='ocrx_word' id='word_1_62' title='bbox 165 1106 415 1167; x_wconf 80' lang='lat' dir='ltr'><strong>civitate</strong></span> <span class='ocrx_word' id='word_1_63' title='bbox 459 1104 756 1183; x_wconf 84' lang='lat' dir='ltr'><strong>praedicta</strong></span> <span class='ocrx_word' id='word_1_64' title='bbox 802 1103 1079 1183; x_wconf 86' lang='lat' dir='ltr'><strong>palatium</strong></span> <span class='ocrx_word' id='word_1_65' title='bbox 1126 1105 1422 1165; x_wconf 87' lang='lat' dir='ltr'><strong>communi</strong></span> <span class='ocrx_word' id='word_1_66' title='bbox 1464 1104 1724 1179; x_wconf 69' lang='lat' dir='ltr'><strong>«lamae,</strong></span> <span class='ocrx_word' id='word_1_67' title='bbox 1783 1105 2053 1179; x_wconf 87' lang='lat' dir='ltr'><strong>stallum,</strong></span> <span class='ocrx_word' id='word_1_68' title='bbox 2099 1111 2530 1196; x_wconf 72' lang='lat' dir='ltr'><strong>possessione8‚</strong></span> 
     </span>
     <span class='ocr_line' id='line_1_10' title="bbox 166 1205 2534 1288; baseline 0.003 -20"><span class='ocrx_word' id='word_1_69' title='bbox 166 1219 234 1270; x_wconf 85' lang='lat' dir='ltr'><strong>et</strong></span> <span class='ocrx_word' id='word_1_70' title='bbox 299 1208 363 1268; x_wconf 88' lang='lat' dir='ltr'><strong>in</strong></span> <span class='ocrx_word' id='word_1_71' title='bbox 423 1205 596 1268; x_wconf 85' lang='lat' dir='ltr'><strong>terris</strong></span> <span class='ocrx_word' id='word_1_72' title='bbox 651 1215 709 1266; x_wconf 87' lang='lat' dir='ltr'><strong>et</strong></span> <span class='ocrx_word' id='word_1_73' title='bbox 764 1205 1010 1283; x_wconf 80' lang='lat' dir='ltr'><strong>gratiam</strong></span> <span class='ocrx_word' id='word_1_74' title='bbox 1053 1206 1227 1267; x_wconf 76' lang='lat' dir='ltr'><strong>faciet</strong></span> <span class='ocrx_word' id='word_1_75' title='bbox 1271 1207 1424 1267; x_wconf 87' lang='lat' dir='ltr'><strong>dicto</strong></span> <span class='ocrx_word' id='word_1_76' title='bbox 1472 1205 1800 1280; x_wconf 81' lang='lat' dir='ltr'><strong>communi,</strong></span> <span class='ocrx_word' id='word_1_77' title='bbox 1858 1207 2124 1270; x_wconf 82' lang='lat' dir='ltr'><strong>videlicet</strong></span> <span class='ocrx_word' id='word_1_78' title='bbox 2168 1211 2327 1288; x_wconf 87' lang='lat' dir='ltr'><strong>quod</strong></span> <span class='ocrx_word' id='word_1_79' title='bbox 2372 1212 2534 1276; x_wconf 79' lang='lat' dir='ltr'><strong>dabit</strong></span> 
     </span>
     <span class='ocr_line' id='line_1_11' title="bbox 165 1305 2529 1388; baseline 0.002 -18"><span class='ocrx_word' id='word_1_80' title='bbox 165 1310 340 1370; x_wconf 81' lang='lat' dir='ltr'><strong>dicto</strong></span> <span class='ocrx_word' id='word_1_81' title='bbox 398 1308 695 1367; x_wconf 88' lang='lat' dir='ltr'><strong>communi</strong></span> <span class='ocrx_word' id='word_1_82' title='bbox 750 1305 1055 1366; x_wconf 84' lang='lat' dir='ltr'><strong>ecclesiam</strong></span> <span class='ocrx_word' id='word_1_83' title='bbox 1109 1307 1174 1367; x_wconf 87' lang='lat' dir='ltr'><strong>S.</strong></span> <span class='ocrx_word' id='word_1_84' title='bbox 1219 1307 1465 1380; x_wconf 78' lang='lat' dir='ltr'><strong>Mariae,</strong></span> <span class='ocrx_word' id='word_1_85' title='bbox 1525 1325 1700 1385; x_wconf 87' lang='lat' dir='ltr'><strong>quam</strong></span> <span class='ocrx_word' id='word_1_86' title='bbox 1760 1309 1935 1369; x_wconf 89' lang='lat' dir='ltr'><strong>modo</strong></span> <span class='ocrx_word' id='word_1_87' title='bbox 1992 1319 2195 1372; x_wconf 84' lang='lat' dir='ltr'><strong>tenent</strong></span> <span class='ocrx_word' id='word_1_88' title='bbox 2255 1312 2529 1388; x_wconf 78' lang='lat' dir='ltr'><strong>Venetici,</strong></span> 
     </span>
     <span class='ocr_line' id='line_1_12' title="bbox 166 1407 2532 1491; baseline 0.003 -20"><span class='ocrx_word' id='word_1_89' title='bbox 166 1430 314 1471; x_wconf 84' lang='lat' dir='ltr'><strong>cum</strong></span> <span class='ocrx_word' id='word_1_90' title='bbox 368 1409 556 1486; x_wconf 85' lang='lat' dir='ltr'><strong>logiis,</strong></span> <span class='ocrx_word' id='word_1_91' title='bbox 604 1426 755 1486; x_wconf 90' lang='lat' dir='ltr'><strong>quae</strong></span> <span class='ocrx_word' id='word_1_92' title='bbox 799 1414 941 1467; x_wconf 87' lang='lat' dir='ltr'><strong>sunt</strong></span> <span class='ocrx_word' id='word_1_93' title='bbox 983 1407 1134 1468; x_wconf 87' lang='lat' dir='ltr'><strong>intra</strong></span> <span class='ocrx_word' id='word_1_94' title='bbox 1180 1407 1368 1487; x_wconf 82' lang='lat' dir='ltr'><strong>ipsam</strong></span> <span class='ocrx_word' id='word_1_95' title='bbox 1415 1407 1742 1481; x_wconf 88' lang='lat' dir='ltr'><strong>ecclesiam,</strong></span> <span class='ocrx_word' id='word_1_96' title='bbox 1788 1419 1847 1470; x_wconf 89' lang='lat' dir='ltr'><strong>et</strong></span> <span class='ocrx_word' id='word_1_97' title='bbox 1873 1410 2159 1471; x_wconf 87' lang='lat' dir='ltr'><strong>cimiterio</strong></span> <span class='ocrx_word' id='word_1_98' title='bbox 2189 1412 2398 1491; x_wconf 76' lang='lat' dir='ltr'><strong>ipsine,</strong></span> <span class='ocrx_word' id='word_1_99' title='bbox 2445 1425 2532 1477; x_wconf 85' lang='lat' dir='ltr'><strong>at-</strong></span> 
     </span>
     <span class='ocr_line' id='line_1_13' title="bbox 165 1508 2530 1592; baseline 0.001 -19"><span class='ocrx_word' id='word_1_100' title='bbox 165 1530 294 1592; x_wconf 86' lang='lat' dir='ltr'><strong>que</strong></span> <span class='ocrx_word' id='word_1_101' title='bbox 357 1508 550 1570; x_wconf 88' lang='lat' dir='ltr'><strong>solum</strong></span> <span class='ocrx_word' id='word_1_102' title='bbox 607 1508 782 1570; x_wconf 78' lang='lat' dir='ltr'><strong>castri</strong></span> <span class='ocrx_word' id='word_1_103' title='bbox 827 1508 1211 1583; x_wconf 81' lang='lat' dir='ltr'><strong>Venetorum,</strong></span> <span class='ocrx_word' id='word_1_104' title='bbox 1272 1509 1427 1588; x_wconf 89' lang='lat' dir='ltr'><strong>quod</strong></span> <span class='ocrx_word' id='word_1_105' title='bbox 1486 1517 1577 1569; x_wconf 89' lang='lat' dir='ltr'><strong>est</strong></span> <span class='ocrx_word' id='word_1_106' title='bbox 1618 1509 1679 1569; x_wconf 89' lang='lat' dir='ltr'><strong>in</strong></span> <span class='ocrx_word' id='word_1_107' title='bbox 1726 1509 1851 1588; x_wconf 89' lang='lat' dir='ltr'><strong>ipsa</strong></span> <span class='ocrx_word' id='word_1_108' title='bbox 1896 1511 2154 1588; x_wconf 84' lang='lat' dir='ltr'><strong>civitate,</strong></span> <span class='ocrx_word' id='word_1_109' title='bbox 2215 1513 2264 1573; x_wconf 91' lang='lat' dir='ltr'><strong>si</strong></span> <span class='ocrx_word' id='word_1_110' title='bbox 2309 1514 2530 1576; x_wconf 88' lang='lat' dir='ltr'><strong>dictum</strong></span> 
     </span>
     <span class='ocr_line' id='line_1_14' title="bbox 165 1610 2532 1692; baseline 0.002 -19"><span class='ocrx_word' id='word_1_111' title='bbox 165 1629 502 1676; x_wconf 85' lang='lat' dir='ltr'><strong>commune</strong></span> <span class='ocrx_word' id='word_1_112' title='bbox 548 1610 866 1671; x_wconf 83' lang='lat' dir='ltr'><strong>instantem</strong></span> <span class='ocrx_word' id='word_1_113' title='bbox 911 1617 970 1669; x_wconf 88' lang='lat' dir='ltr'><strong>et</strong></span> <span class='ocrx_word' id='word_1_114' title='bbox 1012 1610 1307 1670; x_wconf 82' lang='lat' dir='ltr'><strong>efficacem</strong></span> <span class='ocrx_word' id='word_1_115' title='bbox 1353 1611 1425 1670; x_wconf 91' lang='lat' dir='ltr'><strong>ad</strong></span> <span class='ocrx_word' id='word_1_116' title='bbox 1457 1610 1671 1671; x_wconf 88' lang='lat' dir='ltr'><strong>dictam</strong></span> <span class='ocrx_word' id='word_1_117' title='bbox 1704 1611 1989 1673; x_wconf 85' lang='lat' dir='ltr'><strong>civitatem</strong></span> <span class='ocrx_word' id='word_1_118' title='bbox 2022 1613 2368 1692; x_wconf 86' lang='lat' dir='ltr'><strong>capiendam</strong></span> <span class='ocrx_word' id='word_1_119' title='bbox 2399 1635 2532 1676; x_wconf 88' lang='lat' dir='ltr'><strong>suc-</strong></span> 
     </span>
     <span class='ocr_line' id='line_1_15' title="bbox 162 1711 1052 1790; baseline -0.007 -14"><span class='ocrx_word' id='word_1_120' title='bbox 162 1731 424 1776; x_wconf 82' lang='lat' dir='ltr'><strong>cursum</strong></span> <span class='ocrx_word' id='word_1_121' title='bbox 472 1711 697 1772; x_wconf 83' lang='lat' dir='ltr'><strong>miserit</strong></span> <span class='ocrx_word' id='word_1_122' title='bbox 737 1711 1052 1790; x_wconf 85' lang='lat' dir='ltr'><strong>galearum.</strong></span> 
     </span>
    </p>

    <p class='ocr_par' dir='ltr' id='par_1_4' title="bbox 159 1809 2533 2700">
     <span class='ocr_line' id='line_1_16' title="bbox 349 1809 2528 1896; baseline 0.002 -22"><span class='ocrx_word' id='word_1_123' title='bbox 349 1815 499 1874; x_wconf 78' lang='lat' dir='ltr'><strong>nem</strong></span> <span class='ocrx_word' id='word_1_124' title='bbox 547 1812 710 1874; x_wconf 84' lang='lat' dir='ltr'><strong>dedit</strong></span> <span class='ocrx_word' id='word_1_125' title='bbox 754 1823 812 1873; x_wconf 89' lang='lat' dir='ltr'><strong>et</strong></span> <span class='ocrx_word' id='word_1_126' title='bbox 852 1810 1144 1872; x_wconf 79' lang='lat' dir='ltr'><strong>concessit</strong></span> <span class='ocrx_word' id='word_1_127' title='bbox 1183 1809 1317 1889; x_wconf 86' lang='lat' dir='ltr'><strong>jure</strong></span> <span class='ocrx_word' id='word_1_128' title='bbox 1363 1812 1738 1890; x_wconf 84' lang='lat' dir='ltr'><strong>proprietatis</strong></span> <span class='ocrx_word' id='word_1_129' title='bbox 1783 1822 1841 1872; x_wconf 90' lang='lat' dir='ltr'><strong>et</strong></span> <span class='ocrx_word' id='word_1_130' title='bbox 1885 1813 2129 1876; x_wconf 87' lang='lat' dir='ltr'><strong>dominii</strong></span> <span class='ocrx_word' id='word_1_131' title='bbox 2175 1835 2308 1877; x_wconf 87' lang='lat' dir='ltr'><strong>cum</strong></span> <span class='ocrx_word' id='word_1_132' title='bbox 2355 1818 2528 1896; x_wconf 88' lang='lat' dir='ltr'><strong>plena</strong></span> 
     </span>
     <span class='ocr_line' id='line_1_17' title="bbox 159 1909 2533 1998; baseline 0 -19"><span class='ocrx_word' id='word_1_133' title='bbox 159 1914 591 1998; x_wconf 81' lang='lat' dir='ltr'><strong>jurisdictione</strong></span> <span class='ocrx_word' id='word_1_134' title='bbox 635 1933 794 1974; x_wconf 89' lang='lat' dir='ltr'><strong>mera</strong></span> <span class='ocrx_word' id='word_1_135' title='bbox 841 1923 897 1973; x_wconf 91' lang='lat' dir='ltr'><strong>et</strong></span> <span class='ocrx_word' id='word_1_136' title='bbox 944 1911 1118 1972; x_wconf 87' lang='lat' dir='ltr'><strong>mixta</strong></span> <span class='ocrx_word' id='word_1_137' title='bbox 1164 1909 1448 1971; x_wconf 88' lang='lat' dir='ltr'><strong>civitatem</strong></span> <span class='ocrx_word' id='word_1_138' title='bbox 1497 1912 1616 1972; x_wconf 85' lang='lat' dir='ltr'><strong>sive</strong></span> <span class='ocrx_word' id='word_1_139' title='bbox 1663 1912 1853 1973; x_wconf 88' lang='lat' dir='ltr'><strong>locum</strong></span> <span class='ocrx_word' id='word_1_140' title='bbox 1886 1914 2113 1976; x_wconf 86' lang='lat' dir='ltr'><strong>Simirri</strong></span> <span class='ocrx_word' id='word_1_141' title='bbox 2146 1926 2204 1977; x_wconf 90' lang='lat' dir='ltr'><strong>et</strong></span> <span class='ocrx_word' id='word_1_142' title='bbox 2235 1917 2364 1995; x_wconf 83' lang='lat' dir='ltr'><strong>ejus</strong></span> <span class='ocrx_word' id='word_1_143' title='bbox 2393 1937 2533 1998; x_wconf 90' lang='lat' dir='ltr'><strong>por·</strong></span> 
     </span>
     <span class='ocr_line' id='line_1_18' title="bbox 165 2011 2532 2094; baseline 0 -15"><span class='ocrx_word' id='word_1_144' title='bbox 165 2029 298 2080; x_wconf 89' lang='lat' dir='ltr'><strong>tum</strong></span> <span class='ocrx_word' id='word_1_145' title='bbox 347 2035 487 2077; x_wconf 84' lang='lat' dir='ltr'><strong>eum</strong></span> <span class='ocrx_word' id='word_1_146' title='bbox 535 2015 887 2094; x_wconf 88' lang='lat' dir='ltr'><strong>supradictis</strong></span> <span class='ocrx_word' id='word_1_147' title='bbox 932 2011 1409 2092; x_wconf 87' lang='lat' dir='ltr'><strong>possessionibus</strong></span> <span class='ocrx_word' id='word_1_148' title='bbox 1454 2023 1514 2073; x_wconf 92' lang='lat' dir='ltr'><strong>et</strong></span> <span class='ocrx_word' id='word_1_149' title='bbox 1558 2013 1822 2075; x_wconf 85' lang='lat' dir='ltr'><strong>districtu</strong></span> <span class='ocrx_word' id='word_1_150' title='bbox 1860 2024 1918 2075; x_wconf 90' lang='lat' dir='ltr'><strong>et</strong></span> <span class='ocrx_word' id='word_1_151' title='bbox 1948 2014 2393 2092; x_wconf 84' lang='lat' dir='ltr'><strong>habitatoribus,</strong></span> <span class='ocrx_word' id='word_1_152' title='bbox 2438 2020 2532 2079; x_wconf 87' lang='lat' dir='ltr'><strong>in-</strong></span> 
     </span>
     <span class='ocr_line' id='line_1_19' title="bbox 163 2113 2527 2198; baseline -0 -17"><span class='ocrx_word' id='word_1_153' title='bbox 163 2120 356 2181; x_wconf 89' lang='lat' dir='ltr'><strong>troitu</strong></span> <span class='ocrx_word' id='word_1_154' title='bbox 407 2117 684 2194; x_wconf 82' lang='lat' dir='ltr'><strong>exituque</strong></span> <span class='ocrx_word' id='word_1_155' title='bbox 729 2115 908 2175; x_wconf 87' lang='lat' dir='ltr'><strong>maris</strong></span> <span class='ocrx_word' id='word_1_156' title='bbox 952 2123 1008 2175; x_wconf 90' lang='lat' dir='ltr'><strong>et</strong></span> <span class='ocrx_word' id='word_1_157' title='bbox 1053 2121 1245 2174; x_wconf 88' lang='lat' dir='ltr'><strong>terrae</strong></span> <span class='ocrx_word' id='word_1_158' title='bbox 1290 2113 1532 2175; x_wconf 85' lang='lat' dir='ltr'><strong>liberam</strong></span> <span class='ocrx_word' id='word_1_159' title='bbox 1577 2126 1637 2176; x_wconf 90' lang='lat' dir='ltr'><strong>et</strong></span> <span class='ocrx_word' id='word_1_160' title='bbox 1679 2115 2029 2194; x_wconf 84' lang='lat' dir='ltr'><strong>expeditam,</strong></span> <span class='ocrx_word' id='word_1_161' title='bbox 2078 2127 2362 2196; x_wconf 87' lang='lat' dir='ltr'><strong>perpetuo</strong></span> <span class='ocrx_word' id='word_1_162' title='bbox 2393 2138 2527 2198; x_wconf 86' lang='lat' dir='ltr'><strong>pos-</strong></span> 
     </span>
     <span class='ocr_line' id='line_1_20' title="bbox 164 2213 2526 2299; baseline -0 -17"><span class='ocrx_word' id='word_1_163' title='bbox 164 2220 524 2282; x_wconf 86' lang='lat' dir='ltr'><strong>sidendam:</strong></span> <span class='ocrx_word' id='word_1_164' title='bbox 571 2215 835 2277; x_wconf 86' lang='lat' dir='ltr'><strong>videlicet</strong></span> <span class='ocrx_word' id='word_1_165' title='bbox 877 2222 1063 2275; x_wconf 89' lang='lat' dir='ltr'><strong>totum</strong></span> <span class='ocrx_word' id='word_1_166' title='bbox 1095 2213 1257 2286; x_wconf 84' lang='lat' dir='ltr'><strong>illud,</strong></span> <span class='ocrx_word' id='word_1_167' title='bbox 1305 2215 1462 2293; x_wconf 90' lang='lat' dir='ltr'><strong>quod</strong></span> <span class='ocrx_word' id='word_1_168' title='bbox 1495 2214 1752 2294; x_wconf 85' lang='lat' dir='ltr'><strong>pertinet</strong></span> <span class='ocrx_word' id='word_1_169' title='bbox 1775 2214 2184 2295; x_wconf 83' lang='lat' dir='ltr'><strong>imperatoriae</strong></span> <span class='ocrx_word' id='word_1_170' title='bbox 2217 2217 2526 2299; x_wconf 84' lang='lat' dir='ltr'><strong>Majestati‚</strong></span> 
     </span>
     <span class='ocr_line' id='line_1_21' title="bbox 164 2314 2528 2399; baseline -0 -16"><span class='ocrx_word' id='word_1_171' title='bbox 164 2321 350 2383; x_wconf 78' lang='lat' dir='ltr'><strong>salvis</strong></span> <span class='ocrx_word' id='word_1_172' title='bbox 404 2319 640 2399; x_wconf 87' lang='lat' dir='ltr'><strong>juribus</strong></span> <span class='ocrx_word' id='word_1_173' title='bbox 696 2317 1071 2397; x_wconf 84' lang='lat' dir='ltr'><strong>episcopatus</strong></span> <span class='ocrx_word' id='word_1_174' title='bbox 1128 2325 1185 2377; x_wconf 90' lang='lat' dir='ltr'><strong>et</strong></span> <span class='ocrx_word' id='word_1_175' title='bbox 1229 2314 1609 2377; x_wconf 83' lang='lat' dir='ltr'><strong>ecclesiarum</strong></span> <span class='ocrx_word' id='word_1_176' title='bbox 1654 2315 1841 2396; x_wconf 88' lang='lat' dir='ltr'><strong>ipsius</strong></span> <span class='ocrx_word' id='word_1_177' title='bbox 1885 2316 2163 2393; x_wconf 81' lang='lat' dir='ltr'><strong>civitatis,</strong></span> <span class='ocrx_word' id='word_1_178' title='bbox 2221 2327 2280 2380; x_wconf 92' lang='lat' dir='ltr'><strong>et</strong></span> <span class='ocrx_word' id='word_1_179' title='bbox 2324 2339 2528 2382; x_wconf 89' lang='lat' dir='ltr'><strong>eorum</strong></span> 
     </span>
     <span class='ocr_line' id='line_1_22' title="bbox 166 2413 2529 2502; baseline -0 -17"><span class='ocrx_word' id='word_1_180' title='bbox 166 2421 429 2485; x_wconf 87' lang='lat' dir='ltr'><strong>militum</strong></span> <span class='ocrx_word' id='word_1_181' title='bbox 491 2419 588 2499; x_wconf 89' lang='lat' dir='ltr'><strong>qui</strong></span> <span class='ocrx_word' id='word_1_182' title='bbox 643 2429 784 2481; x_wconf 87' lang='lat' dir='ltr'><strong>sunt</strong></span> <span class='ocrx_word' id='word_1_183' title='bbox 838 2413 1178 2499; x_wconf 78' lang='lat' dir='ltr'><strong>privilegiati</strong></span> <span class='ocrx_word' id='word_1_184' title='bbox 1229 2417 1290 2478; x_wconf 89' lang='lat' dir='ltr'><strong>in</strong></span> <span class='ocrx_word' id='word_1_185' title='bbox 1335 2415 1463 2498; x_wconf 89' lang='lat' dir='ltr'><strong>ipsa</strong></span> <span class='ocrx_word' id='word_1_186' title='bbox 1509 2418 1738 2480; x_wconf 82' lang='lat' dir='ltr'><strong>civitate</strong></span> <span class='ocrx_word' id='word_1_187' title='bbox 1784 2417 2111 2483; x_wconf 86' lang='lat' dir='ltr'><strong>inhabitare</strong></span> <span class='ocrx_word' id='word_1_188' title='bbox 2157 2419 2229 2482; x_wconf 90' lang='lat' dir='ltr'><strong>ab</strong></span> <span class='ocrx_word' id='word_1_189' title='bbox 2275 2421 2529 2502; x_wconf 87' lang='lat' dir='ltr'><strong>Imperio</strong></span> 
     </span>
     <span class='ocr_line' id='line_1_23' title="bbox 167 2520 2531 2599; baseline -0.001 -13"><span class='ocrx_word' id='word_1_190' title='bbox 167 2534 383 2585; x_wconf 90' lang='lat' dir='ltr'><strong>nostro</strong></span> <span class='ocrx_word' id='word_1_191' title='bbox 433 2522 491 2581; x_wconf 90' lang='lat' dir='ltr'><strong>in</strong></span> <span class='ocrx_word' id='word_1_192' title='bbox 538 2523 744 2582; x_wconf 87' lang='lat' dir='ltr'><strong>ordine</strong></span> <span class='ocrx_word' id='word_1_193' title='bbox 790 2520 1058 2581; x_wconf 86' lang='lat' dir='ltr'><strong>militiae:</strong></span> <span class='ocrx_word' id='word_1_194' title='bbox 1108 2540 1257 2599; x_wconf 88' lang='lat' dir='ltr'><strong>quae</strong></span> <span class='ocrx_word' id='word_1_195' title='bbox 1302 2520 1529 2581; x_wconf 86' lang='lat' dir='ltr'><strong>cunctis</strong></span> <span class='ocrx_word' id='word_1_196' title='bbox 1572 2528 1664 2581; x_wconf 85' lang='lat' dir='ltr'><strong>est</strong></span> <span class='ocrx_word' id='word_1_197' title='bbox 1708 2520 1866 2582; x_wconf 89' lang='lat' dir='ltr'><strong>utilis</strong></span> <span class='ocrx_word' id='word_1_198' title='bbox 1910 2522 1984 2584; x_wconf 87' lang='lat' dir='ltr'><strong>ad</strong></span> <span class='ocrx_word' id='word_1_199' title='bbox 2018 2543 2187 2583; x_wconf 85' lang='lat' dir='ltr'><strong>usum</strong></span> <span class='ocrx_word' id='word_1_200' title='bbox 2222 2523 2531 2585; x_wconf 88' lang='lat' dir='ltr'><strong>mercatio-</strong></span> 
     </span>
     <span class='ocr_line' id='line_1_24' title="bbox 167 2621 2302 2700; baseline 0 -14"><span class='ocrx_word' id='word_1_201' title='bbox 167 2645 338 2697; x_wconf 81' lang='lat' dir='ltr'><strong>num,</strong></span> <span class='ocrx_word' id='word_1_202' title='bbox 389 2633 451 2684; x_wconf 90' lang='lat' dir='ltr'><strong>et</strong></span> <span class='ocrx_word' id='word_1_203' title='bbox 493 2623 671 2683; x_wconf 86' lang='lat' dir='ltr'><strong>babet</strong></span> <span class='ocrx_word' id='word_1_204' title='bbox 712 2621 932 2682; x_wconf 87' lang='lat' dir='ltr'><strong>bonum</strong></span> <span class='ocrx_word' id='word_1_205' title='bbox 979 2632 1213 2700; x_wconf 85' lang='lat' dir='ltr'><strong>portum</strong></span> <span class='ocrx_word' id='word_1_206' title='bbox 1260 2631 1321 2683; x_wconf 91' lang='lat' dir='ltr'><strong>et</strong></span> <span class='ocrx_word' id='word_1_207' title='bbox 1363 2629 1454 2683; x_wconf 91' lang='lat' dir='ltr'><strong>est</strong></span> <span class='ocrx_word' id='word_1_208' title='bbox 1496 2623 1745 2683; x_wconf 85' lang='lat' dir='ltr'><strong>affluens</strong></span> <span class='ocrx_word' id='word_1_209' title='bbox 1790 2622 1962 2685; x_wconf 90' lang='lat' dir='ltr'><strong>bonis</strong></span> <span class='ocrx_word' id='word_1_210' title='bbox 2007 2625 2302 2689; x_wconf 75' lang='lat' dir='ltr'><strong>omnibuS.</strong></span> 
     </span>
    </p>

    <p class='ocr_par' dir='ltr' id='par_1_5' title="bbox 168 2722 2530 3210">
     <span class='ocr_line' id='line_1_25' title="bbox 356 2722 2528 2807; baseline 0.002 -23"><span class='ocrx_word' id='word_1_211' title='bbox 356 2722 635 2785; x_wconf 86' lang='lat' dir='ltr'><strong>Promisit</strong></span> <span class='ocrx_word' id='word_1_212' title='bbox 678 2722 886 2782; x_wconf 90' lang='lat' dir='ltr'><strong>iterum</strong></span> <span class='ocrx_word' id='word_1_213' title='bbox 934 2734 992 2782; x_wconf 88' lang='lat' dir='ltr'><strong>et</strong></span> <span class='ocrx_word' id='word_1_214' title='bbox 1035 2722 1308 2782; x_wconf 79' lang='lat' dir='ltr'><strong>convenit</strong></span> <span class='ocrx_word' id='word_1_215' title='bbox 1336 2722 1476 2782; x_wconf 88' lang='lat' dir='ltr'><strong>dare</strong></span> <span class='ocrx_word' id='word_1_216' title='bbox 1508 2722 1808 2783; x_wconf 82' lang='lat' dir='ltr'><strong>annuatim</strong></span> <span class='ocrx_word' id='word_1_217' title='bbox 1841 2725 2137 2786; x_wconf 88' lang='lat' dir='ltr'><strong>communi</strong></span> <span class='ocrx_word' id='word_1_218' title='bbox 2165 2722 2390 2787; x_wconf 84' lang='lat' dir='ltr'><strong>Januae</strong></span> <span class='ocrx_word' id='word_1_219' title='bbox 2419 2747 2528 2807; x_wconf 91' lang='lat' dir='ltr'><strong>pro</strong></span> 
     </span>
     <span class='ocr_line' id='line_1_26' title="bbox 172 2820 2529 2901; baseline 0 -14"><span class='ocrx_word' id='word_1_220' title='bbox 172 2823 493 2888; x_wconf 88' lang='lat' dir='ltr'><strong>solemniis</strong></span> <span class='ocrx_word' id='word_1_221' title='bbox 539 2822 907 2901; x_wconf 75' lang='lat' dir='ltr'><strong>yperperosn</strong></span> <span class='ocrx_word' id='word_1_222' title='bbox 957 2820 1309 2900; x_wconf 86' lang='lat' dir='ltr'><strong>quingentos</strong></span> <span class='ocrx_word' id='word_1_223' title='bbox 1354 2831 1412 2881; x_wconf 89' lang='lat' dir='ltr'><strong>et</strong></span> <span class='ocrx_word' id='word_1_224' title='bbox 1457 2823 1572 2881; x_wconf 92' lang='lat' dir='ltr'><strong>duo</strong></span> <span class='ocrx_word' id='word_1_225' title='bbox 1618 2822 1787 2901; x_wconf 86' lang='lat' dir='ltr'><strong>pallia</strong></span> <span class='ocrx_word' id='word_1_226' title='bbox 1845 2825 2151 2899; x_wconf 86' lang='lat' dir='ltr'><strong>deaurata,</strong></span> <span class='ocrx_word' id='word_1_227' title='bbox 2217 2837 2277 2887; x_wconf 88' lang='lat' dir='ltr'><strong>et</strong></span> <span class='ocrx_word' id='word_1_228' title='bbox 2340 2829 2529 2888; x_wconf 88' lang='lat' dir='ltr'><strong>archi-</strong></span> 
     </span>
     <span class='ocr_line' id='line_1_27' title="bbox 173 2920 2526 3007; baseline 0 -20"><span class='ocrx_word' id='word_1_229' title='bbox 173 2922 551 3007; x_wconf 86' lang='lat' dir='ltr'><strong>episcopatui</strong></span> <span class='ocrx_word' id='word_1_230' title='bbox 608 2922 992 2983; x_wconf 78' lang='lat' dir='ltr'><strong>Januensium</strong></span> <span class='ocrx_word' id='word_1_231' title='bbox 1038 2940 1358 3000; x_wconf 73' lang='lat' dir='ltr'><strong>yperperos</strong></span> <span class='ocrx_word' id='word_1_232' title='bbox 1401 2920 1501 2982; x_wconf 89' lang='lat' dir='ltr'><strong>LX</strong></span> <span class='ocrx_word' id='word_1_233' title='bbox 1547 2931 1603 2982; x_wconf 88' lang='lat' dir='ltr'><strong>et</strong></span> <span class='ocrx_word' id='word_1_234' title='bbox 1652 2920 1890 3001; x_wconf 88' lang='lat' dir='ltr'><strong>pallium</strong></span> <span class='ocrx_word' id='word_1_235' title='bbox 1936 2944 2117 2985; x_wconf 88' lang='lat' dir='ltr'><strong>unum</strong></span> <span class='ocrx_word' id='word_1_236' title='bbox 2164 2927 2526 3002; x_wconf 86' lang='lat' dir='ltr'><strong>deauratum,</strong></span> 
     </span>
     <span class='ocr_line' id='line_1_28' title="bbox 171 3020 2530 3102; baseline -0.001 -13"><span class='ocrx_word' id='word_1_237' title='bbox 171 3039 238 3089; x_wconf 91' lang='lat' dir='ltr'><strong>ut</strong></span> <span class='ocrx_word' id='word_1_238' title='bbox 285 3035 656 3086; x_wconf 85' lang='lat' dir='ltr'><strong>memoratur</strong></span> <span class='ocrx_word' id='word_1_239' title='bbox 698 3024 756 3082; x_wconf 89' lang='lat' dir='ltr'><strong>in</strong></span> <span class='ocrx_word' id='word_1_240' title='bbox 804 3021 1102 3102; x_wconf 84' lang='lat' dir='ltr'><strong>privilegio</strong></span> <span class='ocrx_word' id='word_1_241' title='bbox 1147 3021 1332 3082; x_wconf 79' lang='lat' dir='ltr'><strong>felicis</strong></span> <span class='ocrx_word' id='word_1_242' title='bbox 1377 3021 1695 3082; x_wconf 83' lang='lat' dir='ltr'><strong>memoriae</strong></span> <span class='ocrx_word' id='word_1_243' title='bbox 1726 3020 1957 3085; x_wconf 83' lang='lat' dir='ltr'><strong>Domini</strong></span> <span class='ocrx_word' id='word_1_244' title='bbox 1990 3025 2370 3088; x_wconf 85' lang='lat' dir='ltr'><strong>Manuelis</strong></span> <span class='ocrx_word' id='word_1_245' title='bbox 2416 3026 2530 3087; x_wconf 88' lang='lat' dir='ltr'><strong>Im-</strong></span> 
     </span>
     <span class='ocr_line' id='line_1_29' title="bbox 168 3124 1238 3210; baseline -0.007 -21"><span class='ocrx_word' id='word_1_246' title='bbox 168 3124 474 3210; x_wconf 88' lang='lat' dir='ltr'><strong>peratoris</strong></span> <span class='ocrx_word' id='word_1_247' title='bbox 519 3124 814 3203; x_wconf 85' lang='lat' dir='ltr'><strong>quondam</strong></span> <span class='ocrx_word' id='word_1_248' title='bbox 855 3124 1238 3184; x_wconf 77' lang='lat' dir='ltr'><strong>Graecorum.</strong></span> 
     </span>
    </p>

    <p class='ocr_par' dir='ltr' id='par_1_6' title="bbox 167 3222 2528 3895">
     <span class='ocr_line' id='line_1_30' title="bbox 351 3222 2527 3305; baseline 0.001 -19"><span class='ocrx_word' id='word_1_249' title='bbox 351 3228 499 3288; x_wconf 82' lang='lat' dir='ltr'><strong>item</strong></span> <span class='ocrx_word' id='word_1_250' title='bbox 547 3225 813 3305; x_wconf 84' lang='lat' dir='ltr'><strong>promisit</strong></span> <span class='ocrx_word' id='word_1_251' title='bbox 857 3234 911 3285; x_wconf 88' lang='lat' dir='ltr'><strong>et</strong></span> <span class='ocrx_word' id='word_1_252' title='bbox 959 3224 1248 3296; x_wconf 81' lang='lat' dir='ltr'><strong>convenit,</strong></span> <span class='ocrx_word' id='word_1_253' title='bbox 1296 3222 1451 3304; x_wconf 90' lang='lat' dir='ltr'><strong>quod</strong></span> <span class='ocrx_word' id='word_1_254' title='bbox 1499 3241 1617 3283; x_wconf 90' lang='lat' dir='ltr'><strong>non</strong></span> <span class='ocrx_word' id='word_1_255' title='bbox 1666 3222 1836 3284; x_wconf 84' lang='lat' dir='ltr'><strong>faciet</strong></span> <span class='ocrx_word' id='word_1_256' title='bbox 1866 3225 1937 3284; x_wconf 76' lang='lat' dir='ltr'><strong>«le</strong></span> <span class='ocrx_word' id='word_1_257' title='bbox 1967 3235 2197 3286; x_wconf 87' lang='lat' dir='ltr'><strong>caetero</strong></span> <span class='ocrx_word' id='word_1_258' title='bbox 2229 3228 2527 3289; x_wconf 85' lang='lat' dir='ltr'><strong>communi</strong></span> 
     </span>
     <span class='ocr_line' id='line_1_31' title="bbox 167 3324 2526 3405; baseline 0 -14"><span class='ocrx_word' id='word_1_259' title='bbox 167 3332 402 3392; x_wconf 87' lang='lat' dir='ltr'><strong>Januae</strong></span> <span class='ocrx_word' id='word_1_260' title='bbox 464 3328 729 3387; x_wconf 78' lang='lat' dir='ltr'><strong>devetum</strong></span> <span class='ocrx_word' id='word_1_261' title='bbox 789 3326 1022 3405; x_wconf 89' lang='lat' dir='ltr'><strong>aliquod</strong></span> <span class='ocrx_word' id='word_1_262' title='bbox 1078 3325 1138 3386; x_wconf 90' lang='lat' dir='ltr'><strong>in</strong></span> <span class='ocrx_word' id='word_1_263' title='bbox 1185 3333 1307 3386; x_wconf 90' lang='lat' dir='ltr'><strong>toto</strong></span> <span class='ocrx_word' id='word_1_264' title='bbox 1354 3324 1509 3385; x_wconf 89' lang='lat' dir='ltr'><strong>dicto</strong></span> <span class='ocrx_word' id='word_1_265' title='bbox 1554 3324 1839 3405; x_wconf 73' lang='lat' dir='ltr'><strong>Imperio,</strong></span> <span class='ocrx_word' id='word_1_266' title='bbox 1901 3326 2055 3405; x_wconf 86' lang='lat' dir='ltr'><strong>qnod</strong></span> <span class='ocrx_word' id='word_1_267' title='bbox 2104 3326 2279 3388; x_wconf 85' lang='lat' dir='ltr'><strong>babet</strong></span> <span class='ocrx_word' id='word_1_268' title='bbox 2321 3339 2379 3391; x_wconf 86' lang='lat' dir='ltr'><strong>et</strong></span> <span class='ocrx_word' id='word_1_269' title='bbox 2424 3329 2526 3391; x_wconf 87' lang='lat' dir='ltr'><strong>Dei</strong></span> 
     </span>
     <span class='ocr_line' id='line_1_32' title="bbox 170 3419 2528 3509; baseline -0 -18"><span class='ocrx_word' id='word_1_270' title='bbox 170 3429 579 3491; x_wconf 85' lang='lat' dir='ltr'><strong>misericordia</strong></span> <span class='ocrx_word' id='word_1_271' title='bbox 613 3426 973 3506; x_wconf 87' lang='lat' dir='ltr'><strong>adquisierit,</strong></span> <span class='ocrx_word' id='word_1_272' title='bbox 1028 3426 1102 3487; x_wconf 93' lang='lat' dir='ltr'><strong>de</strong></span> <span class='ocrx_word' id='word_1_273' title='bbox 1133 3424 1425 3505; x_wconf 87' lang='lat' dir='ltr'><strong>aliquibus</strong></span> <span class='ocrx_word' id='word_1_274' title='bbox 1460 3419 1932 3501; x_wconf 79' lang='lat' dir='ltr'><strong>mercationibus,</strong></span> <span class='ocrx_word' id='word_1_275' title='bbox 1980 3426 2322 3489; x_wconf 88' lang='lat' dir='ltr'><strong>victualibus</strong></span> <span class='ocrx_word' id='word_1_276' title='bbox 2352 3440 2528 3509; x_wconf 89' lang='lat' dir='ltr'><strong>atque</strong></span> 
     </span>
     <span class='ocr_line' id='line_1_33' title="bbox 170 3523 2528 3609; baseline 0 -17"><span class='ocrx_word' id='word_1_277' title='bbox 170 3548 391 3609; x_wconf 84' lang='lat' dir='ltr'><strong>grano,</strong></span> <span class='ocrx_word' id='word_1_278' title='bbox 441 3531 546 3591; x_wconf 89' lang='lat' dir='ltr'><strong>sed</strong></span> <span class='ocrx_word' id='word_1_279' title='bbox 591 3529 737 3608; x_wconf 87' lang='lat' dir='ltr'><strong>ipsis</strong></span> <span class='ocrx_word' id='word_1_280' title='bbox 784 3529 1203 3600; x_wconf 76' lang='lat' dir='ltr'><strong>niercationeS‚</strong></span> <span class='ocrx_word' id='word_1_281' title='bbox 1249 3526 1512 3589; x_wconf 86' lang='lat' dir='ltr'><strong>victualia</strong></span> <span class='ocrx_word' id='word_1_282' title='bbox 1560 3536 1619 3589; x_wconf 91' lang='lat' dir='ltr'><strong>et</strong></span> <span class='ocrx_word' id='word_1_283' title='bbox 1662 3523 1907 3607; x_wconf 80' lang='lat' dir='ltr'><strong>g&#39;ranum</strong></span> <span class='ocrx_word' id='word_1_284' title='bbox 1956 3528 2254 3608; x_wconf 87' lang='lat' dir='ltr'><strong>permittet</strong></span> <span class='ocrx_word' id='word_1_285' title='bbox 2296 3542 2528 3592; x_wconf 85' lang='lat' dir='ltr'><strong>contra-</strong></span> 
     </span>
     <span class='ocr_line' id='line_1_34' title="bbox 171 3628 2525 3709; baseline 0.001 -18"><span class='ocrx_word' id='word_1_286' title='bbox 171 3632 314 3692; x_wconf 85' lang='lat' dir='ltr'><strong>here</strong></span> <span class='ocrx_word' id='word_1_287' title='bbox 360 3633 437 3692; x_wconf 89' lang='lat' dir='ltr'><strong>de</strong></span> <span class='ocrx_word' id='word_1_288' title='bbox 484 3641 604 3692; x_wconf 83' lang='lat' dir='ltr'><strong>toto</strong></span> <span class='ocrx_word' id='word_1_289' title='bbox 641 3629 764 3708; x_wconf 85' lang='lat' dir='ltr'><strong>jam</strong></span> <span class='ocrx_word' id='word_1_290' title='bbox 812 3629 1104 3690; x_wconf 89' lang='lat' dir='ltr'><strong>antedicto</strong></span> <span class='ocrx_word' id='word_1_291' title='bbox 1149 3628 1403 3708; x_wconf 83' lang='lat' dir='ltr'><strong>Imperio</strong></span> <span class='ocrx_word' id='word_1_292' title='bbox 1435 3628 1712 3690; x_wconf 89' lang='lat' dir='ltr'><strong>omnibus</strong></span> <span class='ocrx_word' id='word_1_293' title='bbox 1745 3637 1803 3690; x_wconf 89' lang='lat' dir='ltr'><strong>et</strong></span> <span class='ocrx_word' id='word_1_294' title='bbox 1832 3629 2076 3709; x_wconf 87' lang='lat' dir='ltr'><strong>singulis</strong></span> <span class='ocrx_word' id='word_1_295' title='bbox 2107 3631 2525 3704; x_wconf 82' lang='lat' dir='ltr'><strong>Januensibns,</strong></span> 
     </span>
     <span class='ocr_line' id='line_1_35' title="bbox 173 3720 2528 3810; baseline 0.001 -19"><span class='ocrx_word' id='word_1_296' title='bbox 173 3741 234 3792; x_wconf 85' lang='lat' dir='ltr'><strong>et</strong></span> <span class='ocrx_word' id='word_1_297' title='bbox 278 3734 513 3794; x_wconf 78' lang='lat' dir='ltr'><strong>deferre</strong></span> <span class='ocrx_word' id='word_1_298' title='bbox 558 3731 740 3792; x_wconf 87' lang='lat' dir='ltr'><strong>libere</strong></span> <span class='ocrx_word' id='word_1_299' title='bbox 787 3741 840 3790; x_wconf 95' lang='lat' dir='ltr'><strong>et</strong></span> <span class='ocrx_word' id='word_1_300' title='bbox 887 3732 1180 3808; x_wconf 81' lang='lat' dir='ltr'><strong>expeditc,·</strong></span> <span class='ocrx_word' id='word_1_301' title='bbox 1219 3730 1348 3791; x_wconf 87' lang='lat' dir='ltr'><strong>sine</strong></span> <span class='ocrx_word' id='word_1_302' title='bbox 1394 3730 1590 3810; x_wconf 87' lang='lat' dir='ltr'><strong>aliquo</strong></span> <span class='ocrx_word' id='word_1_303' title='bbox 1622 3720 2043 3809; x_wconf 86' lang='lat' dir='ltr'><strong>impedimento</strong></span> <span class='ocrx_word' id='word_1_304' title='bbox 2076 3730 2320 3806; x_wconf 69' lang='lat' dir='ltr'><strong>danitae,</strong></span> <span class='ocrx_word' id='word_1_305' title='bbox 2369 3753 2528 3793; x_wconf 86' lang='lat' dir='ltr'><strong>com·</strong></span> 
     </span>
     <span class='ocr_line' id='line_1_36' title="bbox 174 3831 929 3895; baseline -0.003 -3"><span class='ocrx_word' id='word_1_306' title='bbox 174 3834 376 3894; x_wconf 87' lang='lat' dir='ltr'><strong>mercii</strong></span> <span class='ocrx_word' id='word_1_307' title='bbox 424 3834 545 3895; x_wconf 85' lang='lat' dir='ltr'><strong>sive</strong></span> <span class='ocrx_word' id='word_1_308' title='bbox 591 3831 929 3892; x_wconf 85' lang='lat' dir='ltr'><strong>exactionis.</strong></span> 
     </span>
    </p>

    <p class='ocr_par' dir='ltr' id='par_1_7' title="bbox 177 3929 2528 4115">
     <span class='ocr_line' id='line_1_37' title="bbox 347 3929 2528 4013; baseline 0 -19"><span class='ocrx_word' id='word_1_309' title='bbox 347 3934 496 3995; x_wconf 83' lang='lat' dir='ltr'><strong>Item</strong></span> <span class='ocrx_word' id='word_1_310' title='bbox 542 3933 814 4013; x_wconf 88' lang='lat' dir='ltr'><strong>promisit</strong></span> <span class='ocrx_word' id='word_1_311' title='bbox 857 3942 915 3992; x_wconf 87' lang='lat' dir='ltr'><strong>et</strong></span> <span class='ocrx_word' id='word_1_312' title='bbox 958 3931 1246 4004; x_wconf 82' lang='lat' dir='ltr'><strong>convenit,</strong></span> <span class='ocrx_word' id='word_1_313' title='bbox 1300 3930 1457 4010; x_wconf 91' lang='lat' dir='ltr'><strong>quod</strong></span> <span class='ocrx_word' id='word_1_314' title='bbox 1505 3948 1624 3990; x_wconf 85' lang='lat' dir='ltr'><strong>non</strong></span> <span class='ocrx_word' id='word_1_315' title='bbox 1673 3929 1955 3991; x_wconf 84' lang='lat' dir='ltr'><strong>detinebit</strong></span> <span class='ocrx_word' id='word_1_316' title='bbox 2000 3949 2109 3990; x_wconf 88' lang='lat' dir='ltr'><strong>nec</strong></span> <span class='ocrx_word' id='word_1_317' title='bbox 2151 3932 2398 3994; x_wconf 89' lang='lat' dir='ltr'><strong>detineri</strong></span> <span class='ocrx_word' id='word_1_318' title='bbox 2444 3935 2528 3994; x_wconf 74' lang='lat' dir='ltr'><strong>la-</strong></span> 
     </span>
     <span class='ocr_line' id='line_1_38' title="bbox 177 4029 2527 4115; baseline 0.002 -23"><span class='ocrx_word' id='word_1_319' title='bbox 177 4033 293 4094; x_wconf 84' lang='lat' dir='ltr'><strong>ciet</strong></span> <span class='ocrx_word' id='word_1_320' title='bbox 350 4052 464 4095; x_wconf 85' lang='lat' dir='ltr'><strong>nec</strong></span> <span class='ocrx_word' id='word_1_321' title='bbox 517 4034 817 4115; x_wconf 87' lang='lat' dir='ltr'><strong>permittet</strong></span> <span class='ocrx_word' id='word_1_322' title='bbox 873 4031 1125 4111; x_wconf 87' lang='lat' dir='ltr'><strong>aliquam</strong></span> <span class='ocrx_word' id='word_1_323' title='bbox 1184 4033 1373 4092; x_wconf 86' lang='lat' dir='ltr'><strong>navim</strong></span> <span class='ocrx_word' id='word_1_324' title='bbox 1419 4049 1613 4109; x_wconf 86' lang='lat' dir='ltr'><strong>neque</strong></span> <span class='ocrx_word' id='word_1_325' title='bbox 1657 4030 1878 4109; x_wconf 83' lang='lat' dir='ltr'><strong>lignum</strong></span> <span class='ocrx_word' id='word_1_326' title='bbox 1924 4029 2169 4110; x_wconf 85' lang='lat' dir='ltr'><strong>alicujus</strong></span> <span class='ocrx_word' id='word_1_327' title='bbox 2210 4032 2527 4097; x_wconf 76' lang='lat' dir='ltr'><strong>saonensis</strong></span> 
     </span>
    </p>
   </div>
   <div class='ocr_carea' id='block_1_3' title="bbox 177 4262 2525 4491">
    <p class='ocr_par' dir='ltr' id='par_1_8' title="bbox 177 4262 2525 4491">
     <span class='ocr_line' id='line_1_39' title="bbox 315 4262 2525 4339; baseline 0.003 -22"><span class='ocrx_word' id='word_1_328' title='bbox 315 4265 353 4292; x_wconf 85' lang='lat'><strong>¹⁰</strong></span> <span class='ocrx_word' id='word_1_329' title='bbox 389 4269 577 4333; x_wconf 79' lang='lat' dir='ltr'><strong>Nempe</strong></span> <span class='ocrx_word' id='word_1_330' title='bbox 612 4265 807 4335; x_wconf 74' lang='grc' dir='ltr'><strong>λόγους·</strong></span> <span class='ocrx_word' id='word_1_331' title='bbox 841 4285 908 4321; x_wconf 83' lang='lat' dir='ltr'><strong>se.</strong></span> <span class='ocrx_word' id='word_1_332' title='bbox 935 4262 1387 4336; x_wconf 72' lang='grc' dir='ltr'><strong>χρυσοβοὺλλους.</strong></span> <span class='ocrx_word' id='word_1_333' title='bbox 1532 4267 1562 4295; x_wconf 85' lang='lat'><strong>¹¹</strong></span> <span class='ocrx_word' id='word_1_334' title='bbox 1613 4269 1748 4333; x_wconf 73' lang='lat' dir='ltr'><strong>Apud</strong></span> <span class='ocrx_word' id='word_1_335' title='bbox 1784 4269 2009 4330; x_wconf 73' lang='lat' dir='ltr'><strong>Ducange</strong></span> <span class='ocrx_word' id='word_1_336' title='bbox 2045 4270 2119 4319; x_wconf 83' lang='lat' dir='ltr'><strong>bie</strong></span> <span class='ocrx_word' id='word_1_337' title='bbox 2157 4279 2205 4319; x_wconf 79' lang='lat' dir='ltr'><strong>et</strong></span> <span class='ocrx_word' id='word_1_338' title='bbox 2240 4272 2357 4321; x_wconf 83' lang='lat' dir='ltr'><strong>inb-a</strong></span> <span class='ocrx_word' id='word_1_339' title='bbox 2393 4264 2525 4339; x_wconf 62' lang='lat' dir='ltr'><strong>{ppe-</strong></span> 
     </span>
     <span class='ocr_line' id='line_1_40' title="bbox 177 4352 1551 4414; baseline 0.003 -15"><span class='ocrx_word' id='word_1_340' title='bbox 177 4368 257 4401; x_wconf 75' lang='lat' dir='ltr'><strong>ros</strong></span> <span class='ocrx_word' id='word_1_341' title='bbox 296 4352 528 4414; x_wconf 78' lang='lat' dir='ltr'><strong>scriptum</strong></span> <span class='ocrx_word' id='word_1_342' title='bbox 567 4364 654 4403; x_wconf 80' lang='lat' dir='ltr'><strong>est.</strong></span> <span class='ocrx_word' id='word_1_343' title='bbox 969 4360 974 4363; x_wconf 74' lang='grc'>’</span> <span class='ocrx_word' id='word_1_344' title='bbox 1466 4394 1470 4405; x_wconf 90' lang='grc'>.</span> <span class='ocrx_word' id='word_1_345' title='bbox 1547 4397 1551 4403; x_wconf 93' lang='grc'>.</span> 
     </span>
     <span class='ocr_line' id='line_1_41' title="bbox 279 4436 2111 4491; baseline 0.002 -7"><span class='ocrx_word' id='word_1_346' title='bbox 279 4436 357 4484; x_wconf 84' lang='grc' dir='ltr'><strong>ΙΙΙ.</strong></span> <span class='ocrx_word' id='word_1_347' title='bbox 2050 4438 2111 4491; x_wconf 75' lang='grc' dir='ltr'><strong>3ῖ</strong></span> 
     </span>
    </p>
   </div>
  </div>
 </body>
</html>
