2900 4950
1089 290 1206 355 lmp.
1245 291 1390 342 Alexii
1431 294 1611 355 Angeli.
2408 286 2537 347 559

195 442 428 518 v‘nteyre
473 452 953 512 conservantur,
1001 461 1112 522 qne
1154 444 1327 505 nobis
1366 448 1677 524 promissa
1721 454 1867 505 sunt
1909 465 1945 506 e
1988 452 2371 509 sanctissimo
2411 450 2533 513 121ae-

188 551 479 619 peratore
524 542 761 603 domino
808 541 1020 604 Alexio
1070 543 1371 605 Comnano
1410 563 1527 623 per
1572 544 1938 606 crt’sobulum
1984 544 2237 626 Imperii
2275 549 2430 624 ejus.

368 640 444 700 Et
488 659 602 720 que
647 642 880 720 quidem
927 644 1307 724 suprascripti
1355 644 1794 724 prudentissimi
1840 645 2008 725 legati
2065 647 2430 709 nobillissimi
2476 658 2537 711 et

199 740 541 803 fldellissimi
590 743 843 822 lmperie
887 763 1020 805 meo
1064 745 1446 822 protosevasti
1494 753 1552 805 et
1596 744 1773 806 Ducis
1802 747 2060 821 venetie,
2108 748 2345 811 Henrici
2380 749 2537 810 Dan-

198 842 338 915 dnn,
382 843 455 903 ad
501 844 816 922 Imperium
864 864 1056 905 meum
1103 855 1164 906 et
1191 845 1534 906 Romaniam
1582 847 1931 925 pepigerunt
1972 858 2033 909 et
2068 847 2433 928 juraverunt,
2479 860 2537 911 et

197 943 256 1003 in
305 943 524 1023 scripto
571 945 642 1005 ab
688 945 773 1023 eis
818 947 1148 1025 subscripto
1193 947 1765 1025 comprehendentes
1808 948 2058 1028 Imperio
2105 968 2235 1010 meo
2283 950 2537 1012 tradide-

198 1054 354 1118 runt,
394 1043 633 1123 jurandi
650 1045 691 1077 ¹³
734 1056 792 1107 et
834 1046 907 1107 ab
954 1047 1082 1126 ipso
1129 1046 1284 1106 Duce
1328 1066 1531 1107 eorum
1579 1056 1637 1107 et
1679 1057 1796 1109 tota
1845 1049 2077 1111 Venetia
2126 1051 2253 1111 hec.
2344 1051 2534 1130 lmpe·

197 1144 349 1205 rium
381 1154 573 1206 autem
606 1165 798 1207 meum
831 1148 942 1207 hec
970 1147 1318 1227 suscipien8‚
1363 1166 1612 1226 presens
1642 1149 2052 1228 chrysobolum
2088 1151 2322 1212 verbum
2356 1171 2526 1213 suum

197 1245 523 1329 transmisit
580 1247 961 1308 nobillissimo
1018 1258 1077 1310 et
1131 1248 1494 1309 fidellissimo
1539 1250 1792 1328 Imperio
1850 1269 1981 1310 meo
2033 1260 2433 1329 protosevasto
2479 1263 2537 1313 et

199 1347 341 1408 Duci
389 1348 626 1409 Venetie
671 1358 730 1410 et
773 1350 1077 1410 universae
1122 1350 1364 1410 venetie
1411 1350 1761 1429 plenitudini
1804 1370 1915 1431 per
1947 1350 2177 1430 lmperii
2226 1353 2337 1412 mei
2382 1352 2539 1430 lega-

201 1457 323 1508 tum
369 1448 505 1509 illuc
536 1450 839 1523 directum,
886 1470 994 1529 per
1022 1451 1618 1512 honorabillissimum
1652 1461 1711 1513 et
1739 1452 2081 1514 familiarem
2117 1452 2369 1531 imperio
2402 1471 2533 1513 meo

197 1551 662 1628 protonotarium
681 1551 720 1582 ¹⁴
766 1552 1190 1612 vicedominum
1221 1552 1594 1612 Theodorum
1628 1552 2120 1627 Auticalamumffi,
2167 1553 2323 1631 quod
2371 1553 2540 1633 chry-

201 1649 469 1710 sobulum
527 1651 765 1712 verbum
824 1652 1046 1714 scilicet
1100 1653 1386 1732 promittit
1442 1653 1561 1727 εἰς,
1620 1654 1901 1732 quoniam
1945 1653 2331 1715 nobillissimo
2380 1655 2538 1716 Duce

200 1766 401 1812 eorum
447 1762 849 1831 protosevasto
893 1763 953 1815 et
997 1772 1205 1833 magno
1252 1762 1312 1815 et
1355 1772 1535 1832 parvo
1576 1754 1820 1815 consilio
1846 1754 2106 1827 Venetie,
2153 1774 2239 1816 ac·
2265 1756 2374 1817 alia
2408 1755 2537 1834 ejus

197 1850 563 1932 plenitudine
609 1855 1066 1933 suscipientibus
1110 1854 1239 1927 hoc,
1304 1863 1673 1914 sacramento
1719 1870 1953 1932 quoque
1996 1856 2321 1917 secundum
2369 1875 2534 1917 suam

201 1953 685 2014 consuetudinem
732 1954 1243 2026 confirmantibus,
1301 1964 1359 2014 et
1415 1955 1475 2014 in
1522 1954 1740 2032 scripto
1786 1955 2142 2032 ponentibus
2187 1956 2297 2015 hec
2338 1956 2535 2017 omnia

203 2054 558 2127 continenti,
605 2064 662 2114 et
707 2056 1076 2134 propriarum
1109 2074 1346 2116 suarium
1395 2072 1673 2114 manuum
1720 2054 2250 2133 subscriptionibus
2294 2056 2350 2115 id
2399 2074 2540 2117 con-

201 2155 650 2228 summantibus,
698 2163 756 2215 et
798 2174 929 2216 cum
976 2155 1237 2235 predicto
1282 2154 1685 2233 protonotario
1730 2154 1982 2233 Imperio
2027 2176 2158 2216 meo
2203 2156 2259 2216 id
2304 2156 2541 2219 mitten·-

200 2256 697 2328 tibuS‚.tr‹1deu1r
738 2257 823 2318 eis
868 2257 942 2317 ab
985 2276 1056 2317 eo
1101 2275 1348 2336 presens
1377 2255 1790 2336 chrysobulum
1837 2256 2075 2317 verbum
2121 2256 2361 2336 Imperii
2404 2258 2537 2329 mei,

200 2357 592 2418 corroborans
637 2368 696 2420 et
738 2359 1096 2419 confirmans
1161 2354 1537 2419 fidellissimis
1581 2357 1835 2436 Imperio
1878 2376 2010 2418 meo
2055 2357 2346 2419 veneticis
2386 2358 2542 2419 anti-

201 2458 399 2539 quitus
441 2461 589 2520 sacta
634 2459 980 2540 chrysubulo
1025 2479 1057 2521 a
1105 2459 1461 2539 sempiterne
1508 2457 2179 2540 memorie'lmperatore
2222 2471 2281 2520 et
2322 2477 2539 2539 proavo

200 2560 435 2640 Imperii
481 2562 614 2634 mei,
662 2562 899 2621 domino
945 2561 1140 2623 Alexio
1187 2561 1490 2623 Comnano
1536 2570 1595 2623 et
1639 2557 1758 2622 filio
1802 2560 1930 2641 ejus
1978 2556 2386 2641 Imperatoris,
2434 2561 2539 2622 do·

202 2661 362 2721 mino
391 2662 665 2734 Johanni,
714 2672 773 2723 et
815 2662 1047 2723 dillecto
1091 2673 1302 2741 patruo
1332 2663 1587 2742 Imperii,
1634 2662 1873 2722 domino
1904 2664 2172 2724 Manuale
2203 2662 2538 2736 Comuan03

203 2761 449 2841 insuper
492 2770 552 2822 et
595 2764 740 2823 sacta
787 2764 872 2823 eis
918 2762 1261 2842 chrysubulo
1308 2764 1381 2823 ab
1413 2763 1747 2843 imperante
1791 2763 2169 2825 dilectissimo
2217 2765 2393 2825 fratre
2425 2764 2541 2824 lm—

204 2862 352 2942 perii
395 2861 530 2934 mei,
578 2862 817 2922 domiuo
851 2849 1079 2923 lsnakio
1109 2863 1329 2940 Angelo
1373 2881 1554 2942 super
1596 2863 1729 2934 hiis,
1774 2882 1890 2941 que
1935 2865 2225 2943 promissa
2272 2875 2410 2926 sunt
2455 2865 2577 2926 eis·

203 2980 313 3042 per
355 2971 446 3034 ea3'
495 2971 613 3022 tam
653 2962 777 3042 jam
824 2963 1162 3042 complectis
1208 2977 1380 3041 quam
1427 2971 1486 3022 et
1530 2980 1645 3021 non
1693 2962 1886 3023 adbuc
1932 2965 2106 3023 linem
2153 2964 2540 3042 capientibuS,

206 3073 265 3124 et
321 3062 628 3123 efficatiam
685 3082 754 3123 ac
806 3064 1385 3125 incommutationem
1441 3063 1772 3134 habebunt,
1831 3071 1888 3122 et
1932 3072 2227 3141 tamquam
2273 3065 2420 3124 facta
2467 3065 2542 3143 ab

205 3162 462 3243 Imperio
517 3182 650 3224 meo
706 3163 1160 3243 deputabuntur.
1253 3163 1606 3224 Corroborat
1660 3163 1815 3223 enim
1864 3172 1921 3224 et
1962 3164 2273 3224 confirmat
2317 3182 2382 3223 eo
2429 3164 2543 3225 lm—

203 3265 435 3346 perium
496 3283 688 3325 meum
745 3284 856 3345 per
906 3283 1154 3344 presens
1211 3263 1623 3343 chrysobulum
1671 3263 1907 3325 verbum
1955 3284 2127 3325 suum
2173 3273 2233 3325 et
2270 3265 2540 3344 precipitg

205 3384 308 3426 eos
354 3366 682 3426 conversari
728 3365 918 3426 salvos
961 3375 1022 3427 et
1064 3365 1192 3428 sine
1248 3365 1459 3425 timore
1504 3365 1562 3425 in
1609 3365 1881 3426 omnibus
1928 3364 2263 3443 regionibus
2306 3365 2542 3443 Imperii

203 3466 340 3541 mei,
385 3467 448 3527 in
490 3468 761 3547 personis
806 3476 864 3527 et
906 3465 1205 3546 peccuniis
1249 3474 1635 3539 eorun1‚.tam
1668 3465 1742 3525 ab
1773 3464 2108 3527 hominibus
2138 3466 2373 3545 Imperii
2409 3466 2539 3540 mei,

205 3585 381 3647 quam
441 3577 498 3630 et
552 3568 625 3630 ab
670 3569 798 3648 ipso
845 3568 1097 3648 imperio
1141 3587 1273 3628 meo
1288 3613 1305 3643 ,
1361 3567 1581 3629 habere
1626 3586 1860 3647 quoque
1906 3566 2068 3646 ipsos
2113 3575 2173 3628 et
2216 3568 2415 3629 omnia
2460 3577 2547 3631 te·

205 3678 518 3742 numento,
564 3688 677 3748 que
723 3668 1016 3730 habebant
1058 3677 1324 3748 tempore
1368 3688 1550 3749 super
1592 3687 1694 3729 eos
1737 3668 2133 3748 provenientis
2177 3668 2261 3729 ire
2307 3688 2550 3749 semper

205 3770 569 3831 memorandi
602 3769 977 3848 Imperatoris
1007 3770 1195 3847 patrui
1228 3767 1465 3849 Imperii
1497 3770 1630 3843 mei,
1671 3770 1888 3830 domini
1922 3769 2206 3830 Manuelis
2237 3769 2546 3831 Comnani.

205 3869 285 3931 Et
326 3870 375 3931 si
421 3871 496 3931 ob
527 3868 844 3944 servitium,
892 3869 1047 3947 quod
1080 3870 1334 3948 Imperio
1366 3887 1499 3929 meo
1530 3869 1772 3932 fecerint
1801 3870 1889 3930 vel
1922 3871 2325 3949 Imperatoris,
2367 3880 2545 3949 prout

207 3970 269 4030 in
315 3973 587 4051 superius
631 3969 901 4058 ordinato
945 3969 1163 4048 scripto
1206 3969 1528 4047 legatorum
1563 3969 1969 4031 veneticorum
2014 3970 2361 4043 declaratur,
2406 3971 2544 4032 etsi

207 4073 616 4154 supervenerit
655 4072 742 4133 eis
785 4091 815 4132 a
862 4079 1137 4131 coronata
1184 4087 1435 4160 persona
1481 4069 1569 4130 vel
1612 4087 1824 4149 magna
1867 4077 2040 4149 gente
2085 4089 2325 4150 guerra,
2372 4071 2547 4134 debet

617 4230 818 4238 ...υ-..-
859 4228 924 4237 >ff-

350 4302 384 4331 ¹⁸
419 4305 632 4366 Legerim
661 4311 955 4371 jurabuntur.
1154 4303 1190 4331 ¹⁴
1227 4305 1448 4355 Editores
1485 4313 1683 4355 notum:
1720 4307 1840 4369 „Sic
1878 4321 1967 4356 nos
2003 4323 2059 4357 ex
2094 4310 2379 4372 compendio
2418 4310 2543 4360 Libri

213 4390 339 4453 albi;
374 4392 670 4454 praeconiam
707 4392 805 4440 Lib.
841 4391 1002 4456 μου(
1140 4387 1176 4416 '⁵
1211 4390 1391 4441 Iidem:
1428 4391 1588 4455 „Lege
1623 4393 2005 4443 Auriculanum“.
