2900 4950
1186 262 1300 324 lmp.
1337 260 1527 310 Leonis.
2392 251 2510 312 ¹09

181 435 424 497 ματος,
472 409 586 477 διὰ
626 413 776 494 βίου
819 407 1021 494 ταύτῃ
1066 409 1146 494 τῇ
1191 400 1445 493 ἀπορίᾳ
1487 405 1857 491 βούλεσθαι
1896 407 2139 487 ταύτας
2178 410 2409 496 συζῆν,·
2455 412 2515 478 εἰ

182 510 308 597 γὰρ
349 514 547 577 τοῦτο
587 509 880 595 μάλιστα
920 507 999 574 τὸ
1042 502 1183 574 άπὸ
1222 511 1357 575 τῶν
1400 507 1666 574 παίδων
1704 508 2042 596 χρήσιμον,
2088 510 2254 594 λέγω
2291 509 2369 597 δὴ
2400 535 2515 598 γη-

181 618 529 698 ροτροφία,
574 615 723 689 πῶς
766 605 907 693 οὐχὶ
950 611 1057 676 καὶ
1101 607 1373 688 ταύταις
1413 606 1740 688 κάκείναις
1784 610 1856 690 ἐξ
1897 610 2048 676 ἴσου
2078 615 2370 694 μετέχειν
2399 615 2516 697 τῆς

185 705 555 797 εὐεργεσίας
609 712 862 798 ἔπρεπε
917 720 1318 795 παρασχεῖν,·
1378 707 1553 775 οὕτω
1607 710 1730 795 γὰρ
1775 704 1857 778 ἂν
1899 713 2004 777 καὶ
2053 706 2245 791 ὅσαις
2290 708 2326 776 5
2369 718 2517 796 βίος

182 818 387 899 πένης
426 815 533 879 καὶ
580 810 855 897 ἄπορος,
900 817 1272 897 κουφοτέρα
1312 806 1598 896 ὑπῆρξεν
1640 807 1678 899 ἦ
1724 818 1923 879 πενία
1951 822 2095 890 τοῖς
2125 815 2322 878 παισὶ
2356 819 2518 900 βοη-

180 917 564 997 θουμέναις,
608 917 716 980 καὶ
764 910 920 980 ὅσαι
959 910 1073 978 τὸν
1116 919 1265 998 βίον
1309 911 1377 979 ἐν
1423 908 1728 1001 ἀφθονίᾳ
1770 915 1877 980 καὶ
1923 912 2193 1000 πλούτῳ
2231 914 2517 1001 φερόμε-

182 1037 295 1079 νον
342 1014 581 1096 έχουσι,
627 1040 733 1079 και
780 1012 1052 1092 ταύταις
1092 1014 1403 1080 υἱοθεσία
1447 1020 1910 1101 συμφέρουσα·
1959 1011 1994 1079 5
2037 1014 2163 1100 γὰρ
2205 1015 2302 1094 εἰς
2328 1014 2518 1094 τάξιν

181 1115 329 1179 υἱοῦ
373 1112 875 1201 προφερόμενος
932 1114 1025 1192 εἰς
1068 1115 1280 1181 ἐκεῖνα
1321 1114 1433 1180 καὶ
1476 1111 2003 1200 ὑπηρετούμενος
2043 1119 2122 1201 τῇ
2167 1119 2359 1202 μητρὶ
2405 1118 2518 1182 καὶ

177 1209 352 1300 ὑπὲρ
410 1209 611 1301 αὐτῆς
666 1213 1056 1295 σπουδάζων
1117 1211 1288 1298 άπερ
1344 1215 1522 1281 ἐστὶν
1567 1215 1739 1293 εἰκὸς
1781 1216 1998 1280 παῖδα
2042 1222 2342 1300 φρονεῖν,
2399 1215 2519 1302 τήν

179 1340 255 1382 τε
312 1321 704 1400 περιουσίαν
762 1315 854 1394 εἰς
895 1315 972 1381 τὸ
1017 1310 1533 1401 ακαινοτόμητον
1578 1314 1992 1402 οἰκονομήσει
2034 1323 2141 1381 καὶ
2191 1314 2269 1381 τὸ
2311 1315 2517 1400 βάρος

179 1418 316 1482 τῶν
373 1416 744 1502 φροντίδων
800 1414 1352 1500 συμμεριζόμενος
1405 1419 1486 1502 τῇ
1540 1418 1738 1502 μητρὶ
1804 1410 2253 1501 εὐθυμότερον
2318 1412 2518 1503 αὐτὴν

179 1518 429 1604 βιῶναι
470 1515 977 1601 παρασκευάσει.

363 1619 760 1700 Τοιγαροῦν”
801 1611 840 1703 ἦ
884 1612 1165 1702 ἡμετέρα
1207 1616 1515 1701 βασιλεία
1557 1614 1712 1694 τοὺς
1752 1615 1842 1703 μὴ
1889 1617 2371 1702 ἐπιτρέποντας
2407 1616 2517 1686 νό-

181 1739 348 1799 μους
390 1716 858 1784 υἱοθετεῖσθαι
902 1713 1075 1802 ἅπερ
1120 1717 1366 1803 ἔφημεν
1409 1715 1751 1802 πρόσωπα
1792 1721 1908 1804 τῆς
1938 1718 2309 1805 ἐπιτροπῆς
2339 1714 2517 1786 άπο-

180 1821 664 1902 χειροτονοῦσα,
711 1820 920 1884 πᾶσιν
965 1817 1301 1884 ἐκτίθεται
1345 1816 1548 1900 νόμον
1592 1824 1736 1895 τοῖς
1776 1821 2206 1904 βουλομένοις
2247 1821 2516 1886 υἱοποι-

186 1921 436 1996 εῒσθαι,
484 1916 565 1983 ἄν
607 1922 680 1983 τέ
720 1943 823 1996 τις
862 1916 948 1985 τὰ
990 1912 1278 2004 άρῤένων
1322 1913 1659 2004 ἀφῄρηται
1702 1917 1782 1985 ἄν
1826 1925 1898 1985 τέ
1930 1945 2080 1987 τινα
2111 1919 2302 1986 οὔπω
2330 1916 2519 2006 ἥλιος

185 2011 321 2085 εἶδε
358 2023 626 2105 μητέρα,
675 2015 903 2085 ἄδειαν
947 2017 1411 2102 παρεχόμενον,
1462 2015 1537 2083 ού
1565 2019 1771 2103 μόνον
1803 2013 1884 2085 δι’
1920 2016 2092 2106 ὅπερ
2125 2015 2316 2086 εἶπον
2344 2019 2513 2085 καλὰ

186 2117 256 2185 ἐκ
315 2122 433 2202 τῆς
496 2119 844 2197 υἱοθεσίας
897 2118 1237 2203 γινόμενα,
1307 2113 1445 2185 ἀλλ’
1511 2115 1617 2186 ὅτι
1670 2123 1778 2186 καὶ
1834 2119 1912 2186 τὸ
1966 2124 2083 2207 τῆς
2143 2127 2520 2202 παρθενίας

187 2216 425 2302 σεμνόν
478 2221 583 2284 καὶ
643 2217 712 2285 ἐκ
761 2218 997 2285 τούτου
1041 2217 1411 2302 τιμώμενον
1452 2225 1752 2304 καθορῶ.
1843 2221 1911 2286 αἱ
1954 2221 2109 2306 γὰρ’
2156 2217 2312 2287 ὅσαι
2352 2220 2523 2305 μᾶλ-

187 2321 303 2385 λον
342 2322 619 2406 γαμικῆς
663 2314 927 2403 ὁμιλίας
965 2322 1245 2403 τιμῶσι’
1284 2321 1406 2404 μὲν
1465 2319 1582 2406 τὴν
1625 2327 2033 2405 παρθενίαν,
2091 2324 2521 2407 προτιμῶσαι

188 2420 261 2488 δὲ
321 2414 500 2504 ὅμως
555 2421 819 2487 παίδων
866 2420 1061 2508 ἔρωτι
1104 2421 1479 2501 νύττονται,
1542 2425 1737 2490 τοῦτο
1781 2425 1889 2490 καὶ
1933 2425 2212 2511 γαμικῆς
2258 2418 2522 2506 ὁμιλίας

186 2520 370 2600 ἐκτὸς
422 2522 942 2608 προσγινόμενον
999 2518 1231 2601 αὑταῖς
1287 2518 1541 2606 ὁρῶσαι
1582 2523 1659 2589 τὸ
1705 2523 1942 2608 σεμνὸν
1984 2528 2102 2612 τῆς
2144 2531 2523 2610 παρθενίας

186 2616 262 2687 ού
308 2620 770 2708 περιόψονται,
835 2619 911 2689 οὗ
953 2623 1081 2708 γὰρ
1128 2623 1204 2710 δὴ
1249 2622 1454 2703 ἄξιον,
1505 2623 1681 2690 διότι
1712 2628 1888 2712 θῆλυ
1919 2625 2289 2712 πρόσωπον
2318 2621 2522 2704 ὑπεξ-

189 2728 454 2802 ουσίους
498 2723 663 2806 ἔχειν
708 2725 962 2803 παῖδας
1005 2720 1121 2790 οὐκ
1165 2724 1445 2812 ἐφεῖται,
1494 2724 1607 2791 διὰ
1649 2728 1846 2791 τοῦτο
1888 2726 1977 2811 μὴ
2014 2726 2259 2806 ἐξεῖναι
2287 2726 2521 2794 υἱοθε-

186 2830 478 2891 τεῖσθαι.
567 2828 836 2908 πρῶτον
888 2826 1010 2907 μὲν
1068 2819 1174 2890 ὅτι
1230 2824 1296 2890 εἴ
1332 2848 1436 2902 τις
1478 2829 1675 2890 τοῦτο
1723 2827 2146 2913 συγχωρήσοι,
2193 2822 2270 2892 οὗ
2315 2828 2520 2910 μόνον

185 2923 305 3002 τὰς
348 2921 624 3001 ἀτόκους
665 2928 797 2989 τῶν
839 2928 1160 3007 γυναικῶν
1218 2927 1334 3010 τῆς
1378 2925 1727 3002 υἱοθεσίας
1771 2920 2141 3044 ἀπείργειθ,
2201 2921 2369 2994 ἀλλὰ
2413 2930 2520 2994 καὶ

184 3023 305 3102 τὰς
350 3019 684 3108 ὀφθείσας
725 3028 1038 3108 μητέρας·
1095 3025 1272 3109 θῆλυ
1313 3023 1435 3107 γὰρ
1483 3021 1574 3102 ὥς
1618 3048 1786 3110 φησι
1828 3025 2198 3108 πρόσωπον
2241 3023 2524 3106 ὑπεξου-

185 3132 377 3201 σίους
434 3146 511 3188 ου
568 3121 840 3188 δύναται
892 3121 1059 3203 ἔχειν
1102 3124 1371 3199 παῖδας.
1464 3123 1696 3189 ἔπειτα
1742 3125 1814 3190 δὲ
1857 3120 1895 3188 5
1939 3128 2136 3190 τοῦτο
2179 3129 2523 3206 θεσπίζων

186 3223 391 3308 νόμος
432 3224 586 3306 περὶ
633 3223 893 3289 ἐκείνων
938 3224 1139 3306 λέγει,
1189 3219 1341 3289 ὅσοι
1383 3231 1818 3308 προκρίνουσι
1859 3228 1992 3291 τῶν
2033 3230 2331 3311 μητέρων
2377 3228 2526 3291 δια-

191 3323 461 3402 στάντες
517 3322 703 3402 ἰδίως
757 3323 1244 3409 ῥυθμιζόμενον
1289 3323 1457 3406 ἐχειν
1498 3331 1679 3410 βίον,
1740 3319 1878 3391 ἀλλ’
1928 3319 2006 3392 ού
2050 3327 2207 3408 περὶ
2251 3324 2520 3406 τούτων,

190 3421 340 3491 ὅσοι
393 3423 511 3510 τὴν
559 3423 875 3511 μητρικὴν
929 3424 1231 3503 ἐξουσίαν
1285 3421 1497 3512 ἡδέως
1555 3430 1834 3512 φέρουσι
1885 3429 1998 3493 καὶ
2054 3424 2169 3492 διὰ
2208 3432 2360 3512 βίου
2403 3425 2522 3512 τὴν

186 3522 525 3613 ὑποταγὴν
580 3521 812 3603 αύταῒς
868 3524 1098 3605 σώζειν
1155 3525 1530 3612 ἐγνώκασιν.
1620 3525 1852 3593 οὔκουν
1899 3523 1935 3593 5
1980 3526 2184 3611 νόμος
2223 3526 2340 3613 τὴν
2384 3521 2525 3593 ἀπὸ

188 3626 448 3714 γνώμης
489 3621 824 3712 ὑποταγὴν
867 3628 975 3691 καὶ
1033 3626 1391 3706 οἷκείωσιν,
1453 3624 1621 3715 ὅπερ
1664 3630 1770 3695 καὶ
1818 3627 2113 3695 ἐνταῦθα
2157 3634 2522 3713 συμβαίνει,
2595 3656 2606 3671 “

190 3722 306 3792 οὐκ
363 3724 791 3812 ἀπαγορεύει,
861 3721 996 3792 ἀλλ’
1047 3727 1178 3794 ἐκεῖ
1218 3727 1297 3793 τὸ
1340 3730 1519 3814 θῆλυ
1563 3728 1933 3812 πρόσωπον
1978 3725 2366 3815 ἀφαιρεῖται
2407 3728 2524 3814 τὴν

195 3826 526 3907 ἐξουσίαν,
587 3816 666 3893 οὗ
708 3824 966 3914 γνώμης
1009 3827 1388 3914 ἑκουσιότης
1403 3832 1445 3862 ¹⁰
1488 3828 1582 3907 εἰς
1624 3826 1961 3914 ὑποταγὴν
2006 3824 2082 3894 οὗ
2128 3835 2520 3912 συνέρχεται.

195 3928 340 3995 ἐπεὶ
399 3927 457 3995 εἰ
511 3931 743 4007 τοῦτο,
793 3929 941 4006 πῶς
984 3930 1228 3995 πολλαὶ
1274 3932 1406 3996 τῶν
1449 3933 1747 4015 μητέρων
1789 3933 2230 4014 κεχηρωμέναι
2273 3928 2526 4009 παῖδάς

329 4182 351 4210 ⁰
388 4185 507 4233 Hinc
544 4183 643 4232 ΕεΙ.
680 4176 865 4245 ἰηοΐρίι.
1002 4179 1019 4205 ⁷
1056 4182 1219 4245 steph.
1253 4194 1345 4229 και
1376 4175 1487 4245 γὰρ
1524 4181 1619 4230 vult
1654 4183 1761 4243 logi.
1798 4183 1901 4232 Non
1927 4197 2065 4247 opus.
2202 4182 2224 4213 ⁸
2257 4184 2357 4236 Ed.
2392 4198 2526 4252 προ-

194 4267 411 4333 τιμῶσι.
588 4263 612 4292 ⁹
656 4266 755 4315 Ecl.
792 4256 1385 4329 &emieat-⁰11³
1423 4280 1479 4317 cx
1514 4265 1613 4315 Ecl.
1652 4266 1759 4316 edo.
1816 4268 1964 4317 codd.
2001 4276 2048 4317 et
2084 4269 2227 4319 odilia
2268 4261 2399 4338 ὅπερ
2432 4265 2525 4321 καὶ

192 4345 341 4399 καθὰ
377 4345 667 4416 συμβαίνει
700 4341 1049 4415 ἆπαγορεύει,
1088 4340 1195 4396 ἀλλ’
1228 4268 1344 4399 Ιἐκεῖ
1376 4381 1423 4395 ..
1444 4381 1531 4406 ..,
1574 4332 1639 4397 οὑ
1671 4345 1861 4416 γνώμῃ
1898 4344 2203 4412 πλησιότης.
