<?xml version="1.0" encoding="UTF-8"?>
<!DOCTYPE html PUBLIC "-//W3C//DTD XHTML 1.0 Transitional//EN"
    "http://www.w3.org/TR/xhtml1/DTD/xhtml1-transitional.dtd">
<html xmlns="http://www.w3.org/1999/xhtml" xml:lang="en" lang="en">
 <head>
  <title>
</title>
<meta http-equiv="Content-Type" content="text/html;charset=utf-8" />
  <meta name='ocr-system' content='tesseract 3.04.00' />
  <meta name='ocr-capabilities' content='ocr_page ocr_carea ocr_par ocr_line ocrx_word'/>
</head>
<body>
  <div class='ocr_page' id='page_1' title='image "./jusgraecoromanu00linggoog_0558.png"; bbox 0 0 2900 4950; ppageno 0'>
   <div class='ocr_carea' id='block_1_1' title="bbox 382 196 1980 278">
    <p class='ocr_par' dir='ltr' id='par_1_1' title="bbox 382 196 1980 278">
     <span class='ocr_line' id='line_1_1' title="bbox 382 196 1980 278; baseline 0.002 -3"><span class='ocrx_word' id='word_1_1' title='bbox 382 213 506 275; x_wconf 79' lang='lat'><strong><em>502</em></strong></span> <span class='ocrx_word' id='word_1_2' title='bbox 1101 226 1219 277; x_wconf 81' lang='lat' dir='ltr'><strong><em>con.</em></strong></span> <span class='ocrx_word' id='word_1_3' title='bbox 1256 228 1328 277; x_wconf 77' lang='grc' dir='ltr'><strong><em>ιν.</em></strong></span> <span class='ocrx_word' id='word_1_4' title='bbox 1364 196 1367 201; x_wconf 67' lang='grc'><strong><em>’</em></strong></span> <span class='ocrx_word' id='word_1_5' title='bbox 1399 227 1513 277; x_wconf 70' lang='lat' dir='ltr'><strong><em>nov.</em></strong></span> <span class='ocrx_word' id='word_1_6' title='bbox 1549 225 1980 278; x_wconf 57' lang='lat' dir='ltr'><strong><em>mxxvi—mm</em></strong></span> 
     </span>
    </p>
   </div>
   <div class='ocr_carea' id='block_1_2' title="bbox 379 361 2751 2385">
    <p class='ocr_par' dir='ltr' id='par_1_2' title="bbox 379 361 2751 2385">
     <span class='ocr_line' id='line_1_2' title="bbox 380 361 2748 461; baseline -0 -18"><span class='ocrx_word' id='word_1_7' title='bbox 380 374 813 460; x_wconf 76' lang='grc' dir='ltr'><strong><em>ἐπιτρεπτέον</em></strong></span> <span class='ocrx_word' id='word_1_8' title='bbox 858 367 1035 460; x_wconf 70' lang='grc' dir='ltr'><strong><em>αὐτῷ</em></strong></span> <span class='ocrx_word' id='word_1_9' title='bbox 1078 374 1190 441; x_wconf 82' lang='grc' dir='ltr'><strong><em>καὶ</em></strong></span> <span class='ocrx_word' id='word_1_10' title='bbox 1231 361 1436 453; x_wconf 72' lang='grc' dir='ltr'><strong><em>αὖθις</em></strong></span> <span class='ocrx_word' id='word_1_11' title='bbox 1476 372 1555 440; x_wconf 86' lang='grc' dir='ltr'><strong><em>τὸ</em></strong></span> <span class='ocrx_word' id='word_1_12' title='bbox 1601 372 1858 461; x_wconf 83' lang='grc' dir='ltr'><strong><em>ἐνεργόν</em></strong></span> <span class='ocrx_word' id='word_1_13' title='bbox 1875 395 1890 410; x_wconf 90' lang='grc'><em>·</em></span> <span class='ocrx_word' id='word_1_14' title='bbox 1950 366 2122 441; x_wconf 82' lang='grc' dir='ltr'><strong><em>ἀλλὰ</em></strong></span> <span class='ocrx_word' id='word_1_15' title='bbox 2173 373 2291 461; x_wconf 83' lang='grc' dir='ltr'><strong><em>τὴν</em></strong></span> <span class='ocrx_word' id='word_1_16' title='bbox 2346 377 2552 458; x_wconf 83' lang='grc' dir='ltr'><strong><em>μέσον</em></strong></span> <span class='ocrx_word' id='word_1_17' title='bbox 2594 381 2748 460; x_wconf 78' lang='grc' dir='ltr'><strong><em>βα-</em></strong></span> 
     </span>
     <span class='ocr_line' id='line_1_3' title="bbox 381 468 2751 563; baseline 0.001 -22"><span class='ocrx_word' id='word_1_18' title='bbox 381 475 641 542; x_wconf 90' lang='grc' dir='ltr'><strong><em>διστέον</em></strong></span> <span class='ocrx_word' id='word_1_19' title='bbox 686 471 752 555; x_wconf 79' lang='grc' dir='ltr'><strong><em>(ὅ</em></strong></span> <span class='ocrx_word' id='word_1_20' title='bbox 794 468 991 563; x_wconf 56' lang='lat' dir='ltr'><strong><em>(padi)</em></strong></span> <span class='ocrx_word' id='word_1_21' title='bbox 1033 477 1142 542; x_wconf 79' lang='grc' dir='ltr'><strong><em>καὶ</em></strong></span> <span class='ocrx_word' id='word_1_22' title='bbox 1187 473 1565 562; x_wconf 84' lang='grc' dir='ltr'><strong><em>βασιλικὴν,</em></strong></span> <span class='ocrx_word' id='word_1_23' title='bbox 1611 476 1720 541; x_wconf 80' lang='grc' dir='ltr'><strong><em>καὶ</em></strong></span> <span class='ocrx_word' id='word_1_24' title='bbox 1765 470 1971 561; x_wconf 76' lang='grc' dir='ltr'><strong><em>ἄμφω</em></strong></span> <span class='ocrx_word' id='word_1_25' title='bbox 2015 480 2481 562; x_wconf 83' lang='grc' dir='ltr'><strong><em>συντηρητέον,</em></strong></span> <span class='ocrx_word' id='word_1_26' title='bbox 2527 475 2611 542; x_wconf 86' lang='grc' dir='ltr'><strong><em>τό</em></strong></span> <span class='ocrx_word' id='word_1_27' title='bbox 2661 502 2751 545; x_wconf 83' lang='grc' dir='ltr'><strong><em>τε</em></strong></span> 
     </span>
     <span class='ocr_line' id='line_1_4' title="bbox 379 568 2745 664; baseline 0 -21"><span class='ocrx_word' id='word_1_28' title='bbox 379 579 537 661; x_wconf 86' lang='grc' dir='ltr'><strong><em>περὶ</em></strong></span> <span class='ocrx_word' id='word_1_29' title='bbox 577 575 691 642; x_wconf 88' lang='grc' dir='ltr'><strong><em>τὸν</em></strong></span> <span class='ocrx_word' id='word_1_30' title='bbox 732 576 1158 664; x_wconf 87' lang='grc' dir='ltr'><strong><em>τομογράφον</em></strong></span> <span class='ocrx_word' id='word_1_31' title='bbox 1203 575 1449 643; x_wconf 81' lang='grc' dir='ltr'><strong><em>ἐκεῖνον</em></strong></span> <span class='ocrx_word' id='word_1_32' title='bbox 1495 568 1797 661; x_wconf 76' lang='grc' dir='ltr'><strong><em>ἀρχιερέα</em></strong></span> <span class='ocrx_word' id='word_1_33' title='bbox 1844 581 2047 661; x_wconf 82' lang='grc' dir='ltr'><strong><em>σέβας</em></strong></span> <span class='ocrx_word' id='word_1_34' title='bbox 2086 578 2194 642; x_wconf 79' lang='grc' dir='ltr'><strong><em>καὶ</em></strong></span> <span class='ocrx_word' id='word_1_35' title='bbox 2240 574 2398 655; x_wconf 83' lang='grc' dir='ltr'><strong><em>τοὺς</em></strong></span> <span class='ocrx_word' id='word_1_36' title='bbox 2441 575 2745 664; x_wconf 82' lang='grc' dir='ltr'><strong><em>ἐπιμνη-</em></strong></span> 
     </span>
     <span class='ocr_line' id='line_1_5' title="bbox 381 671 2745 764; baseline 0 -21"><span class='ocrx_word' id='word_1_37' title='bbox 381 682 669 757; x_wconf 86' lang='grc' dir='ltr'><strong><em>σθέντας</em></strong></span> <span class='ocrx_word' id='word_1_38' title='bbox 711 681 829 744; x_wconf 81' lang='grc' dir='ltr'><strong><em>τοῦ</em></strong></span> <span class='ocrx_word' id='word_1_39' title='bbox 871 677 1079 764; x_wconf 91' lang='grc' dir='ltr'><strong><em>τόμου</em></strong></span> <span class='ocrx_word' id='word_1_40' title='bbox 1123 671 1326 743; x_wconf 82' lang='grc' dir='ltr'><strong><em>αῧτοῧ</em></strong></span> <span class='ocrx_word' id='word_1_41' title='bbox 1366 675 1688 762; x_wconf 75' lang='grc' dir='ltr'><strong><em>βασιλεῖς,</em></strong></span> <span class='ocrx_word' id='word_1_42' title='bbox 1737 679 1842 742; x_wconf 82' lang='grc' dir='ltr'><strong><em>καὶ</em></strong></span> <span class='ocrx_word' id='word_1_43' title='bbox 1889 675 1967 742; x_wconf 90' lang='grc' dir='ltr'><strong><em>τὸ</em></strong></span> <span class='ocrx_word' id='word_1_44' title='bbox 2009 677 2260 761; x_wconf 79' lang='grc' dir='ltr'><strong><em>μηδένα</em></strong></span> <span class='ocrx_word' id='word_1_45' title='bbox 2304 687 2448 755; x_wconf 80' lang='grc' dir='ltr'><strong><em>τοῖς</em></strong></span> <span class='ocrx_word' id='word_1_46' title='bbox 2491 677 2745 762; x_wconf 87' lang='grc' dir='ltr'><strong><em>νόμοις</em></strong></span> 
     </span>
     <span class='ocr_line' id='line_1_6' title="bbox 381 773 2745 881; baseline 0 -36"><span class='ocrx_word' id='word_1_47' title='bbox 381 774 645 867; x_wconf 79' lang='grc' dir='ltr'><strong><em>ἀπᾷδον</em></strong></span> <span class='ocrx_word' id='word_1_48' title='bbox 691 781 798 846; x_wconf 80' lang='grc' dir='ltr'><strong><em>καὶ</em></strong></span> <span class='ocrx_word' id='word_1_49' title='bbox 841 789 986 858; x_wconf 86' lang='grc' dir='ltr'><strong><em>τοῒς</em></strong></span> <span class='ocrx_word' id='word_1_50' title='bbox 1025 777 1261 845; x_wconf 86' lang='grc' dir='ltr'><strong><em>κανόσι</em></strong></span> <span class='ocrx_word' id='word_1_51' title='bbox 1304 782 1852 863; x_wconf 71' lang='grc' dir='ltr'><strong><em>προτρέψασθαι,</em></strong></span> <span class='ocrx_word' id='word_1_52' title='bbox 1902 773 2070 861; x_wconf 76' lang='grc' dir='ltr'><strong><em>ὅπερ</em></strong></span> <span class='ocrx_word' id='word_1_53' title='bbox 2116 773 2153 843; x_wconf 86' lang='grc' dir='ltr'><strong><em>ὅ</em></strong></span> <span class='ocrx_word' id='word_1_54' title='bbox 2187 780 2491 856; x_wconf 83' lang='grc' dir='ltr'><strong><em>τοιοῦτος</em></strong></span> <span class='ocrx_word' id='word_1_55' title='bbox 2518 777 2745 881; x_wconf 64' lang='grc' dir='ltr'><strong><em>τόμος</em></strong></span> 
     </span>
     <span class='ocr_line' id='line_1_7' title="bbox 381 875 2740 968; baseline 0 -21"><span class='ocrx_word' id='word_1_56' title='bbox 381 880 723 968; x_wconf 72' lang='grc' dir='ltr'><strong><em>εἰσήνεγκε.</em></strong></span> <span class='ocrx_word' id='word_1_57' title='bbox 808 878 927 967; x_wconf 82' lang='grc' dir='ltr'><strong><em>χρὴ</em></strong></span> <span class='ocrx_word' id='word_1_58' title='bbox 973 877 1095 965; x_wconf 83' lang='grc' dir='ltr'><strong><em>γὰρ</em></strong></span> <span class='ocrx_word' id='word_1_59' title='bbox 1138 878 1216 945; x_wconf 88' lang='grc' dir='ltr'><strong><em>τὸ</em></strong></span> <span class='ocrx_word' id='word_1_60' title='bbox 1262 875 1401 944; x_wconf 85' lang='grc' dir='ltr'><strong><em>ἀπὸ</em></strong></span> <span class='ocrx_word' id='word_1_61' title='bbox 1444 881 1563 944; x_wconf 82' lang='grc' dir='ltr'><strong><em>τοῦ</em></strong></span> <span class='ocrx_word' id='word_1_62' title='bbox 1605 879 1915 944; x_wconf 85' lang='grc' dir='ltr'><strong><em>τοιούτου</em></strong></span> <span class='ocrx_word' id='word_1_63' title='bbox 1955 876 2166 962; x_wconf 87' lang='grc' dir='ltr'><strong><em>τόμου</em></strong></span> <span class='ocrx_word' id='word_1_64' title='bbox 2199 878 2740 967; x_wconf 80' lang='grc' dir='ltr'><strong><em>εἰσενηνεγμένον</em></strong></span> 
     </span>
     <span class='ocr_line' id='line_1_8' title="bbox 382 978 2741 1068; baseline 0 -20"><span class='ocrx_word' id='word_1_65' title='bbox 382 980 824 1066; x_wconf 77' lang='grc' dir='ltr'><strong><em>συνάλλαγμα,</em></strong></span> <span class='ocrx_word' id='word_1_66' title='bbox 870 978 995 1068; x_wconf 81' lang='grc' dir='ltr'><strong><em>ἤδη</em></strong></span> <span class='ocrx_word' id='word_1_67' title='bbox 1037 979 1167 1067; x_wconf 84' lang='grc' dir='ltr'><strong><em>μὴν</em></strong></span> <span class='ocrx_word' id='word_1_68' title='bbox 1214 981 1650 1047; x_wconf 75' lang='grc' dir='ltr'><strong><em>συντελεσθὲν</em></strong></span> <span class='ocrx_word' id='word_1_69' title='bbox 1678 982 1785 1047; x_wconf 77' lang='grc' dir='ltr'><strong><em>καὶ</em></strong></span> <span class='ocrx_word' id='word_1_70' title='bbox 1817 978 1953 1065; x_wconf 89' lang='grc' dir='ltr'><strong><em>πρὸ</em></strong></span> <span class='ocrx_word' id='word_1_71' title='bbox 1998 978 2397 1068; x_wconf 74' lang='grc' dir='ltr'><strong><em>ἐρωτήσεως,</em></strong></span> <span class='ocrx_word' id='word_1_72' title='bbox 2441 981 2532 1066; x_wconf 84' lang='grc' dir='ltr'><strong><em>μὴ</em></strong></span> <span class='ocrx_word' id='word_1_73' title='bbox 2578 983 2741 1049; x_wconf 86' lang='grc' dir='ltr'><strong><em>δια-</em></strong></span> 
     </span>
     <span class='ocr_line' id='line_1_9' title="bbox 382 1077 2739 1167; baseline 0.001 -18"><span class='ocrx_word' id='word_1_74' title='bbox 382 1085 731 1161; x_wconf 82' lang='grc' dir='ltr'><strong><em>σπᾶσθαι,</em></strong></span> <span class='ocrx_word' id='word_1_75' title='bbox 791 1081 1159 1166; x_wconf 75' lang='grc' dir='ltr'><strong><em>ἐπιτιμίοις</em></strong></span> <span class='ocrx_word' id='word_1_76' title='bbox 1216 1082 1287 1148; x_wconf 85' lang='grc' dir='ltr'><strong><em>δὲ</em></strong></span> <span class='ocrx_word' id='word_1_77' title='bbox 1341 1079 1498 1159; x_wconf 82' lang='grc' dir='ltr'><strong><em>τοὺς</em></strong></span> <span class='ocrx_word' id='word_1_78' title='bbox 1556 1077 1768 1161; x_wconf 68' lang='grc' dir='ltr'><strong><em>οὕτως</em></strong></span> <span class='ocrx_word' id='word_1_79' title='bbox 1826 1081 1919 1159; x_wconf 82' lang='grc' dir='ltr'><strong><em>εἷς</em></strong></span> <span class='ocrx_word' id='word_1_80' title='bbox 1981 1079 2192 1166; x_wconf 85' lang='grc' dir='ltr'><strong><em>γάμον</em></strong></span> <span class='ocrx_word' id='word_1_81' title='bbox 2258 1077 2739 1167; x_wconf 85' lang='grc' dir='ltr'><strong><em>ἆρμοσθέντας</em></strong></span> 
     </span>
     <span class='ocr_line' id='line_1_10' title="bbox 379 1181 2735 1268; baseline 0.001 -19"><span class='ocrx_word' id='word_1_82' title='bbox 379 1182 825 1268; x_wconf 87' lang='grc' dir='ltr'><strong><em>βαρύνεσθαι,</em></strong></span> <span class='ocrx_word' id='word_1_83' title='bbox 882 1183 1051 1250; x_wconf 83' lang='grc' dir='ltr'><strong><em>κατὰ</em></strong></span> <span class='ocrx_word' id='word_1_84' title='bbox 1102 1181 1218 1268; x_wconf 85' lang='grc' dir='ltr'><strong><em>τὴν</em></strong></span> <span class='ocrx_word' id='word_1_85' title='bbox 1274 1189 1491 1267; x_wconf 82' lang='grc' dir='ltr'><strong><em>κρίσιν</em></strong></span> <span class='ocrx_word' id='word_1_86' title='bbox 1544 1186 1653 1249; x_wconf 81' lang='grc' dir='ltr'><strong><em>καὶ</em></strong></span> <span class='ocrx_word' id='word_1_87' title='bbox 1703 1183 2097 1267; x_wconf 83' lang='grc' dir='ltr'><strong><em>δοκιμασίαν</em></strong></span> <span class='ocrx_word' id='word_1_88' title='bbox 2138 1186 2256 1248; x_wconf 82' lang='grc' dir='ltr'><strong><em>τοῦ</em></strong></span> <span class='ocrx_word' id='word_1_89' title='bbox 2301 1184 2467 1251; x_wconf 85' lang='grc' dir='ltr'><strong><em>κατὰ</em></strong></span> <span class='ocrx_word' id='word_1_90' title='bbox 2507 1184 2735 1252; x_wconf 86' lang='grc' dir='ltr'><strong><em>τόπον</em></strong></span> 
     </span>
     <span class='ocr_line' id='line_1_11' title="bbox 382 1278 2735 1373; baseline 0.001 -22"><span class='ocrx_word' id='word_1_91' title='bbox 382 1278 762 1370; x_wconf 89' lang='grc' dir='ltr'><strong><em>ἀρχιερέως,</em></strong></span> <span class='ocrx_word' id='word_1_92' title='bbox 821 1287 966 1351; x_wconf 75' lang='grc' dir='ltr'><strong><em>καὶ’</em></strong></span> <span class='ocrx_word' id='word_1_93' title='bbox 1009 1291 1487 1370; x_wconf 88' lang='grc' dir='ltr'><strong><em>συντηρεῖσθαι</em></strong></span> <span class='ocrx_word' id='word_1_94' title='bbox 1527 1282 1789 1363; x_wconf 83' lang='grc' dir='ltr'><strong><em>τούτοις</em></strong></span> <span class='ocrx_word' id='word_1_95' title='bbox 1831 1282 1909 1349; x_wconf 87' lang='grc' dir='ltr'><strong><em>τὸ</em></strong></span> <span class='ocrx_word' id='word_1_96' title='bbox 1953 1289 2392 1373; x_wconf 67' lang='grc' dir='ltr'><strong><em>συνομέσιον·</em></strong></span> <span class='ocrx_word' id='word_1_97' title='bbox 2439 1285 2735 1372; x_wconf 86' lang='grc' dir='ltr'><strong><em>φθάσαν</em></strong></span> 
     </span>
     <span class='ocr_line' id='line_1_12' title="bbox 383 1380 2733 1473; baseline 0.002 -21"><span class='ocrx_word' id='word_1_98' title='bbox 383 1387 456 1453; x_wconf 76' lang='grc' dir='ltr'><strong><em>δὲ</em></strong></span> <span class='ocrx_word' id='word_1_99' title='bbox 498 1397 732 1454; x_wconf 78' lang='grc' dir='ltr'><strong><em>πεσεῖν</em></strong></span> <span class='ocrx_word' id='word_1_100' title='bbox 778 1386 871 1465; x_wconf 81' lang='grc' dir='ltr'><strong><em>εἰς</em></strong></span> <span class='ocrx_word' id='word_1_101' title='bbox 915 1384 1261 1471; x_wconf 76' lang='grc' dir='ltr'><strong><em>ἐρώτησιν,</em></strong></span> <span class='ocrx_word' id='word_1_102' title='bbox 1322 1386 1411 1473; x_wconf 87' lang='grc' dir='ltr'><strong><em>μὴ</em></strong></span> <span class='ocrx_word' id='word_1_103' title='bbox 1472 1385 1864 1452; x_wconf 76' lang='grc' dir='ltr'><strong><em>ἐνδίδοσθαι</em></strong></span> <span class='ocrx_word' id='word_1_104' title='bbox 1915 1388 2117 1469; x_wconf 81' lang='grc' dir='ltr'><strong><em>χωρὶς</em></strong></span> <span class='ocrx_word' id='word_1_105' title='bbox 2168 1387 2300 1451; x_wconf 80' lang='grc' dir='ltr'><strong><em>τῶν</em></strong></span> <span class='ocrx_word' id='word_1_106' title='bbox 2350 1380 2733 1472; x_wconf 77' lang='grc' dir='ltr'><strong><em>ἀνηκόντων</em></strong></span> 
     </span>
     <span class='ocr_line' id='line_1_13' title="bbox 382 1482 2735 1571; baseline 0 -17"><span class='ocrx_word' id='word_1_107' title='bbox 382 1486 738 1571; x_wconf 86' lang='grc' dir='ltr'><strong><em>ἐπιτιμίων</em></strong></span> <span class='ocrx_word' id='word_1_108' title='bbox 780 1489 886 1553; x_wconf 81' lang='grc' dir='ltr'><strong><em>καὶ</em></strong></span> <span class='ocrx_word' id='word_1_109' title='bbox 934 1486 1234 1568; x_wconf 75' lang='grc' dir='ltr'><strong><em>ἐντολῶν,</em></strong></span> <span class='ocrx_word' id='word_1_110' title='bbox 1283 1482 1364 1553; x_wconf 76' lang='grc' dir='ltr'><strong><em>δι’</em></strong></span> <span class='ocrx_word' id='word_1_111' title='bbox 1401 1485 1438 1552; x_wconf 82' lang='grc' dir='ltr'>ὃ</span> <span class='ocrx_word' id='word_1_112' title='bbox 1470 1492 1668 1571; x_wconf 83' lang='grc' dir='ltr'><strong><em>σέβας</em></strong></span> <span class='ocrx_word' id='word_1_113' title='bbox 1699 1483 1964 1553; x_wconf 75' lang='grc' dir='ltr'><strong><em>ἀνωθεν</em></strong></span> <span class='ocrx_word' id='word_1_114' title='bbox 1996 1486 2267 1571; x_wconf 72' lang='grc' dir='ltr'><strong><em>εἴρηται,</em></strong></span> <span class='ocrx_word' id='word_1_115' title='bbox 2313 1487 2479 1571; x_wconf 78' lang='grc' dir='ltr'><strong><em>μηδὲ</em></strong></span> <span class='ocrx_word' id='word_1_116' title='bbox 2510 1482 2735 1568; x_wconf 80' lang='grc' dir='ltr'><strong><em>ἀδεῶς</em></strong></span> 
     </span>
     <span class='ocr_line' id='line_1_14' title="bbox 379 1582 2728 1674; baseline 0 -20"><span class='ocrx_word' id='word_1_117' title='bbox 379 1590 490 1654; x_wconf 81' lang='grc' dir='ltr'><strong><em>καὶ</em></strong></span> <span class='ocrx_word' id='word_1_118' title='bbox 535 1583 1006 1665; x_wconf 76' lang='grc' dir='ltr'><strong><em>ἀνυποστόλως</em></strong></span> <span class='ocrx_word' id='word_1_119' title='bbox 1048 1589 1158 1656; x_wconf 85' lang='grc' dir='ltr'><strong><em>καὶ</em></strong></span> <span class='ocrx_word' id='word_1_120' title='bbox 1202 1582 1519 1665; x_wconf 88' lang='grc' dir='ltr'><strong><em>ἀναιτίως</em></strong></span> <span class='ocrx_word' id='word_1_121' title='bbox 1559 1597 1704 1665; x_wconf 78' lang='grc' dir='ltr'><strong><em>τοῖς</em></strong></span> <span class='ocrx_word' id='word_1_122' title='bbox 1754 1585 2160 1674; x_wconf 82' lang='grc' dir='ltr'><strong><em>ἐρωτήσασιν</em></strong></span> <span class='ocrx_word' id='word_1_123' title='bbox 2206 1587 2728 1671; x_wconf 79' lang='grc' dir='ltr'><strong><em>ἐπιτρέπεσθαι,</em></strong></span> 
     </span>
     <span class='ocr_line' id='line_1_15' title="bbox 383 1683 2732 1777; baseline 0 -22"><span class='ocrx_word' id='word_1_124' title='bbox 383 1685 552 1755; x_wconf 85' lang='grc' dir='ltr'><strong><em>ἀλλὰ</em></strong></span> <span class='ocrx_word' id='word_1_125' title='bbox 605 1688 773 1773; x_wconf 85' lang='grc' dir='ltr'><strong><em>μετὰ</em></strong></span> <span class='ocrx_word' id='word_1_126' title='bbox 837 1688 1131 1774; x_wconf 77' lang='grc' dir='ltr'><strong><em>ἐντολῆς,</em></strong></span> <span class='ocrx_word' id='word_1_127' title='bbox 1200 1687 1451 1771; x_wconf 83' lang='grc' dir='ltr'><strong><em>μᾶλλον</em></strong></span> <span class='ocrx_word' id='word_1_128' title='bbox 1511 1689 1583 1755; x_wconf 78' lang='grc' dir='ltr'><strong><em>δὲ</em></strong></span> <span class='ocrx_word' id='word_1_129' title='bbox 1639 1691 1746 1755; x_wconf 83' lang='grc' dir='ltr'><strong><em>καὶ</em></strong></span> <span class='ocrx_word' id='word_1_130' title='bbox 1805 1683 2169 1775; x_wconf 88' lang='grc' dir='ltr'><strong><em>ἀνάμνησιν</em></strong></span> <span class='ocrx_word' id='word_1_131' title='bbox 2222 1692 2340 1755; x_wconf 81' lang='grc' dir='ltr'><strong><em>τοῦ</em></strong></span> <span class='ocrx_word' id='word_1_132' title='bbox 2397 1690 2732 1777; x_wconf 75' lang='grc' dir='ltr'><strong><em>ῥηθέντος</em></strong></span> 
     </span>
     <span class='ocr_line' id='line_1_16' title="bbox 380 1785 2728 1878; baseline 0.001 -23"><span class='ocrx_word' id='word_1_133' title='bbox 380 1788 587 1874; x_wconf 90' lang='grc' dir='ltr'><strong><em>τόμου</em></strong></span> <span class='ocrx_word' id='word_1_134' title='bbox 633 1788 819 1874; x_wconf 85' lang='grc' dir='ltr'><strong><em>παρὰ</em></strong></span> <span class='ocrx_word' id='word_1_135' title='bbox 860 1793 976 1876; x_wconf 83' lang='grc' dir='ltr'><strong><em>τῆς</em></strong></span> <span class='ocrx_word' id='word_1_136' title='bbox 1019 1788 1358 1877; x_wconf 74' lang='grc' dir='ltr'><strong><em>ἐκκλησίας</em></strong></span> <span class='ocrx_word' id='word_1_137' title='bbox 1402 1788 1760 1876; x_wconf 81' lang='grc' dir='ltr'><strong><em>λαμβάνειν</em></strong></span> <span class='ocrx_word' id='word_1_138' title='bbox 1803 1785 2044 1869; x_wconf 72' lang='grc' dir='ltr'><strong><em>αὐτοὺς</em></strong></span> <span class='ocrx_word' id='word_1_139' title='bbox 2097 1793 2206 1856; x_wconf 85' lang='grc' dir='ltr'><strong><em>καὶ</em></strong></span> <span class='ocrx_word' id='word_1_140' title='bbox 2249 1793 2381 1858; x_wconf 80' lang='grc' dir='ltr'><strong><em>τῶν</em></strong></span> <span class='ocrx_word' id='word_1_141' title='bbox 2426 1790 2494 1857; x_wconf 82' lang='grc' dir='ltr'><strong><em>ἐν</em></strong></span> <span class='ocrx_word' id='word_1_142' title='bbox 2540 1786 2728 1878; x_wconf 72' lang='grc' dir='ltr'><strong><em>αὐτῷ</em></strong></span> 
     </span>
     <span class='ocr_line' id='line_1_17' title="bbox 385 1890 2730 1977; baseline 0.002 -21"><span class='ocrx_word' id='word_1_143' title='bbox 385 1891 931 1975; x_wconf 86' lang='grc' dir='ltr'><strong><em>διαταττομένων.</em></strong></span> <span class='ocrx_word' id='word_1_144' title='bbox 1019 1895 1126 1957; x_wconf 83' lang='grc' dir='ltr'><strong><em>καὶ</em></strong></span> <span class='ocrx_word' id='word_1_145' title='bbox 1174 1890 1234 1959; x_wconf 81' lang='grc' dir='ltr'><strong><em>εἰ</em></strong></span> <span class='ocrx_word' id='word_1_146' title='bbox 1274 1892 1393 1976; x_wconf 80' lang='grc' dir='ltr'><strong><em>μὲν</em></strong></span> <span class='ocrx_word' id='word_1_147' title='bbox 1435 1890 1514 1959; x_wconf 88' lang='grc' dir='ltr'><strong><em>τὸ</em></strong></span> <span class='ocrx_word' id='word_1_148' title='bbox 1558 1895 1914 1974; x_wconf 85' lang='grc' dir='ltr'><strong><em>θέσπισμα</em></strong></span> <span class='ocrx_word' id='word_1_149' title='bbox 1956 1894 2155 1975; x_wconf 82' lang='grc' dir='ltr'><strong><em>τιμᾶν</em></strong></span> <span class='ocrx_word' id='word_1_150' title='bbox 2198 1892 2730 1977; x_wconf 81' lang='grc' dir='ltr'><strong><em>προαιρούμενοι</em></strong></span> 
     </span>
     <span class='ocr_line' id='line_1_18' title="bbox 384 1985 2723 2080; baseline 0 -21"><span class='ocrx_word' id='word_1_151' title='bbox 384 1994 492 2059; x_wconf 80' lang='grc' dir='ltr'><strong><em>καὶ</em></strong></span> <span class='ocrx_word' id='word_1_152' title='bbox 536 1992 621 2059; x_wconf 88' lang='grc' dir='ltr'><strong><em>τὰ</em></strong></span> <span class='ocrx_word' id='word_1_153' title='bbox 652 1990 719 2059; x_wconf 77' lang='grc' dir='ltr'><strong><em>ἐν</em></strong></span> <span class='ocrx_word' id='word_1_154' title='bbox 751 1985 928 2079; x_wconf 77' lang='grc' dir='ltr'><strong><em>αὖτῷ</em></strong></span> <span class='ocrx_word' id='word_1_155' title='bbox 959 1991 1386 2079; x_wconf 84' lang='grc' dir='ltr'><strong><em>διειλημμένα</em></strong></span> <span class='ocrx_word' id='word_1_156' title='bbox 1417 1991 1772 2080; x_wconf 84' lang='grc' dir='ltr'><strong><em>φυλάττειν</em></strong></span> <span class='ocrx_word' id='word_1_157' title='bbox 1803 1985 2320 2078; x_wconf 86' lang='grc' dir='ltr'><strong><em>ἀπαρασάλευτα</em></strong></span> <span class='ocrx_word' id='word_1_158' title='bbox 2346 1993 2723 2079; x_wconf 82' lang='grc' dir='ltr'><strong><em>βούλοιντο,</em></strong></span> 
     </span>
     <span class='ocr_line' id='line_1_19' title="bbox 382 2088 2727 2178; baseline 0.001 -19"><span class='ocrx_word' id='word_1_159' title='bbox 382 2091 759 2160; x_wconf 86' lang='grc' dir='ltr'><strong><em>ἐπαινετέοι</em></strong></span> <span class='ocrx_word' id='word_1_160' title='bbox 799 2092 1070 2175; x_wconf 88' lang='grc' dir='ltr'><strong><em>πάντως</em></strong></span> <span class='ocrx_word' id='word_1_161' title='bbox 1113 2090 1312 2161; x_wconf 73' lang='grc' dir='ltr'><strong><em>εἰσίν·</em></strong></span> <span class='ocrx_word' id='word_1_162' title='bbox 1359 2093 1418 2160; x_wconf 76' lang='grc' dir='ltr'><strong><em>εἰ</em></strong></span> <span class='ocrx_word' id='word_1_163' title='bbox 1463 2093 1536 2160; x_wconf 82' lang='grc' dir='ltr'><strong><em>δὲ</em></strong></span> <span class='ocrx_word' id='word_1_164' title='bbox 1563 2093 1642 2159; x_wconf 86' lang='grc' dir='ltr'><strong><em>τὸ</em></strong></span> <span class='ocrx_word' id='word_1_165' title='bbox 1673 2088 1828 2178; x_wconf 72' lang='grc' dir='ltr'><strong><em>παρ’</em></strong></span> <span class='ocrx_word' id='word_1_166' title='bbox 1865 2088 2067 2160; x_wconf 81' lang='grc' dir='ltr'><strong><em>αὗτοῦ</em></strong></span> <span class='ocrx_word' id='word_1_167' title='bbox 2099 2095 2540 2178; x_wconf 83' lang='grc' dir='ltr'><strong><em>κεκωλυμένον</em></strong></span> <span class='ocrx_word' id='word_1_168' title='bbox 2574 2095 2727 2161; x_wconf 84' lang='grc' dir='ltr'><strong><em>δια-</em></strong></span> 
     </span>
     <span class='ocr_line' id='line_1_20' title="bbox 380 2193 2722 2282; baseline 0 -20"><span class='ocrx_word' id='word_1_169' title='bbox 380 2194 807 2280; x_wconf 87' lang='grc' dir='ltr'><strong><em>πράττεσθαι</em></strong></span> <span class='ocrx_word' id='word_1_170' title='bbox 870 2205 1303 2281; x_wconf 83' lang='grc' dir='ltr'><strong><em>προαιροῒντο</em></strong></span> <span class='ocrx_word' id='word_1_171' title='bbox 1317 2245 1334 2274; x_wconf 92' lang='grc'><strong><em>,</em></strong></span> <span class='ocrx_word' id='word_1_172' title='bbox 1402 2193 1978 2282; x_wconf 82' lang='grc' dir='ltr'><strong><em>ἐκχωρηθήσονται</em></strong></span> <span class='ocrx_word' id='word_1_173' title='bbox 2037 2197 2159 2282; x_wconf 78' lang='grc' dir='ltr'><strong><em>μὲν</em></strong></span> <span class='ocrx_word' id='word_1_174' title='bbox 2214 2197 2410 2262; x_wconf 81' lang='grc' dir='ltr'><strong><em>τοῦτο</em></strong></span> <span class='ocrx_word' id='word_1_175' title='bbox 2469 2206 2722 2278; x_wconf 81' lang='grc' dir='ltr'><strong><em>ποιεῖν,</em></strong></span> 
     </span>
     <span class='ocr_line' id='line_1_21' title="bbox 380 2292 2478 2385; baseline 0.001 -24"><span class='ocrx_word' id='word_1_176' title='bbox 380 2294 554 2382; x_wconf 87' lang='grc' dir='ltr'><strong><em>πλὴν</em></strong></span> <span class='ocrx_word' id='word_1_177' title='bbox 601 2292 781 2382; x_wconf 79' lang='grc' dir='ltr'><strong><em>ὅμως</em></strong></span> <span class='ocrx_word' id='word_1_178' title='bbox 821 2306 966 2374; x_wconf 81' lang='grc' dir='ltr'><strong><em>τοῖς</em></strong></span> <span class='ocrx_word' id='word_1_179' title='bbox 1009 2294 1457 2381; x_wconf 83' lang='grc' dir='ltr'><strong><em>προσήκουσιν</em></strong></span> <span class='ocrx_word' id='word_1_180' title='bbox 1502 2296 1869 2381; x_wconf 74' lang='grc' dir='ltr'><strong><em>ἐπιτιμίοις</em></strong></span> <span class='ocrx_word' id='word_1_181' title='bbox 1911 2295 2478 2385; x_wconf 83' lang='grc' dir='ltr'><strong><em>καθυπαγόμενοι.</em></strong></span> 
     </span>
    </p>
   </div>
   <div class='ocr_carea' id='block_1_3' title="bbox 1246 2513 1495 2522">
    <p class='ocr_par' dir='ltr' id='par_1_3' title="bbox 1246 2513 1495 2522">
     <span class='ocr_line' id='line_1_22' title="bbox 1246 2513 1495 2522; baseline 0.008 -3"><span class='ocrx_word' id='word_1_182' title='bbox 1246 2513 1308 2520; x_wconf 80' lang='lat'><strong><em>——-</em></strong></span> <span class='ocrx_word' id='word_1_183' title='bbox 1323 2513 1495 2522; x_wconf 53' lang='grc'><strong><em>---..-..”</em></strong></span> 
     </span>
    </p>
   </div>
   <div class='ocr_carea' id='block_1_4' title="bbox 1303 2702 1793 2766">
    <p class='ocr_par' dir='ltr' id='par_1_4' title="bbox 1303 2702 1793 2766">
     <span class='ocr_line' id='line_1_23' title="bbox 1303 2702 1793 2766; baseline 0.004 -2"><span class='ocrx_word' id='word_1_184' title='bbox 1303 2702 1475 2765; x_wconf 83' lang='lat' dir='ltr'><strong>NOV.</strong></span> <span class='ocrx_word' id='word_1_185' title='bbox 1521 2703 1793 2766; x_wconf 82' lang='lat' dir='ltr'><strong>Lxxvn.</strong></span> 
     </span>
    </p>
   </div>
   <div class='ocr_carea' id='block_1_5' title="bbox 737 2820 2362 3003">
    <p class='ocr_par' dir='ltr' id='par_1_5' title="bbox 737 2820 2362 3003">
     <span class='ocr_line' id='line_1_24' title="bbox 1056 2820 2022 2901; baseline 0.003 -20"><span class='ocrx_word' id='word_1_186' title='bbox 1056 2820 1201 2901; x_wconf 84' lang='lat' dir='ltr'><strong>Imp.</strong></span> <span class='ocrx_word' id='word_1_187' title='bbox 1246 2820 1617 2885; x_wconf 79' lang='lat' dir='ltr'>Manuelis</span> <span class='ocrx_word' id='word_1_188' title='bbox 1664 2822 2022 2885; x_wconf 85' lang='lat' dir='ltr'>Comneni</span> 
     </span>
     <span class='ocr_line' id='line_1_25' title="bbox 737 2921 2362 3003; baseline 0.001 -20"><span class='ocrx_word' id='word_1_189' title='bbox 737 2921 812 2983; x_wconf 80' lang='lat' dir='ltr'><strong><em>do</em></strong></span> <span class='ocrx_word' id='word_1_190' title='bbox 853 2922 1331 3003; x_wconf 82' lang='lat' dir='ltr'>possessionibus</span> <span class='ocrx_word' id='word_1_191' title='bbox 1375 2924 1867 2988; x_wconf 80' lang='lat' dir='ltr'>monasteriorum</span> <span class='ocrx_word' id='word_1_192' title='bbox 1888 2924 1926 2987; x_wconf 89' lang='lat'><strong><em>¹.</em></strong></span> <span class='ocrx_word' id='word_1_193' title='bbox 2013 2924 2102 3000; x_wconf 80' lang='grc' dir='ltr'><strong><em>(Α.</em></strong></span> <span class='ocrx_word' id='word_1_194' title='bbox 2153 2929 2174 2988; x_wconf 89' lang='grc'>1</span> <span class='ocrx_word' id='word_1_195' title='bbox 2194 2929 2223 2988; x_wconf 91' lang='grc'>1</span> <span class='ocrx_word' id='word_1_196' title='bbox 2234 2927 2362 3003; x_wconf 85' lang='grc'><strong>76.)</strong></span> 
     </span>
    </p>
   </div>
   <div class='ocr_carea' id='block_1_6' title="bbox 362 3083 2719 3661">
    <p class='ocr_par' dir='ltr' id='par_1_6' title="bbox 362 3083 2718 3187">
     <span class='ocr_line' id='line_1_26' title="bbox 362 3083 2718 3187; baseline 0.003 -25"><span class='ocrx_word' id='word_1_197' title='bbox 362 3083 736 3185; x_wconf 76' lang='grc' dir='ltr'><strong><em>Ἀπελύθη</em></strong></span> <span class='ocrx_word' id='word_1_198' title='bbox 787 3087 977 3163; x_wconf 79' lang='grc' dir='ltr'><strong><em>κατὰ</em></strong></span> <span class='ocrx_word' id='word_1_199' title='bbox 1030 3088 1165 3163; x_wconf 85' lang='grc' dir='ltr'><strong><em>τὸν</em></strong></span> <span class='ocrx_word' id='word_1_200' title='bbox 1205 3086 1496 3165; x_wconf 76' lang='grc' dir='ltr'><strong><em>ἲούνιον</em></strong></span> <span class='ocrx_word' id='word_1_201' title='bbox 1535 3099 1740 3187; x_wconf 81' lang='grc' dir='ltr'><strong><em>μῆνα</em></strong></span> <span class='ocrx_word' id='word_1_202' title='bbox 1777 3098 1907 3186; x_wconf 83' lang='grc' dir='ltr'><strong><em>τῆς</em></strong></span> <span class='ocrx_word' id='word_1_203' title='bbox 1948 3092 2030 3162; x_wconf 80' lang='grc' dir='ltr'><strong><em>θ’</em></strong></span> <span class='ocrx_word' id='word_1_204' title='bbox 2078 3090 2227 3165; x_wconf 63' lang='lat' dir='ltr'><strong><em>lvd.</em></strong></span> <span class='ocrx_word' id='word_1_205' title='bbox 2279 3099 2418 3167; x_wconf 82' lang='grc' dir='ltr'><strong><em>τοῦ</em></strong></span> <span class='ocrx_word' id='word_1_206' title='bbox 2466 3092 2718 3187; x_wconf 71' lang='grc' dir='ltr'><strong><em>,ςχπδ’</em></strong></span> 
     </span>
    </p>

    <p class='ocr_par' dir='ltr' id='par_1_7' title="bbox 376 3201 2719 3309">
     <span class='ocr_line' id='line_1_27' title="bbox 376 3201 2719 3309; baseline 0.003 -30"><span class='ocrx_word' id='word_1_207' title='bbox 376 3206 587 3290; x_wconf 75' lang='grc' dir='ltr'><strong><em>ἔτους</em></strong></span> <span class='ocrx_word' id='word_1_208' title='bbox 619 3201 1066 3309; x_wconf 81' lang='grc' dir='ltr'><strong><em>πρόσταγμα</em></strong></span> <span class='ocrx_word' id='word_1_209' title='bbox 1113 3207 1535 3305; x_wconf 81' lang='grc' dir='ltr'><strong><em>βασιλικὸν,</em></strong></span> <span class='ocrx_word' id='word_1_210' title='bbox 1590 3208 2010 3304; x_wconf 78' lang='grc' dir='ltr'><strong><em>ἇνατρέπον</em></strong></span> <span class='ocrx_word' id='word_1_211' title='bbox 2045 3207 2315 3306; x_wconf 82' lang='grc' dir='ltr'><strong><em>σχεδὸν</em></strong></span> <span class='ocrx_word' id='word_1_212' title='bbox 2347 3208 2433 3284; x_wconf 85' lang='grc' dir='ltr'><strong><em>τὸ</em></strong></span> <span class='ocrx_word' id='word_1_213' title='bbox 2466 3220 2719 3287; x_wconf 84' lang='grc' dir='ltr'><strong><em>τοιοῦ-</em></strong></span> 
     </span>
    </p>

    <p class='ocr_par' dir='ltr' id='par_1_8' title="bbox 374 3323 2716 3427">
     <span class='ocr_line' id='line_1_28' title="bbox 374 3323 2716 3427; baseline 0.003 -30"><span class='ocrx_word' id='word_1_214' title='bbox 374 3353 510 3399; x_wconf 85' lang='grc' dir='ltr'><strong><em>τον</em></strong></span> <span class='ocrx_word' id='word_1_215' title='bbox 562 3323 1095 3421; x_wconf 77' lang='grc' dir='ltr'><strong><em>εὐσεβέστατον</em></strong></span> <span class='ocrx_word' id='word_1_216' title='bbox 1163 3324 1288 3399; x_wconf 82' lang='grc' dir='ltr'><strong><em>καὶ</em></strong></span> <span class='ocrx_word' id='word_1_217' title='bbox 1353 3326 2017 3427; x_wconf 79' lang='grc' dir='ltr'><strong><em>εὖεργετικιότατον</em></strong></span> <span class='ocrx_word' id='word_1_218' title='bbox 2064 3327 2633 3426; x_wconf 80' lang='grc' dir='ltr'><strong><em>χρυσόβουλλον</em></strong></span> <span class='ocrx_word' id='word_1_219' title='bbox 2658 3338 2716 3420; x_wconf 81' lang='lat'><strong><em>²,</em></strong></span> 
     </span>
    </p>

    <p class='ocr_par' dir='ltr' id='par_1_9' title="bbox 375 3439 2717 3661">
     <span class='ocr_line' id='line_1_29' title="bbox 375 3439 2717 3543; baseline 0.004 -30"><span class='ocrx_word' id='word_1_220' title='bbox 375 3441 503 3514; x_wconf 81' lang='grc' dir='ltr'><strong><em>καὶ</em></strong></span> <span class='ocrx_word' id='word_1_221' title='bbox 555 3439 683 3514; x_wconf 79' lang='grc' dir='ltr'><strong><em>διὰ</em></strong></span> <span class='ocrx_word' id='word_1_222' title='bbox 733 3451 956 3518; x_wconf 86' lang='grc' dir='ltr'><strong><em>τοῦτο</em></strong></span> <span class='ocrx_word' id='word_1_223' title='bbox 1008 3439 1255 3517; x_wconf 82' lang='grc' dir='ltr'><strong><em>πάντα</em></strong></span> <span class='ocrx_word' id='word_1_224' title='bbox 1294 3442 1389 3517; x_wconf 82' lang='grc' dir='ltr'><strong><em>τὰ</em></strong></span> <span class='ocrx_word' id='word_1_225' title='bbox 1429 3443 1991 3540; x_wconf 80' lang='grc' dir='ltr'><strong><em>μοναστηριακὰ</em></strong></span> <span class='ocrx_word' id='word_1_226' title='bbox 2027 3445 2338 3543; x_wconf 81' lang='grc' dir='ltr'><strong><em>ἀκίνητα</em></strong></span> <span class='ocrx_word' id='word_1_227' title='bbox 2378 3445 2525 3521; x_wconf 80' lang='grc' dir='ltr'><strong><em>ὑπὸ</em></strong></span> <span class='ocrx_word' id='word_1_228' title='bbox 2558 3458 2717 3523; x_wconf 77' lang='grc' dir='ltr'><strong><em>τῶν</em></strong></span> 
     </span>
     <span class='ocr_line' id='line_1_30' title="bbox 1054 3559 2048 3661; baseline 0.005 -28"><span class='ocrx_word' id='word_1_229' title='bbox 1054 3560 1560 3661; x_wconf 82' lang='grc' dir='ltr'><strong><em>ἀναγραφέων</em></strong></span> <span class='ocrx_word' id='word_1_230' title='bbox 1606 3559 2048 3660; x_wconf 82' lang='grc' dir='ltr'><strong><em>ἡρπάζοντο.</em></strong></span> 
     </span>
    </p>
   </div>
   <div class='ocr_carea' id='block_1_7' title="bbox 375 3825 2717 4066">
    <p class='ocr_par' dir='ltr' id='par_1_10' title="bbox 375 3825 2717 4066">
     <span class='ocr_line' id='line_1_31' title="bbox 513 3825 764 3884; baseline -0.012 0"><span class='ocrx_word' id='word_1_231' title='bbox 513 3830 533 3859; x_wconf 85' lang='lat'><em>²</em></span> <span class='ocrx_word' id='word_1_232' title='bbox 565 3833 639 3884; x_wconf 82' lang='grc' dir='ltr'><strong><em>ΔΙ.</em></strong></span> <span class='ocrx_word' id='word_1_233' title='bbox 676 3825 719 3880; x_wconf 75' lang='grc' dir='ltr'><strong><em>ὦ</em></strong></span> <span class='ocrx_word' id='word_1_234' title='bbox 752 3867 764 3881; x_wconf 91' lang='grc'><strong>.</strong></span> 
     </span>
     <span class='ocr_line' id='line_1_32' title="bbox 511 3848 2717 3987; baseline 0.004 -19"><span class='ocrx_word' id='word_1_235' title='bbox 511 3916 525 3944; x_wconf 87' lang='lat'><strong>¹</strong></span> <span class='ocrx_word' id='word_1_236' title='bbox 565 3848 803 3968; x_wconf 50' lang='lat' dir='ltr'><strong>Laudat-ur</strong></span> <span class='ocrx_word' id='word_1_237' title='bbox 837 3931 863 3967; x_wconf 74' lang='lat' dir='ltr'>n</span> <span class='ocrx_word' id='word_1_238' title='bbox 900 3916 1022 3967; x_wconf 75' lang='lat' dir='ltr'>Bals.</span> <span class='ocrx_word' id='word_1_239' title='bbox 1057 3917 1118 3968; x_wconf 75' lang='lat' dir='ltr'><strong><em>ad</em></strong></span> <span class='ocrx_word' id='word_1_240' title='bbox 1152 3933 1195 3968; x_wconf 85' lang='lat' dir='ltr'><strong><em>c.</em></strong></span> <span class='ocrx_word' id='word_1_241' title='bbox 1235 3918 1299 3969; x_wconf 81' lang='lat'><strong><em>12</em></strong></span> <span class='ocrx_word' id='word_1_242' title='bbox 1333 3933 1437 3984; x_wconf 74' lang='lat' dir='ltr'>syn.</span> <span class='ocrx_word' id='word_1_243' title='bbox 1474 3920 1577 3970; x_wconf 86' lang='lat' dir='ltr'>Nic.</span> <span class='ocrx_word' id='word_1_244' title='bbox 1614 3920 1655 3971; x_wconf 89' lang='lat'><strong><em>11</em></strong></span> <span class='ocrx_word' id='word_1_245' title='bbox 1691 3921 1767 3971; x_wconf 86' lang='lat' dir='ltr'><strong><em>ed.</em></strong></span> <span class='ocrx_word' id='word_1_246' title='bbox 1808 3919 1958 3971; x_wconf 69' lang='lat' dir='ltr'>abnui</span> <span class='ocrx_word' id='word_1_247' title='bbox 1995 3922 2036 3972; x_wconf 87' lang='lat' dir='ltr'>n</span> <span class='ocrx_word' id='word_1_248' title='bbox 2072 3921 2253 3986; x_wconf 77' lang='lat' dir='ltr'><strong>p.603.</strong></span> <span class='ocrx_word' id='word_1_249' title='bbox 2425 3919 2445 3949; x_wconf 83' lang='lat'>²</span> <span class='ocrx_word' id='word_1_250' title='bbox 2480 3924 2717 3987; x_wconf 66' lang='lat' dir='ltr'><strong><em>Spectant</em></strong></span> 
     </span>
     <span class='ocr_line' id='line_1_33' title="bbox 375 4002 1078 4066; baseline -0.004 -10"><span class='ocrx_word' id='word_1_251' title='bbox 375 4004 494 4056; x_wconf 70' lang='lat' dir='ltr'><strong><em>haec</em></strong></span> <span class='ocrx_word' id='word_1_252' title='bbox 531 4003 592 4054; x_wconf 74' lang='lat' dir='ltr'><strong><em>nd</em></strong></span> <span class='ocrx_word' id='word_1_253' title='bbox 627 4003 741 4052; x_wconf 80' lang='lat' dir='ltr'>Nov.</span> <span class='ocrx_word' id='word_1_254' title='bbox 780 4002 880 4053; x_wconf 81' lang='lat' dir='ltr'><strong><em>Lm</em></strong></span> <span class='ocrx_word' id='word_1_255' title='bbox 916 4016 1078 4066; x_wconf 72' lang='lat' dir='ltr'>supro.</span> 
     </span>
    </p>
   </div>
   <div class='ocr_carea' id='block_1_8' title="bbox 1233 4197 1846 4208">
    <p class='ocr_par' dir='ltr' id='par_1_11' title="bbox 1233 4197 1846 4208">
     <span class='ocr_line' id='line_1_34' title="bbox 1233 4197 1846 4208; baseline 0.005 -3"><span class='ocrx_word' id='word_1_256' title='bbox 1233 4197 1846 4208; x_wconf 48' lang='lat' dir='ltr'><strong><em>mm*—</em></strong></span> 
     </span>
    </p>
   </div>
  </div>
 </body>
</html>
