2900 4950
319 259 434 320 134
1094 272 1210 321 eon.
1253 274 1306 321 ιι.
1379 273 1492 320 κον.
1536 271 1668 320 xm.
1707 271 1863 320 mn.

315 418 545 499 ἁπλῶς
603 421 736 488 (ἵνα
788 419 876 508 μὴ
936 421 1100 506 λέγω
1144 423 1378 497 κακῶς)
1425 420 1685 502 ἔχοντος
1730 417 2037 501 σύγχυσις
2081 416 2211 499 ἔχει
2254 420 2360 481 καὶ
2409 411 2667 499 ἀπορία

315 522 399 589 τὰ
441 526 594 605 περὶ
642 522 982 603 διαθηκῶν
1027 521 1400 605 πράγματα.
1466 514 1567 598 οἷς
1608 520 1726 602 μὲν
1771 516 1894 605 γὰρ
1942 518 2121 584 δοκεῖ
2157 518 2501 596 παντελῶς
2532 514 2667 583 ὥσ-

317 649 443 709 περ
488 621 570 688 τὰ
614 621 789 687 νόθα
834 625 965 689 τῶν
1012 622 1408 705 σπερμάτων
1454 621 1784 704 ἐκρίπτειν
1830 617 1944 704 τὴν
1992 617 2340 705 διαθήκην,
2392 621 2496 683 καὶ
2547 616 2665 684 ἅλ-

317 727 459 802 λοις
500 725 619 806 μὲν
666 722 734 789 ἐκ
777 726 891 809 τῆς
936 730 1325 807 περιουσίας
1356 722 1741 806 ἐπιτρέπειν
1773 717 2211 808 ὠφελεῖσθαι,
2256 723 2350 806 τῷ
2383 720 2665 785 θανόντι

322 827 394 892 δὲ
438 820 590 890 οὐδὲ
633 825 709 888 τὸ
753 824 1157 908 βραχύτατον
1204 818 1531 909 ὠφελείας
1575 822 1643 889 ἐκ
1672 826 1805 889 τῶν
1836 822 2092 888 οἰκείων
2121 832 2417 904 μετεῖναι
2447 822 2665 905 (εἴπερ

320 931 421 1005 τὶς
465 929 789 991 θανοῦσιν
836 919 1127 1010 ὠφέλεια
1168 933 1448 1009 γίνεται·
1493 936 1743 1011 γίνεται
1787 925 1859 990 δὲ
1904 917 2293 1002 ἀναζώντων
2339 922 2529 989 ἐνίων
2561 917 2669 989 εῦ-

324 1033 618 1112 εργεσίας
664 1026 823 1112 ἐλέῳ
869 1026 936 1091 ἐκ
979 1031 1094 1114 τῆς
1139 1026 1384 1093 ἐκείνου
1430 1020 1913 1110 ἀποβιώσεως).
2004 1018 2172 1090 ἀλλὰ
2213 1022 2367 1110 γὰρ,
2437 1020 2667 1108 ὥσπερ

325 1123 547 1210 εἶπον,
610 1128 672 1193 οἱ
728 1129 848 1208 μὲν
906 1124 1116 1206 οὕτως
1160 1123 1424 1207 ἀξιοῦσι
1467 1128 1810 1205 παντελῶς
1857 1126 2094 1210 εἴργειν
2139 1124 2252 1191 τὸν
2298 1122 2668 1209 ἄνθρωπον

323 1233 440 1317 τῆς
481 1225 612 1295 τῶν
659 1229 915 1296 οἰκείων
963 1224 1304 1316 ὠφελείας,
1355 1231 1418 1295 οἱ
1466 1231 1539 1296 δὲ
1585 1227 2226 1316 φιλανθρωπότερον
2268 1229 2671 1311 διακείμενοι

325 1337 597 1414 νέμουσι
640 1335 718 1417 τῇ
763 1329 850 1417 μὴ
898 1331 1186 1418 λαβούσῃ
1236 1331 1523 1419 διαθήκῃ
1570 1330 1647 1395 τὸ
1678 1331 1924 1396 τέλειον
1957 1327 2069 1394 διὰ
2096 1331 2228 1394 τῶν
2261 1330 2665 1415 σφραγίδων,

328 1433 386 1501 εἰ
436 1436 547 1500 καὶ
600 1433 688 1518 μὴ
746 1433 1102 1518 ἔγγραφον,
1177 1429 1312 1498 ἀλλ’
1377 1428 1623 1497 ὁποίαν
1682 1425 1857 1518 ἂνή
1916 1426 2232 1516 ἀγράφως
2300 1437 2664 1518 κυρουμένη

328 1534 614 1621 διαθήκη
683 1533 1009 1616 λαμβάνοι
1069 1539 1446 1617 βεβαίωσιν.
1539 1529 1748 1610 οὕτως
1815 1522 1930 1597 οῦν
1992 1532 2108 1619 τὴν
2175 1528 2671 1619 ἀμφισβήτησιν

328 1634 567 1719 ταύτην
614 1634 784 1716 πρὸς
823 1633 1074 1720 βλάβην
1119 1624 1321 1699 οὖσαν
1367 1630 1647 1718 ὁρῶντες
1690 1644 1833 1711 τοῖς
1878 1633 2241 1718 πράγμασι,
2288 1636 2403 1719 τῆς
2434 1635 2673 1721 φιλαν-

326 1743 770 1821 θρωποτέρας
812 1740 943 1801 τῶν
990 1738 1315 1801 δικαστῶν
1358 1737 1627 1819 μερίδος
1670 1736 2015 1819 γινόμεθα,
2062 1739 2169 1802 καὶ
2215 1739 2331 1800 τοῦ
2378 1737 2673 1801 παλαιοῦ

330 1838 534 1921 νόμου
579 1837 656 1901 τὸ
701 1833 1028 1919 ἀχλυῶδες
1070 1839 1178 1903 καὶ
1223 1832 1595 1923 ἀμφίδοξον
1641 1838 1734 1915 είς
1778 1832 1996 1922 ἁπλὴν
2040 1838 2146 1902 καὶ
2192 1836 2430 1924 τρανὴν
2473 1861 2675 1920 μετα-

330 1939 658 2024 βάλλομεν
705 1940 974 2025 εἴδησιν.

509 2045 910 2127 ’[ὀιγαροῦνυ
966 2042 1408 2124 θεσπίζομεν,
1468 2040 1586 2125 τὴν
1641 2041 1808 2106 κατὰ
1850 2040 1935 2106 τὰ
1982 2034 2337 2127 ὀφείλοντα
2380 2050 2528 2116 ταῖς
2571 2039 2677 2124 ἐγ·

330 2143 614 2230 γράφοις
658 2142 1015 2230 διαθήκαις
1059 2145 1597 2227 παρακολουθεῖν
1643 2137 1837 2230 ἀτελῆ
1886 2142 2229 2229 διαθήκην,
2277 2141 2336 2208 εἰ
2367 2141 2480 2207 διὰ
2505 2165 2668 2225 μαρ-

331 2251 558 2328 τυρίας
616 2240 916 2330 ἀγράφου
977 2251 1269 2323 πίστεως
1323 2240 1438 2310 οὐκ
1485 2242 1758 2329 ἀπορεῖ,
1815 2250 2092 2330 βεβαίαν
2137 2238 2305 2310 εἶναι
2350 2242 2518 2309 κατὰ
2560 2242 2679 2328 τὴν

332 2348 465 2410 τῶν
510 2340 826 2431 ἀγράφων
872 2347 1211 2432 διαθηκῶν
1258 2345 1572 2430 κύρωσιν·
1621 2346 1680 2413 εἰ
1724 2342 1787 2411 δ’
1838 2341 2084 2431 ἀπορεῖ
2124 2348 2244 2432 τῆς
2288 2344 2402 2411 διὰ
2428 2342 2679 2429 μαρτύ-

334 2474 466 2532 ρων
523 2453 831 2526 πίστεως,
890 2446 1040 2514 τότε
1097 2443 1186 2528 ὥς
1238 2449 1439 2534 μηδὲν
1497 2449 1771 2531 ἔχουσαν
1817 2442 2139 2531 ἀληθείας
2184 2448 2478 2533 ἐχέγγυον
2524 2442 2679 2514 ἀκυ-

334 2552 648 2633 ροῦσθαι.
737 2556 838 2626 τίς
891 2549 1014 2635 γὰρ
1060 2545 1459 2629 ἀκολουθία,
1516 2552 1768 2634 μᾶλλον
1814 2552 1886 2616 ’δὲ
1929 2553 2078 2627 πῶς
2121 2545 2199 2615 οὗ
2244 2549 2679 2617 παντάπασιν

336 2649 574 2736 ἄλογον
617 2653 722 2716 καὶ
771 2646 1066 2735 ἀνόητον,
1117 2654 1227 2718 νῦν
1270 2654 1389 2734 μὲν
1434 2652 1588 2731 τοὺς
1614 2649 1950 2737 μάρτυρας
1979 2650 2287 2737 τοιαύτης
2317 2647 2682 2731 ἀξιοῦσθαι

336 2750 689 2837 ἀποδοχῆς,
738 2748 827 2831 ὥς
868 2756 974 2818 καὶ
1020 2755 1105 2819 τὰ
1144 2749 1304 2840 μηδ’
1356 2750 1528 2832 ὅλως
1570 2757 1792 2842 γραφῇ
1840 2756 2129 2820 δοθέντα
2160 2758 2415 2840 κυροῦν,
2464 2757 2575 2820 νῦν
2607 2749 2674 2820 δ’

337 2849 575 2933 αὐτοὺς
631 2854 816 2939 παρὰ
871 2857 1125 2941 φαῦλον
1181 2861 1540 2935 τίθεσθαι,
1602 2851 1693 2933 ὥς
1746 2854 1833 2942 μὴ
1895 2851 2092 2934 ὄντας
2135 2850 2360 2934 ἀξίους
2404 2856 2488 2922 τὰ
2532 2854 2681 2922 dc&

336 2959 593 3043 γραφῆς
659 2955 1023 3042 δηλούμενα
1086 2960 1434 3042 βεβαιοῦν,·
1508 2962 1784 3024 καίτοιιο
1846 2956 2097 3043 τρόπον
2162 2956 2312 3024 τινὰ
2385 2957 2680 3024 ἐνταῦθα

339 3058 720 3143 ἰσχυροτέρα
776 3066 1025 3144 γίνεται
1077 3055 1116 3145 ἡ
1174 3063 1420 3137 πίστις.
1514 3064 1660 3137 πῶς
1705 3060 1777 3125 δὲ
1823 3056 1960 3142 οὐχὶ
2005 3058 2171 3143 μετὰ
2215 3064 2331 3125 τοῦ
2380 3058 2678 3143 παραλό-

336 3163 508 3246 γου’“
566 3163 671 3225 καὶ
733 3157 967 3247 ἀναιδῆ
1023 3163 1139 3225 τοῦ
1199 3161 1457 3227 δικαίου
1505 3163 1873 3246 προδοσίαν
1920 3161 2084 3243 ἕχει,-
2139 3168 2207 3227 τί
2249 3161 2400 3246 γὰρ,
2464 3161 2524 3226 εἰ
2565 3164 2682 3248 τῆς

340 3260 697 3341 διατάξεως
750 3258 947 3347 ἀρχην
1005 3262 1125 3345 μὲν
1183 3262 1509 3348 λαβούσης
1550 3267 1769 3381 γραφῇ
1816 3264 2139 3329 δίδοσθαι
2180 3267 2286 3330 καὶ
2330 3261 2415 3328 τὰ
2460 3263 2680 3329 διατε-

336 3369 623 3449 ταγμένα
667 3358 897 3440 ἀκοαῖς
943 3362 1351 3449 ένηχήθησαν
1397 3366 1462 3429 οἱ
1505 3364 1767 3443 τούτοις
1810 3364 1925 3451 τὴν
1963 3358 2390 3444 ἀξιοπιστίαν
2418 3362 2684 3447 χαριζό-

337 3488 526 3547 μενοι
567 3464 909 3549 μάρτυρες,
960 3459 1101 3530 εἶτα
1147 3458 1186 3551 ἢ
1229 3464 1342 3532 τὸν
1387 3471 1644 3551 γραφέα
1690 3465 1883 3545 νόσος
1925 3460 2301 3548 κατέσχεν
2258 3493 2297 3553 η
2329 3469 2439 3532 καὶ
2470 3465 2683 3532 θάνα-

339 3588 452 3643 τος
507 3562 703 3630 αὐτὸν
762 3565 1267 3685 προανήρπασε,
1327 3564 1462 3650 μετ’
1515 3563 1590 3633 οὐ
1638 3568 1810 3634 πολὺ
1859 3569 1930 3635 δὲ
1974 3571 2081 3636 καὶ
2126 3568 2240 3635 τὸν
2287 3569 2683 3652 διαθέμενον

341 3661 478 3739 (οἶα
531 3664 750 3732 πολλὰ
803 3678 948 3745 τοῖς
1004 3661 1398 3753 ἀνθρώποις
1441 3662 1831 3756 ἀπροόρατα
1876 3671 2337 3754 συμπτώματα
2383 3671 2682 3755 ἔρχεται),

342 3767 455 3835 διὰ
507 3772 703 3834 τοῦτο
762 3766 958 3835 ἄδικα
1011 3774 1361 3836 πείσονται
1414 3770 1839 3856 στερούμενοι
1897 3775 2012 3860 τῆς
2068 3772 2135 3839 ἐν
2193 3775 2272 3859 τῇ
2315 3775 2522 3859 βουλῇ
2567 3775 2684 3837 τοῦ

339 3870 667 3950 θανόντος
709 3866 1005 3958 κειμένης
1049 3866 1416 3956 εὐεργεσίας
1474 3873 1539 3957 οἱ
1583 3874 1822 3960 ταύτης
1866 3868 2230 3941 ἀπολαύειν
2276 3870 2430 3960 παρ’
2483 3869 2684 3939 αὐτοῦ

340 3967 749 4102 ἠξιωμένοι12
762 4003 783 4055 ,·
828 3976 937 4039 καὶ
980 3972 1058 4039 τὸ
1104 3972 1598 4056 σχετλιώτατον,
1649 3971 1724 4041 οὗ
1768 3982 1958 4062 μέχρι
2001 3979 2136 4042 τῶν
2167 3974 2428 4058 ζώντων
2461 3976 2689 4062 ἕστηκε

935 4094 1045 4103 —-.-

476 4140 630 4191 Ε“Ε(·,Ι.
669 4144 851 4206 incipit.
990 4142 1011 4170 ⁹
1050 4147 1454 4256 Praepositionem
1482 4149 1703 4196 uminum
1742 4149 1906 4258 Zuicinm
1937 4157 1982 4199 et
2014 4150 2205 4200 Meet-m.
2278 4151 2476 4211 Scrirng.
2513 4141 2685 4213 παρὰ.

347 4242 432 4290 pro
470 4242 565 4290 quo
604 4243 657 4275 cx
697 4227 793 4275 Eci.
832 4222 923 4274 διὰ
960 4230 1116 4290 posui.
1272 4229 1426 4281 ⁰.Ecl
1463 4244 1724 4296 καιτοιγε.
1888 4231 2021 4284 'Sic
2059 4234 2153 4284 Ecl.
2211 4236 2375 4284 Zuich.
2414 4243 2460 4284 et
2495 4234 2691 4282 Meet-m.

343 4305 484 4443 ,ἑκτὰ
517 4309 688 4359 ταῦτα
723 4307 1057 4376 παραλόγοι.
1135 4316 1331 4377 Scrimg.
1367 4330 1426 4381 μ.
1454 4316 1626 4365 ταῦτα
1661 4231 1993 4385 παράλοιγον.
2138 4316 2175 4345 ¹²
2209 4320 2375 4369 Zuich.
2413 4328 2457 4367 et
2498 4319 2690 4369 Meet-m.

384 4388 653 4462 ξιωμενοι.
