2900 4950
372 251 455 315 28
1286 266 1405 316 eun.
1444 266 1481 317 1.
1549 268 1665 317 Nm.
1700 267 1796 317 xn.

367 416 619 499 τολμᾶν
682 417 791 481 καὶ
858 414 972 481 διὰ
1032 419 1237 502 μέσης
1300 422 1502 494 θείας
1567 415 1779 495 οἰκίας
1839 414 2011 501 πρὸς
2082 415 2302 500 ἕτερον
2362 417 2615 502 δωρεὰν
2675 412 2726 484 ²³⁸

369 516 795 601 συνάλλαγμα
836 516 1185 601 πράττειν,
1245 513 1337 595 ὥς
1392 511 1582 584 οὐδὲν
1625 521 1743 605 τῆς
1800 516 2045 594 οἰκείας
2086 523 2409 602 πονηρίας
2453 515 2724 607 ὠφελη-

365 619 765 704 θησόμενον,
811 623 929 684 τοῦ
960 618 1349 704 πράγματος
1378 618 1549 684 ἔνθα
1578 613 1658 684 ἂν
1689 618 1874 701 τύχοι
1906 623 2333 698 καθεστῶτος
2364 620 2496 687 ε’ίτε
2525 620 2724 707 παρὰ

366 723 447 806 τῇ
504 725 667 807 θείᾳ
710 720 887 807 οἰκίᾳ
943 720 1077 787 εἴτε
1128 714 1282 805 παρ’
1331 719 1534 805 ἑτέρῳ
1575 723 1705 787 τινὶ
1753 714 1942 787 οὐδὲν
1990 709 2187 807 ἧττον
2233 720 2718 806 ἔκδικουμένου,

368 821 638 887 πάντων
668 848 740 889 τε
782 818 885 888 ἐπ’
920 816 1203 907 ἀκεραίῳ
1245 825 1340 907 τῷ
1384 821 1506 898 τὰς
1549 816 1834 900 εὐθύνας
1877 816 1918 909 ἢ
1947 821 2058 888 καὶ
2099 818 2450 907 ὑποθήκας
2496 824 2724 905 ἔχοντι

373 923 883 1011 φυλαττομένων
951 919 1040 1002 ὥς
1097 920 1363 1001 οὐδενὸς
1419 918 1521 989 ἐπ’
1585 918 1760 1010 αὐτῷ
1826 924 2070 1007 μεταξὺ
2132 924 2717 1009 προεληλυθότος·

365 1025 537 1109 πρὸς
592 1029 686 1112 τῷ
729 1027 837 1090 καὶ
885 1024 950 1091 εἴ
988 1050 1057 1090 τι
1097 1025 1337 1111 ταύτης
1395 1025 1580 1091 ἕνεκα
1621 1029 1738 1112 τῆς
1795 1032 2140 1110 περινοίας
2193 1029 2272 1112 τῇ
2329 1023 2489 1114 αὐτῇ
2544 1034 2720 1115 θείᾳ

365 1126 541 1214 οἰκίᾳ
602 1121 646 1212 ἢ
708 1129 804 1212 τῷ
872 1125 1110 1212 ταύτης
1174 1128 1570 1212 προνοοῦντι
1639 1133 2014 1212 θεραπείας
2080 1126 2309 1213 τρόπῳ
2380 1126 2720 1195 δεδόσθαι

365 1235 673 1315 συμβαίη,
722 1227 1026 1295 ἐκπεσεῖν
1068 1226 1305 1294 τούτου
1334 1226 1451 1294 τὸν
1482 1226 1683 1294 δόντα
1711 1227 1824 1295 καὶ
1856 1233 1973 1317 τῆς
2003 1234 2423 1315 παρανομίας
2463 1229 2716 1317 ταύτην

318 1406 323 1410 .
365 1330 425 1397 εί
468 1332 575 1396 καὶ
620 1332 736 1415 τῆς
779 1325 969 1409 ἀξίας
1015 1327 1257 1416 ἥττονα
1300 1330 1526 1414 λαβεῖν
1569 1323 1871 1417 ἀμοιβήν.

536 1429 613 1497 δ’.
697 1426 872 1495 Ἀλλ’
920 1426 1065 1497 οὐδ’
1115 1431 1405 1509 ἐνοίκους
1446 1434 1579 1496 τῶν
1623 1437 1772 1511 ταῖς
1812 1432 2186 1516 βασιλικαῖς
2221 1431 2461 1510 οἰκίαις
2489 1454 2718 1516 προσ-

362 1531 653 1619 ηκόντων
710 1532 1113 1619 οἰκημάτων,
1175 1528 1329 1600 οὐδὲ
1385 1536 1711 1618 γεωργοὺς
1767 1528 2151 1619 ἀλλοτρίους
2203 1528 2246 1620 ἢ
2290 1531 2511 1617 ἕτερόν
2552 1559 2716 1601 τινα

357 1637 491 1701 τῶν
547 1633 819 1700 πάντων
876 1633 1326 1720 ἐνεργολαβεῖν
1368 1633 1526 1714 τοὺς
1580 1637 1715 1700 τῶν
1767 1641 1977 1701 θείων
2032 1636 2229 1702 οἴκων
2273 1638 2715 1720 προεστῶτας

357 1735 471 1802 καὶ
514 1742 931 1821 προστασίαν
962 1729 1189 1814 αὐτοῖς
1218 1730 1599 1819 ἀπονέμειν,
1641 1730 1685 1822 ἢ
1715 1735 1793 1801 τὸ
1824 1736 2168 1822 λεγόμενον
2198 1741 2710 1820 πατρωνίκιον*ι

359 1831 499 1904 ἀπὸ
539 1844 799 1923 χωρίων
839 1840 1041 1904 τινῶν
1085 1837 1518 1923 ἔλευθερικῶν
1574 1831 1616 1925 ἢ
1672 1837 2113 1922 ἐξακτωρικῶν
2167 1831 2210 1924 ἢ
2260 1839 2712 1922 βουλευτικῶν

357 1933 401 2026 ἢ
445 1940 695 2027 ἑτέροις
739 1936 910 2019 ὅλως
953 1937 1422 2027 προσηκόντων
1465 1937 1853 2025 λαμβάνειν,
1911 1934 2287 2025 ἀποστῆναι
2331 1940 2403 2006 δὲ
2445 1939 2711 2009 τούτων

359 2037 694 2109 ἁπάντων.
784 2045 891 2109 καὶ
961 2044 1024 2108 εἴ
1081 2066 1258 2120 τινες
1318 2039 1442 2129 ἤδη
1502 2042 1763 2120 σανίδες
1817 2034 1860 2128 ἢ
1918 2043 2315 2126 χαρακτῆρες
2359 2043 2708 2125 βασιλικοὶ

360 2142 696 2223 τοιούτοις
768 2142 1226 2210 ἔπιτέθεινται
1293 2148 1564 2228 χωρίοις
1631 2136 1675 2229 ἢ
1746 2142 1953 2220 οἴκοις
2020 2135 2064 2229 ἢ
2131 2140 2587 2228 ἐργαστηρίοις
2660 2138 2712 2231 ἢ

354 2244 626 2325 τόποις,
684 2247 893 2311 ταῦτα
947 2247 1260 2313 καθελεῖν
1302 2240 1344 2332 ἢ
1387 2243 1498 2311 καὶ
1544 2237 1650 2331 ὑφ’
1700 2243 1936 2328 ἑτέρων
1980 2247 2527 2329 καθαιρουμένων
2569 2269 2712 2332 μη-

355 2346 582 2429 δαμῶς
625 2341 1000 2432 ἀντιλέγειν,
1050 2342 1140 2426 ὥς
1180 2340 1333 2413 καθ’
1366 2341 1685 2432 ἡμετέραν
1725 2343 1959 2411 τούτου
2003 2346 2294 2411 κε’λευσιν
2322 2350 2706 2429 γινομένου.

350 2447 472 2528 τὰς
515 2448 588 2515 δὲ
630 2443 903 2536 ἡσυχίας
947 2445 1147 2533 ἄγειν,
1194 2447 1305 2515 καὶ
1349 2450 1703 2534 συγχωρεῖν
1733 2446 1850 2527 τὰς
1890 2444 2055 2514 κατὰ
2095 2448 2227 2512 τῶν
2258 2444 2529 2514 ἐνοίκων
2558 2452 2707 2516 τῶν

349 2576 422 2618 τε
467 2548 781 2617 ὁπωσοῦν
830 2546 1225 2618 ὑπευθύνων
1257 2549 1586 2636 ἕναγωγὰς
1628 2549 1694 2616 έν
1723 2553 1864 2627 τοῖς
1893 2546 2309 2633 προσφόροις
2344 2553 2707 2619 κινεῖσθαι

351 2653 828 2741 δικαστηρίοις,
886 2653 1211 2740 μηδεμίαν
1268 2677 1341 2719 τε
1394 2651 1694 2736 πάροδον
1737 2650 1903 2733 ἔχειν
1959 2648 2127 2733 πρὸς
2167 2647 2287 2726 τὰς
2330 2642 2706 2736 ἀλλοτρίας

350 2756 536 2834 δίκας
578 2751 620 2842 ἢ
664 2753 1021 2840 πράγματα
1063 2749 1105 2839 ἢ
1149 2754 1372 2821 δίκαια
1414 2747 1456 2838 ἢ
1495 2756 1705 2837 χωρία
1757 2745 1800 2837 ἢ
1842 2750 1993 2830 τοὺς
2043 2750 2292 2816 τούτων
2334 2754 2697 2838 γεωργούς,

348 2857 516 2944 μηδὲ
560 2856 999 2942 έκχωρεῖσθαι
1040 2854 1208 2922 κατά
1249 2881 1446 2922 τινων
1491 2849 1777 2940 ἀγωγὰς,
1840 2851 2081 2931 ταύτας
2132 2876 2206 2919 τε
2261 2851 2699 2923 οἰκειοῦσθαι

347 2960 455 3025 καὶ
505 2958 797 3043 ἐγκαλεῖν
841 2957 1091 3043 ἑτέροις
1134 2954 1224 3036 ῶς
1267 2956 1344 3045 δὴ
1391 2951 1797 3034 ὑπευθύνοις
1839 2959 1985 3034 ταῖς
2014 2953 2354 3033 τοιαύταις
2398 2950 2699 3041 ἀγωγαῖς

348 3062 749 3125 καθεστῶσι.
839 3062 947 3126 καὶ
992 3062 1226 3125 τοῦτον
1268 3058 1391 3144 γὰρ
1433 3057 1549 3124 τὸν
1593 3057 1844 3144 τρόπον
1886 3059 2003 3143 τῆς
2046 3051 2303 3136 ἀδικίας
2346 3065 2696 3138 παντοίως

352 3152 791 3247 ἀναιρεθῆναι
852 3161 1228 3244 κελεύομεν,
1298 3160 1357 3226 εἰ
1421 3160 1528 3227 καὶ
1596 3160 1847 3247 δωρεᾶς
1906 3157 2137 3246 τρόπῳ
2199 3158 2317 3237 τὰς
2371 3159 2695 3239 τοιαύτας

347 3254 607 3347 ἀγωγὰς
652 3257 688 3327 ὃ
746 3261 996 3328 τούτων
1039 3260 1262 3348 κύριος
1318 3262 1412 3341 εἰς
1466 3257 1638 3345 ἡμᾶς
1679 3263 1785 3327 καὶ
1828 3260 1948 3339 τὰς
2001 3267 2198 3339 θείας
2243 3257 2423 3347 ἡμῶν
2468 3259 2694 3341 οἰκίας

346 3361 749 3448 ποιούμενος
804 3370 1145 3449 φαίνοιτο,
1216 3363 1439 3430 δίκαιά
1493 3388 1565 3430 τε
1621 3367 2055 3447 νενομισμένα
2111 3356 2458 3447 ὀφλήματα
2511 3362 2690 3444 ἔχειν

339 3465 616 3549 λέγοιτο,
665 3459 755 3541 ῶς
800 3457 880 3528 ἂν
907 3463 996 3548 μὴ
1041 3467 1120 3551 τῇ
1166 3463 1410 3551 σκήψει
1452 3464 1652 3552 ταύτῃ
1689 3471 1802 3531 καί
1830 3488 1895 3530 τι
1925 3469 2345 3549 παρανομίας
2375 3462 2687 3547 ἐχόμενον

337 3560 490 3632 καθ’
527 3565 764 3649 ἑτέρων
813 3558 1180 3651 ἀπαντήσῃ.
1247 3561 1403 3650 ἡμῖν
1446 3566 1570 3652 γὰρ
1608 3561 1760 3633 οὐδὲ
1806 3568 2067 3650 δωρεῶν
2112 3565 2430 3631 τοιούτων
2471 3565 2682 3649 μέλει,

338 3665 489 3733 οὕτε
543 3673 989 3752 συκοφαντίας
1044 3665 1242 3745 δόξαν
1306 3662 1785 3755 ἀποφέρεσθαι
1837 3665 1990 3745 τοὺς
2043 3670 2174 3733 τῶν
2230 3672 2439 3733 θείων
2491 3662 2684 3752 ἡμῶν

336 3768 534 3834 οἴκων
580 3765 953 3852 προνοητὰς
992 3766 1412 3852 βουλόμεθα,
1481 3769 1555 3834 οἵ
1590 3793 1662 3853 γε
1705 3771 1810 3835 καὶ
1857 3768 1940 3834 τὰ
1995 3763 2277 3856 ἡμέτερα
2319 3771 2461 3847 τοῖς
2505 3763 2684 3833 ὓπο-

333 3869 550 3934 τελέοι
594 3868 998 3954 διαρούμενοι
1054 3864 1295 3955 ἡμέρας
1354 3865 1444 3946 ὥς
1501 3870 1715 3936 εἰπεῖν
1769 3867 2072 3957 ἑκάστης,
2132 3874 2409 3955 κινητῶν
2451 3895 2522 3937 τε
2563 3875 2680 3938 καὶ

335 3958 654 4050 ἀκινήτων
718 3973 989 4038 πολλῶν
1053 3968 1490 4055 πραγμάτων,
1556 3970 1902 4057 χρημάτων
1969 3994 2042 4037 τε
2109 3970 2380 4057 πλῆθος
2443 3971 2682 4054 σχεδὸν

334 4059 552 4129 ἅπασι
607 4071 1170 4155 φιλοτιμούμενοι.
1263 4066 1488 4151 ἀδείας
1544 4069 1744 4159 οὔσης
1796 4075 1889 4159 τῷ
1943 4073 2326 4159 βουλομένῳ
2383 4071 2460 4153 ἃς
2505 4073 2680 4157 ἔχειν

466 4293 503 4392 ’ἶ
536 4298 789 4349 patrocinii
836 4301 1107 4356 mercedem
1156 4307 1351 4371 intelligi
1399 4317 1531 4360 recto
1577 4316 1711 4373 putat
1753 4311 2000 4375 Agyiaeus.
2071 4313 2239 4378 ltaque
2282 4313 2538 4377 legendum
2571 4328 2678 4363 πα-

331 4395 638 4450 τρωκινιον.
