2900 4950
1070 263 1185 326 hup.
1223 254 1453 312 Habuelis
1490 263 1739 313 Comneni.
2450 254 2572 319 467

239 404 410 479 ἀλλὰ
448 407 618 492 μετὰ
659 408 1092 496 παραδρομὴν
1133 406 1393 497 ἡμερῶν
1433 434 1661 489 τινων,
1728 410 1959 491 καθὼς
2000 411 2085 479 τὰ
2126 419 2285 498 περὶ
2324 415 2574 483 τούτων

239 509 650 596 πλατύτερον
692 521 838 589 τοῖς
890 511 1265 595 βασιλικοῖς
1278 515 1315 547 ⁶¹
1365 511 1798 598 διηγόρευται.
1890 513 1949 579 εἰ
1993 515 2067 579 δέ
2108 540 2180 599 γε
2225 511 2261 579 ὅ
2309 515 2576 602 ἐπίτρο-

239 636 370 701 πρς
426 612 521 691 εἰς
573 607 974 694 ὑπερθέσεις
1018 619 1253 699 φανείη
1294 616 1528 697 χωρῶν
1571 611 1683 678 καὶ
1723 616 2002 679 τοιαῦτα
2045 620 2388 700 σκαιωρῶν
2433 640 2577 704 φω*

238 715 512 800 ραθείη,
569 716 677 780 καὶ
732 711 903 797 πρὸς
954 710 1495 797 ὑπερβιβασμοῦς
1543 712 1829 801 χωρήσει
1867 713 1956 801 μὴ
2002 719 2222 781 ποιῶν
2265 716 2495 797 καθὼς
2538 714 2575 783 ὅ

241 816 639 900 διαθέμενος
695 812 1073 893 διετάξατο,
1130 818 1248 900 τῆς
1293 813 1664 902 ἐπιτροπῆς
1704 815 1816 881 καὶ
1859 817 2237 900 οἰκονομίας
2280 823 2411 885 τῶν
2454 823 2575 886 τοῦ

238 915 745 1002 τελευτήσαντος
799 914 1202 1000 πραγμάτων
1256 916 1885 1004 μετακινηθήσεται·
1961 912 2447 1006 ἀνατεθήσεται
2502 921 2575 987 δὲ

240 1013 402 1105 αὕτη
448 1013 550 1096 οἷς
591 1012 673 1083 ἂν
719 1012 755 1081 ὁ
799 1015 1109 1101 βασιλεὺς
1154 1017 1545 1102 διορίσηται,
1590 1012 1634 1104 ἢ
1675 1017 1911 1084 τούτου
1956 1019 2121 1097 ἴσως
2151 1015 2568 1107 ἀποδημοῦν-

238 1141 354 1196 τος
410 1113 447 1184 ὃ
499 1122 618 1205 τῆς
671 1118 933 1195 πόλεως
987 1117 1288 1202 ἔπαρχος
1329 1114 1467 1200 ἅμα
1523 1121 1617 1204 τῷ
1668 1123 1784 1203 τῆς
1827 1116 2191 1206 ἁγιωτάτης
2237 1120 2575 1208 ἐκκλησίας

241 1219 567 1306 οἰκονόμῳ
612 1217 729 1305 τὴν
771 1218 1006 1284 τούτου
1049 1218 1448 1303 ποιήσονται
1466 1220 1511 1253 ³⁹·
1554 1218 1932 1305 οἰκονομίαν
1976 1245 2047 1287 τε
2089 1225 2199 1287 καὶ
2230 1223 2569 1309 διοίκησιν,

242 1315 628 1409 ὀφείλοντος
670 1321 925 1406 εἴδησιν
967 1319 1227 1386 διδόναι
1267 1323 1399 1384 τῶν
1444 1319 1562 1386 ἐπὶ
1603 1331 1751 1398 ταῖς
1794 1320 2133 1399 τοιαύταις
2163 1317 2574 1391 ὑποθέσεσιν

241 1422 804 1506 οἰκονομουμένων
845 1422 939 1507 τῷ
981 1421 1262 1506 βασιλεῖ,
1310 1414 1409 1508 ἢ53
1452 1425 1547 1507 τῷ
1592 1419 1758 1487 κατὰ
1800 1414 1916 1509 τὴν
1951 1419 2195 1508 ἡμέραν
2228 1419 2572 1509 ἁγιωτάτῳ

240 1523 630 1610 πατριάρχῃ,
690 1523 749 1589 εἰ
790 1522 945 1609 τύχῃ
989 1521 1104 1587 τὸν
1147 1521 1426 1607 βασιλέα
1471 1518 1819 1608 ἀπόδημον
1865 1517 2063 1602 εἶναι,
2121 1526 2231 1590 καὶ
2273 1522 2362 1612 μὴ
2408 1522 2574 1591 κατὰ

238 1623 604 1710 πρόσταξιν
670 1621 870 1691 αὐτοῦ
931 1622 1018 1691 τὰ
1080 1625 1197 1689 τοῦ
1253 1621 1760 1709 τελευτήσαντος
1816 1622 2313 1710 πληρωθῆναι”’4
2367 1623 2573 1713 θελή-

238 1751 432 1810 ματα.

404 1826 462 1913 η’
481 1829 541 1890 ⁵⁵.
623 1820 801 1891 Ἐπεὶ
862 1825 934 1891 δὲ
985 1827 1094 1890 καὶ
1150 1823 1236 1890 τὰ
1290 1823 1631 1909 πρόστιμα
1683 1822 1768 1889 τὰ
1820 1834 1964 1903 τοῖς
2007 1822 2359 1911 ἐγγράφοις
2403 1824 2572 1892 ἐντι-

234 1933 490 2012 θέμενα
545 1926 617 2006 ἐξ
667 1920 1021 2009 ὁμολογίας
1073 1926 1208 1990 τῶν
1265 1923 1840 1993 συναλλαττόντων
1898 1921 1980 1990 δι’
2041 1920 2411 2012 ἀσφάλειαν
2460 1929 2570 1992 καὶ

234 2026 720 2114 παραφυλακὴν
787 2027 920 2091 τῶν
990 2031 1616 2112 συμπεφωνημένων
1687 2023 2153 2111 ἐγγράφονται,
2222 2021 2393 2091 ὥστε
2456 2024 2570 2091 τὸν

238 2124 614 2195 ἀθετοῦντα
667 2126 930 2203 τούτοις
981 2121 1381 2211 ὑποπεσεῖν,
1441 2129 1557 2190 νῦν
1616 2126 1688 2191 δὲ
1741 2128 1847 2190 καὶ
1902 2128 2098 2190 τοῦτο
2144 2126 2239 2203 εἰς
2281 2126 2568 2214 παντελῆ

237 2225 593 2313 ἀχρηστίαν
633 2217 860 2313 ἦλθεν,
908 2224 1025 2295 ὅτε
1066 2230 1197 2293 τῶν
1243 2228 1569 2293 δικαστῶν
1614 2220 1714 2312 ἐφ’
1755 2221 1856 2303 οἷς
1886 2220 1962 2291 οὗ
1994 2226 2152 2292 δεῖω
2182 2227 2573 2313 φιλανθρω-

234 2334 648 2412 πευομένων,
715 2331 824 2395 καὶ
880 2328 947 2396 ἐν
1006 2322 1381 2413 ἀλλοτρίαις
1437 2338 1812 2414 συμφοραῖς
1865 2327 2397 2409 μαλακιζομένων
2461 2331 2569 2395 καὶ

232 2436 719 2516 χαυνουμένων·
766 2431 884 2498 ἐπὶ
923 2433 1018 2516 τῷ
1062 2432 1179 2496 τοῦ
1222 2431 1422 2496 καλοῦ
1471 2428 1638 2516 ζήλῳ
1681 2431 1790 2495 καὶ
1834 2430 1912 2515 τῇ
1957 2431 2089 2494 τῶν
2125 2422 2569 2512 ἀδικουμένων

235 2532 558 2622 ἐκδικήσει
601 2532 1052 2619 διοριζόμεθα,
1099 2534 1207 2598 καὶ
1248 2534 1458 2597 ταῦτα
1497 2526 1945 2597 ἀπαιτεῖσθαι
1974 2528 2043 2595 ἐκ
2071 2529 2570 2616 παραβάσεως““’

233 2635 399 2702 κατὰ
439 2635 556 2720 τὴν
599 2639 730 2700 τῶν
774 2634 993 2718 νόμων
1040 2632 1332 2717 δύναμιν,
1379 2636 1486 2699 ναὶ
1529 2639 1758 2717 μέντοι
1799 2634 1905 2697 καὶ
1952 2630 2244 2716 καρποὺς
2278 2630 2389 2697 καὶ
2432 2633 2569 2697 πᾶν

237 2737 571 2825 διαφέρον,
618 2738 723 2802 καὶ
769 2737 907 2810 πᾶν
953 2732 1113 2801 ἄλλο
1157 2737 1461 2799 τοιοῦτον
1499 2728 1887 2811 ἀκολούθως
1915 2743 2064 2809 ταῖς
2091 2743 2393 2815 νομικαῖς
2424 2732 2571 2798 δια-

234 2839 532 2917 τάξεσιν,
600 2831 767 2902 ἀλλὰ
828 2839 938 2914 καὶ
992 2835 1077 2901 τὰ
1129 2835 1298 2901 κατὰ
1349 2840 1503 2918 βίαν
1557 2830 1600 2919 ἢ
1650 2833 1862 2918 φόβον
1904 2827 1947 2919 ἢ
1991 2829 2291 2919 ἁρπαγὴν
2334 2837 2443 2902 καὶ
2486 2835 2570 2900 τὰ

235 2938 423 3022 παρὰ
478 2940 612 3004 τῶν
654 2934 870 3014 ἄλλως
913 2931 1421 3021 ἁμαρτανόντων
1464 2928 1617 3017 μεθ’
1669 2929 1897 2999 ὅπλων
1941 2928 1981 3018 ἢ
2023 2936 2132 2998 καὶ
2173 2936 2373 3015 χωρὶς
2416 2934 2570 2999 τού-

235 3065 369 3106 των
427 3034 882 3125 ἀφαιρούμενα
947 3035 1116 3119 μετὰ
1168 3034 1296 3121 τῆς
1337 3039 1619 3118 νομίμου
1677 3036 1916 3120 ποινῆς
1980 3028 2563 3119 ἀντιστρέφεσθαι,

240 3137 330 3218 ὥς
386 3134 465 3205 ὃν
519 3141 598 3224 τῇ
653 3136 903 3204 τούτων
964 3132 1276 3203 άπάντων
1333 3130 1695 3222 ἀπαιτήσει
1753 3130 2077 3220 ἀναστολὴ
2133 3138 2397 3218 γένηται
2437 3136 2569 3199 τῶν

236 3243 653 3328 βουλομένων
706 3239 1150 3318 πλεονεκτεῖν,
1207 3239 1314 3305 καὶ
1357 3235 1448 3323 μὴ
1493 3234 1838 3322 πρόχειροι
1881 3234 1976 3313 εἰς
2017 3241 2245 3300 κακίαν
2292 3234 2357 3299 οἱ
2401 3235 2570 3300 πολ-

235 3348 338 3411 λοὶ
382 3348 706 3429 γένοιντο,
767 3342 1126 3425 βλέποντες
1170 3332 1535 3406 ἀκόλαστον
1577 3335 1655 3403 τὸ
1697 3333 1891 3403 κακὸν
1934 3339 2042 3404 καὶ
2085 3335 2409 3420 μηδεμίαν
2454 3334 2568 3401 ἐπὶ

232 3444 494 3523 τούτοις
536 3448 883 3529 γενομένην
925 3440 1043 3528 τὴν
1087 3440 1520 3520 ἐπεξέλευσιν.
1610 3437 1831 3505 πάντα
1872 3438 1995 3522 μὲν
2035 3435 2189 3523 γὰρ,
2258 3435 2316 3502 εἰ
2372 3436 2569 3502 δυνα-

233 3547 379 3626 τὸν,
437 3540 754 3632 ἠβούλετο
805 3538 846 3630 ἦ
900 3544 1209 3628 βασιλεία
1262 3565 1391 3626 μου
1458 3538 1623 3626 πρὸς
1676 3538 1754 3605 τὸ
1795 3540 2057 3625 βέλτιον
2111 3538 2567 3622 μεταῤῥυθμί-

234 3669 380 3715 σαι·
427 3641 563 3713 ἀλλ’
615 3645 760 3712 ἐπεὶ
816 3646 1013 3710 τοῦτο
1071 3643 1376 3729 ἐργῶδες,
1442 3636 1484 3728 ἢ
1526 3641 1603 3707 τό
1647 3666 1719 3728 γε
1764 3635 2209 3727 ἀληθέστερον
2253 3641 2361 3704 καὶ
2408 3632 2568 3704 ἀδύ-

233 3773 459 3827 νατον,
515 3739 669 3813 καθ’
722 3741 879 3810 ὅσον
937 3744 1113 3811 ἐστὶν
1166 3743 1433 3832 ἐφικτὸν
1482 3741 1593 3809 διὰ
1635 3744 2121 3826 θεσπισμάτων
2167 3741 2414 3822 νεαρῶν
2457 3741 2566 3803 καὶ

232 3854 347 3934 τῆς
402 3847 539 3915 άπὸ
595 3844 845 3913 τούτων
902 3840 1177 3932 ἀνάγκης
1233 3846 1643 3929 διορθωτέον
1699 3841 1783 3908 τὰ
1837 3846 2050 3919 κακῶς
2104 3839 2413 3926 γινόμενα
2454 3841 2563 3904 καὶ

233 3951 672 4035 πραττόμενα.

371 4200 412 4228 ⁵¹
450 4203 591 4254 Basil.
628 4202 785 4265 xxm,
814 4201 860 4252 2.
1064 4197 1106 4225 ⁵²
1139 4199 1265 4248 Bais,
1299 4190 1604 4255 ποιήσεται.
1815 4192 1853 4221 ⁵³
1896 4195 2019 4245 Bais,
2053 4194 2161 4242 καί.
2359 4191 2399 4220 ⁵⁴
2434 4196 2564 4246 Idem

238 4283 591 4354 πληρωθῶσι.
802 4283 841 4312 ⁵⁵
888 4284 1080 4335 Leuncl.
1118 4291 1165 4332 et
1201 4283 1343 4332 Labb.
1380 4284 1429 4332 in
1467 4296 1612 4343 marg.
1659 4273 1784 4344 περὶ
1829 4273 2153 4344 προστίμων
2200 4269 2555 4338 ἀπαιτήσεως.

233 4369 276 4399 ³⁶
314 4370 508 4421 Leuncl.
536 4367 667 4434 χρή.
804 4367 843 4395 ⁵⁷
877 4370 1010 4420 Idem
1043 4360 1194 4433 παρὰ
1227 4361 1504 4429 βασιλέως.

2050 4446 2160 4497 30*
