2900 4950
390 221 514 283 578
1325 227 1444 275 con.
1485 227 1533 275 v.
1606 225 1718 273 Nm.
1758 224 1805 272 v.

393 387 584 465 aliqua
629 383 958 452 occasione,
1006 398 1116 440 uec
1159 377 1414 456 aliquem
1458 376 1819 436 ‹lamoensem
1862 376 1923 434 in
1972 374 2245 454 pernimis
2287 384 2347 433 et
2390 373 2609 436 rebus,
2662 375 2779 431 sed

395 489 558 567 ipsos
613 495 670 546 et
726 484 886 562 ipsas
941 499 1177 560 semper
1220 478 1378 537 exire
1425 477 1719 555 permittet
1763 477 1838 535 tle
1882 486 2006 536 toto
2053 475 2306 554 {inperio
2350 475 2781 553 persona-liner

397 599 456 649 et
495 586 764 656 mliter,
813 583 928 643 nisi
974 581 1308 660 inculpatus
1353 581 1504 639 toret
1545 578 1621 638 (le
1664 577 1861 655 aliquo
1904 577 2134 646 debito,
2182 577 2335 636 fumo
2378 574 2472 633 vel
2518 577 2775 652 rapina,

398 691 474 751 (le
515 688 732 768 quibus
774 684 887 746 sub
929 684 1090 744 curia
1131 680 1521 742 «lamensium
1566 679 1777 739 debeat
1814 678 2088 756 judicari.

571 806 714 866 ltem
771 801 1042 882 promisit
1094 809 1154 860 et
1208 797 1509 868 convenit,
1568 797 1723 877 quod
1782 815 1901 855 non
1947 795 2210 874 imponet
2256 802 2358 853 aut
2400 795 2607 870 exiget
2657 813 2777 853 ner

399 908 546 987 exigi
593 907 761 966 faciet
805 903 880 963 ab
923 902 1114 980 aliqua
1159 918 1410 979 pemuua
1458 898 1690 977 aliquod
1740 916 1949 956 novum
1994 897 2446 966 commercium,
2497 895 2773 954 dacitam

402 1029 505 1071 seu
553 1006 916 1068 exactionem
959 1003 1020 1063 in
1070 1011 1193 1062 toto
1225 1000 1480 1078 lmperio
1524 998 1842 1077 praedicto,
1889 999 2044 1076 quod
2078 997 2249 1057 babet
2284 998 2367 1056 vel
2401 997 2775 1076 adquisierit

406 1111 509 1171 uei
571 1105 1004 1174 misericordia,
1064 1105 1136 1162 «le
1193 1102 1303 1162 illis
1349 1100 1834 1170 mercationibus,
1897 1117 2044 1177 quas
2089 1099 2229 1158 emit
2274 1115 2304 1158 a
2348 1099 2773 1158 Janueusibus

405 1231 516 1273 nec
558 1211 702 1291 ipsis
747 1205 1126 1268 vendiderit'²
1171 1222 1280 1263 nec
1323 1203 1422 1282 qui
1469 1203 1745 1262 «licuntur
1784 1201 2134 1270 lanne-uses,
2184 1201 2292 1260 nisi
2327 1211 2387 1260 ut
2420 1200 2567 1259 hinc
2605 1210 2774 1260 retro

404 1324 671 1391 tempore
717 1309 937 1370 foelieis
983 1306 1298 1366 memoriae
1341 1303 1563 1363 ‹lomini
1612 1302 1987 1381 imperatoris
2020 1302 2513 1363 Kaloieanuis
2560 1302 2771 1381 agnati

408 1414 590 1476 nostri
637 1405 870 1472 solit'um
920 1408 1092 1467 l'tterit
1135 1407 1282 1483 exigi
1330 1414 1388 1465 et
1433 1405 1633 1464 baberi
1679 1405 1752 1464 de
1797 1403 2058 1463 civilibus
2105 1403 2593 1478 mercationibus.

576 1528 852 1589 Promisit
907 1526 1118 1585 iterum
1137 1523 1177 1552 ¹³
1220 1531 1277 1581 et
1320 1522 1619 1592 convenit,
1686 1522 1841 1601 qum!
1893 1543 2007 1581 nou
2056 1521 2351 1601 permittet
2397 1524 2471 1580 tle
2519 1533 2769 1581 caetero

411 1628 693 1709 negotiari
739 1627 895 1688 inter
937 1624 1125 1703 Majus
1171 1641 1331 1683 mare
1377 1622 1629 1700 aliquem
1679 1623 1967 1692 Latinum,
2016 1623 2126 1683 nisi
2162 1622 2525 1683 Januensem
2577 1633 2639 1682 et
2679 1622 2769 1681 Pi-

410 1750 618 1792 sanum
665 1739 725 1789 et
767 1747 890 1800 eos,
937 1726 1035 1806 qui
1083 1724 1495 1785 deffenderunt
1540 1734 1770 1803 portum
1819 1744 1921 1783 seu
1957 1744 2050 1784 res
2080 1723 2364 1796 vestiarii,
2412 1723 2639 1802 quibus
2668 1723 2767 1782 Ja-

413 1829 736 1894 nuensibu's
794 1827 1063 1888 ‹levetum
1123 1845 1239 1885 non
1289 1825 1459 1885 faciet
1503 1825 1680 1885 eundi
1728 1825 1880 1885 iuter
1926 1824 2110 1904 Majus
2156 1845 2316 1885 mare
2362 1836 2419 1885 et
2467 1826 2765 1885 redeundi

411 1953 543 1996 cum
590 1929 883 1993 mercibus
928 1928 1015 1988 vel
1060 1928 1188 1989 siue
1234 1925 1547 2000 tuereibuS,
1594 1927 1696 1987 sed
1734 1927 1913 1987 libere
1948 1927 2176 2005 possint
2208 1927 2289 1985 ire
2322 1935 2379 1986 et
2409 1928 2706 1987 redeundi
2727 1927 2764 1957 '‘

414 2036 486 2095 ab
532 2032 690 2095 omni
737 2030 1089 2092 conuuercio
1135 2039 1194 2089 et
1240 2027 1449 2089 redire.

587 2150 859 2212 Promisit
914 2149 1159 2227 insuper
1213 2157 1272 2206 et
1315 2147 1616 2220 convenit,
1674 2143 1918 2206 firmatis
1963 2157 2022 2206 et
2068 2147 2365 2207 ratitieatis
2409 2165 2520 2225 per
2558 2166 2765 2207 sacra·

415 2266 676 2316 mentum
723 2252 813 2322 iis,
861 2268 1012 2329 quae
1056 2247 1434 2308 continentur
1478 2247 1535 2307 in
1570 2248 1862 2327 praesenti
1897 2247 2215 2326 privilegiu,
2265 2266 2369 2327 per
2400 2243 2760 2308 potestatem

413 2356 668 2426 Januae,
728 2351 1107 2430 capitaneum
1165 2347 1390 2410 Januae
1446 2359 1507 2409 et
1563 2358 1695 2409 octo
1742 2347 1976 2409 Nobiles
2021 2361 2079 2409 et
2124 2350 2405 2410 Antianos
2460 2361 2520 2410 et
2564 2361 2755 2410 totum

417 2458 740 2518 Commune
786 2462 844 2513 et
888 2449 1241 2512 Consiliares
1268 2448 1494 2511 Januae
1539 2468 1741 2510 versus
1790 2449 2101 2530 imperium
2152 2462 2438 2525 nostrum,
2486 2452 2645 2529 quod
2693 2451 2763 2511 li-

419 2554 646 2617 berabit
701 2563 760 2614 et,
803 2550 1060 2612 absolvet
1105 2571 1135 2611 a
1184 2552 1517 2612 carceribus
1562 2562 1620 2610 et
1665 2552 1908 2611 vinculis
1953 2572 2161 2612 onmes
2202 2551 2535 2614 Januenses
2580 2564 2639 2612 et
2684 2552 2756 2611 tle

420 2657 684 2716 ‹listtictu
729 2654 952 2714 Januae
995 2664 1054 2714 et
1107 2653 1205 2733 qui
1253 2654 1528 2714 dicuntur
1567 2653 1932 2725 JauuenseS,
1992 2653 2089 2732 qui
2136 2664 2274 2713 sunt
2317 2656 2375 2714 in
2424 2655 2757 2731 carceribus

422 2756 605 2817 nostri
666 2754 933 2835 ltuperii,
1002 2764 1062 2814 et
1130 2750 1291 2835 ipsos
1351 2754 1543 2814 redire
1602 2766 1661 2814 et
1714 2756 1988 2815 recedere
2047 2755 2358 2834 permittet.
2449 2755 2752 2815 Praeterea

420 2857 614 2919 omnia
663 2866 717 2918 et
764 2855 1013 2936 singula,
1062 2867 1120 2918 ut
1165 2854 1544 2917 continentur
1587 2856 1878 2934 superius,
1928 2856 2193 2934 promisit
2237 2866 2296 2916 et
2338 2858 2610 2917 convenit
2648 2856 2756 2916 ltu-

421 2960 646 3042 perium
715 2969 1014 3029 nostrum,
1085 2968 1143 3018 et
1192 2958 1533 3038 juramento
1591 2958 1955 3017 confirmavit
2012 2977 2118 3037 per
2171 2978 2237 3017 se
2281 2968 2338 3018 et
2382 2978 2754 3019 successures

422 3061 734 3144 praedictis
779 3058 1034 3140 syndicis
1080 3069 1138 3120 et
1183 3058 1403 3119 nuntiis
1435 3067 1495 3118 et
1524 3059 2023 3137 procuratoribus,
2070 3059 2487 3140 recipientibus
2522 3061 2755 3120 nomine

421 3176 476 3224 et
522 3164 642 3224 vice
689 3160 1029 3222 Communis
1071 3159 1295 3220 Januae
1340 3169 1399 3220 et
1441 3159 1805 3239 singulorum
1847 3159 2254 3221 Januensium.

592 3281 681 3342 Ex
724 3298 842 3360 quo
888 3296 1027 3357 ergo
1071 3278 1399 3357 praedictas
1443 3278 1760 3357 petitiones
1803 3279 2234 3359 praedictorum
2281 3280 2621 3343 nuntiorum
2664 3300 2758 3341 re-

424 3384 578 3463 cepit
621 3391 679 3441 et
720 3378 1056 3458 adimplevit
1086 3378 1401 3458 imperium
1447 3389 1713 3440 nostrum
1761 3391 1816 3440 et
1863 3398 1970 3459 per
2004 3379 2409 3459 juramentum
2449 3384 2756 3443 confirma-

426 3482 524 3553 vit,
559 3480 905 3559 juraverunt
951 3497 1203 3557 namque
1247 3479 1530 3559 praedicti
1574 3480 1784 3551 nuntii,
1831 3481 2095 3543 videlieet
2141 3481 2485 3545 Guillelntus
2531 3484 2757 3545 Viceeo-

427 3600 551 3641 mes
609 3589 666 3640 et
712 3579 1100 3640 Gualterius'⁵
1140 3578 1328 3639 Judex
1384 3580 1458 3641 ad
1515 3592 1715 3643 sancta
1764 3582 1865 3642 Dei
1912 3582 2207 3661 evangelia
2254 3593 2313 3644 et
2357 3584 2755 3645 honorabilem

426 3693 484 3744 et
525 3699 720 3743 veram
766 3699 998 3745 crucem
1045 3689 1104 3741 et
1147 3698 1353 3741 omnes
1384 3692 1641 3754 sanctos,
1686 3693 1744 3743 et
1776 3693 2127 3762 receperunt
2155 3702 2337 3764 super
2365 3685 2593 3747 animas
2622 3705 2756 3746 suas

425 3794 485 3845 et
528 3783 900 3845 dominorum
945 3800 1206 3855 suorum,
1253 3781 1585 3855 potestatis,
1633 3784 1964 3864 Capitanei,
2011 3786 2424 3859 Antianomm,
2471 3799 2604 3847 octo
2646 3787 2756 3848 No·

426 3886 625 3963 bilium
682 3894 742 3946 et
786 3883 1160 3958 Communis,
1225 3903 1433 3945 omnes
1487 3885 1800 3965 petitiones
1847 3885 2081 3966 lmperii
2137 3888 2323 3948 nostri
2380 3889 2754 3967 subscriptas,

426 3998 485 4051 et
522 3988 724 4071 jurare
770 3985 1023 4048 debeant
1066 3985 1424 4059 multotiens,
1473 3984 1738 4050 videlicet
1765 3987 2053 4063 Potestas,
2100 3987 2474 4069 capitaneus,
2506 3989 2756 4063 Antiani,

433 4160 500 4167 -.—-
521 4160 544 4165 .-
635 4155 1125 4164 --afim-‚0—

566 4252 602 4279 ¹²
635 4255 880 4315 Lagarim:
922 4272 1004 4306 nec
1037 4259 1119 4319 qui
1149 4264 1258 4305 aaut
1296 4258 1353 4305 de
1387 4256 1619 4307 districtu.
1792 4254 1826 4284 ⁸⁸
1860 4257 2047 4309 Malim:
2086 4261 2210 4308 itm.
2383 4254 2419 4283 ¹⁶
2454 4260 2752 4320 Legeudum:

431 4341 669 4396 immunes,
707 4337 806 4386 vel:
848 4347 888 4386 et
925 4342 1154 4402 expedite.
1291 4337 1327 4364 ¹⁵
1363 4342 1549 4402 Supra:
1590 4344 1884 4392 Guarnerins.
