<?xml version="1.0" encoding="UTF-8"?>
<!DOCTYPE html PUBLIC "-//W3C//DTD XHTML 1.0 Transitional//EN"
    "http://www.w3.org/TR/xhtml1/DTD/xhtml1-transitional.dtd">
<html xmlns="http://www.w3.org/1999/xhtml" xml:lang="en" lang="en">
 <head>
  <title>
</title>
<meta http-equiv="Content-Type" content="text/html;charset=utf-8" />
  <meta name='ocr-system' content='tesseract 3.04.00' />
  <meta name='ocr-capabilities' content='ocr_page ocr_carea ocr_par ocr_line ocrx_word'/>
</head>
<body>
  <div class='ocr_page' id='page_1' title='image "./jusgraecoromanu00linggoog_0335.png"; bbox 0 0 2900 4950; ppageno 0'>
   <div class='ocr_carea' id='block_1_1' title="bbox 1109 235 2584 315">
    <p class='ocr_par' dir='ltr' id='par_1_1' title="bbox 1109 235 2584 315">
     <span class='ocr_line' id='line_1_1' title="bbox 1109 235 2584 315; baseline -0.001 -15"><span class='ocrx_word' id='word_1_1' title='bbox 1109 251 1227 314; x_wconf 76' lang='grc' dir='ltr'><strong>ιηιρ.</strong></span> <span class='ocrx_word' id='word_1_2' title='bbox 1264 251 1464 301; x_wconf 71' lang='lat' dir='ltr'><strong>Romani</strong></span> <span class='ocrx_word' id='word_1_3' title='bbox 1496 250 1721 315; x_wconf 72' lang='lat' dir='ltr'>junioris.</span> <span class='ocrx_word' id='word_1_4' title='bbox 2462 235 2584 299; x_wconf 83' lang='lat'><strong><em>283</em></strong></span> 
     </span>
    </p>
   </div>
   <div class='ocr_carea' id='block_1_2' title="bbox 228 386 2602 3636">
    <p class='ocr_par' dir='ltr' id='par_1_2' title="bbox 228 386 2602 3636">
     <span class='ocr_line' id='line_1_2' title="bbox 232 386 2589 486; baseline -0.001 -18"><span class='ocrx_word' id='word_1_5' title='bbox 232 401 498 469; x_wconf 84' lang='grc' dir='ltr'><strong><em>σιλικοῦ</em></strong></span> <span class='ocrx_word' id='word_1_6' title='bbox 545 395 846 484; x_wconf 81' lang='grc' dir='ltr'><strong><em>ὁρισμοῦ,</em></strong></span> <span class='ocrx_word' id='word_1_7' title='bbox 894 397 1007 464; x_wconf 75' lang='grc' dir='ltr'><strong><em>ἐὰν</em></strong></span> <span class='ocrx_word' id='word_1_8' title='bbox 1049 403 1264 481; x_wconf 83' lang='grc' dir='ltr'><strong><em>κρίσιν</em></strong></span> <span class='ocrx_word' id='word_1_9' title='bbox 1305 398 1503 480; x_wconf 67' lang='grc' dir='ltr'><strong><em>ἔχωσι</em></strong></span> <span class='ocrx_word' id='word_1_10' title='bbox 1535 397 1867 477; x_wconf 89' lang='grc' dir='ltr'><strong><em>δικαστοῦ,</em></strong></span> <span class='ocrx_word' id='word_1_11' title='bbox 1917 386 2102 464; x_wconf 79' lang='grc' dir='ltr'><strong><em>οὗτοι</em></strong></span> <span class='ocrx_word' id='word_1_12' title='bbox 2132 393 2246 465; x_wconf 76' lang='grc' dir='ltr'><strong><em>οὐκ</em></strong></span> <span class='ocrx_word' id='word_1_13' title='bbox 2278 394 2589 486; x_wconf 86' lang='grc' dir='ltr'><strong><em>ὀφείλου-</em></strong></span> 
     </span>
     <span class='ocr_line' id='line_1_3' title="bbox 231 494 2589 587; baseline -0.002 -16"><span class='ocrx_word' id='word_1_14' title='bbox 231 527 346 571; x_wconf 87' lang='grc' dir='ltr'><strong><em>σιν</em></strong></span> <span class='ocrx_word' id='word_1_15' title='bbox 409 497 794 584; x_wconf 92' lang='grc' dir='ltr'><strong><em>ὀχλεῖσθαι,</em></strong></span> <span class='ocrx_word' id='word_1_16' title='bbox 856 494 1024 565; x_wconf 87' lang='grc' dir='ltr'><strong><em>ἀλλὰ</em></strong></span> <span class='ocrx_word' id='word_1_17' title='bbox 1065 503 1272 564; x_wconf 82' lang='grc' dir='ltr'><strong><em>ταῦτα</em></strong></span> <span class='ocrx_word' id='word_1_18' title='bbox 1325 496 1786 585; x_wconf 86' lang='grc' dir='ltr'><strong><em>ἀναφαιρέτως</em></strong></span> <span class='ocrx_word' id='word_1_19' title='bbox 1831 498 2029 581; x_wconf 66' lang='grc' dir='ltr'><strong><em>ἔχειν·</em></strong></span> <span class='ocrx_word' id='word_1_20' title='bbox 2088 498 2213 587; x_wconf 79' lang='grc' dir='ltr'><strong><em>ἤδη</em></strong></span> <span class='ocrx_word' id='word_1_21' title='bbox 2257 499 2378 585; x_wconf 91' lang='grc' dir='ltr'><strong><em>γὰρ</em></strong></span> <span class='ocrx_word' id='word_1_22' title='bbox 2421 501 2589 567; x_wconf 88' lang='grc' dir='ltr'><strong><em>κατὰ</em></strong></span> 
     </span>
     <span class='ocr_line' id='line_1_4' title="bbox 228 595 2590 688; baseline -0.002 -17"><span class='ocrx_word' id='word_1_23' title='bbox 228 604 313 672; x_wconf 86' lang='grc' dir='ltr'><strong><em>τὸ</em></strong></span> <span class='ocrx_word' id='word_1_24' title='bbox 356 602 510 670; x_wconf 88' lang='grc' dir='ltr'><strong><em>τότε</em></strong></span> <span class='ocrx_word' id='word_1_25' title='bbox 553 603 834 688; x_wconf 77' lang='grc' dir='ltr'><strong><em>κρατοῦν</em></strong></span> <span class='ocrx_word' id='word_1_26' title='bbox 876 596 916 686; x_wconf 81' lang='grc' dir='ltr'>ἡ</span> <span class='ocrx_word' id='word_1_27' title='bbox 964 595 1313 687; x_wconf 87' lang='grc' dir='ltr'><strong><em>ἀπόφασις</em></strong></span> <span class='ocrx_word' id='word_1_28' title='bbox 1351 600 1684 684; x_wconf 74' lang='grc' dir='ltr'><strong><em>ἐξηνέχθη,</em></strong></span> <span class='ocrx_word' id='word_1_29' title='bbox 1732 603 1837 666; x_wconf 84' lang='grc' dir='ltr'><strong><em>καὶ</em></strong></span> <span class='ocrx_word' id='word_1_30' title='bbox 1874 595 1908 665; x_wconf 85' lang='grc' dir='ltr'><strong><em>ό</em></strong></span> <span class='ocrx_word' id='word_1_31' title='bbox 1941 596 2214 684; x_wconf 73' lang='grc' dir='ltr'><strong><em>ὕστερον</em></strong></span> <span class='ocrx_word' id='word_1_32' title='bbox 2242 601 2590 686; x_wconf 83' lang='grc' dir='ltr'><strong><em>γενόμενος</em></strong></span> 
     </span>
     <span class='ocr_line' id='line_1_5' title="bbox 231 696 2586 793; baseline -0.002 -20"><span class='ocrx_word' id='word_1_33' title='bbox 231 704 582 793; x_wconf 83' lang='grc' dir='ltr'><strong><em>βασιλικὸς</em></strong></span> <span class='ocrx_word' id='word_1_34' title='bbox 640 699 917 788; x_wconf 80' lang='grc' dir='ltr'><strong><em>ὁρισμὸς</em></strong></span> <span class='ocrx_word' id='word_1_35' title='bbox 972 700 1055 768; x_wconf 88' lang='grc' dir='ltr'><strong><em>τὰ</em></strong></span> <span class='ocrx_word' id='word_1_36' title='bbox 1111 701 1341 788; x_wconf 76' lang='grc' dir='ltr'><strong><em>πρῴην</em></strong></span> <span class='ocrx_word' id='word_1_37' title='bbox 1397 706 1802 768; x_wconf 89' lang='grc' dir='ltr'><strong><em>τυπωθέντα</em></strong></span> <span class='ocrx_word' id='word_1_38' title='bbox 1865 696 2455 790; x_wconf 83' lang='grc' dir='ltr'><strong><em>ἀναψηλαφᾶσθαι</em></strong></span> <span class='ocrx_word' id='word_1_39' title='bbox 2511 700 2586 769; x_wconf 79' lang='grc' dir='ltr'><strong><em>οὗ</em></strong></span> 
     </span>
     <span class='ocr_line' id='line_1_6' title="bbox 234 798 2586 890; baseline -0.003 -15"><span class='ocrx_word' id='word_1_40' title='bbox 234 805 726 884; x_wconf 80' lang='grc' dir='ltr'><strong><em>διεκελεύσατο,</em></strong></span> <span class='ocrx_word' id='word_1_41' title='bbox 785 798 954 870; x_wconf 89' lang='grc' dir='ltr'><strong><em>ἀλλὰ</em></strong></span> <span class='ocrx_word' id='word_1_42' title='bbox 1005 804 1258 888; x_wconf 81' lang='grc' dir='ltr'><strong><em>μᾶλλον</em></strong></span> <span class='ocrx_word' id='word_1_43' title='bbox 1311 798 1351 889; x_wconf 80' lang='grc' dir='ltr'><strong><em>ἦ</em></strong></span> <span class='ocrx_word' id='word_1_44' title='bbox 1409 801 1717 890; x_wconf 85' lang='grc' dir='ltr'><strong><em>βασιλικὴ</em></strong></span> <span class='ocrx_word' id='word_1_45' title='bbox 1778 802 2159 890; x_wconf 77' lang='grc' dir='ltr'><strong><em>δικαιοσύνη</em></strong></span> <span class='ocrx_word' id='word_1_46' title='bbox 2222 805 2437 890; x_wconf 82' lang='grc' dir='ltr'><strong><em>ῥητῶς</em></strong></span> <span class='ocrx_word' id='word_1_47' title='bbox 2490 808 2586 890; x_wconf 75' lang='grc' dir='ltr'><strong><em>τῷ</em></strong></span> 
     </span>
     <span class='ocr_line' id='line_1_7' title="bbox 235 900 2590 996; baseline -0.003 -20"><span class='ocrx_word' id='word_1_48' title='bbox 235 904 488 996; x_wconf 79' lang='grc' dir='ltr'><strong><em>ἀναξίῳ</em></strong></span> <span class='ocrx_word' id='word_1_49' title='bbox 549 900 750 993; x_wconf 75' lang='grc' dir='ltr'><strong><em>αὐτῆς</em></strong></span> <span class='ocrx_word' id='word_1_50' title='bbox 808 905 1057 991; x_wconf 54' lang='grc' dir='ltr'><strong><em>δούλῳθ</em></strong></span> <span class='ocrx_word' id='word_1_51' title='bbox 1101 905 1493 990; x_wconf 77' lang='grc' dir='ltr'><strong><em>διωρίσατο,</em></strong></span> <span class='ocrx_word' id='word_1_52' title='bbox 1556 901 1744 981; x_wconf 80' lang='grc' dir='ltr'><strong><em>ὅπως</em></strong></span> <span class='ocrx_word' id='word_1_53' title='bbox 1784 903 1870 970; x_wconf 88' lang='grc' dir='ltr'><strong><em>τὰ</em></strong></span> <span class='ocrx_word' id='word_1_54' title='bbox 1911 911 2101 989; x_wconf 90' lang='grc' dir='ltr'><strong><em>μέχρι</em></strong></span> <span class='ocrx_word' id='word_1_55' title='bbox 2143 904 2293 972; x_wconf 85' lang='grc' dir='ltr'><strong><em>τότε</em></strong></span> <span class='ocrx_word' id='word_1_56' title='bbox 2340 908 2590 992; x_wconf 90' lang='grc' dir='ltr'><strong><em>διοικη-</em></strong></span> 
     </span>
     <span class='ocr_line' id='line_1_8' title="bbox 233 996 2589 1094; baseline -0.002 -17"><span class='ocrx_word' id='word_1_57' title='bbox 233 1017 451 1077; x_wconf 84' lang='grc' dir='ltr'><strong><em>θέντα</em></strong></span> <span class='ocrx_word' id='word_1_58' title='bbox 492 1013 780 1092; x_wconf 84' lang='grc' dir='ltr'><strong><em>μένωσιν</em></strong></span> <span class='ocrx_word' id='word_1_59' title='bbox 825 999 1359 1089; x_wconf 87' lang='grc' dir='ltr'><strong><em>ἀπαρασάλευτα.</em></strong></span> <span class='ocrx_word' id='word_1_60' title='bbox 1431 1006 1492 1073; x_wconf 79' lang='grc' dir='ltr'><strong><em>εἰ</em></strong></span> <span class='ocrx_word' id='word_1_61' title='bbox 1536 996 1649 1071; x_wconf 74' lang='grc' dir='ltr'><strong><em>οὖν</em></strong></span> <span class='ocrx_word' id='word_1_62' title='bbox 1693 999 1847 1071; x_wconf 72' lang='grc' dir='ltr'><strong><em>καθ’</em></strong></span> <span class='ocrx_word' id='word_1_63' title='bbox 1898 1005 2296 1094; x_wconf 79' lang='grc' dir='ltr'><strong><em>οἷονδήποτε</em></strong></span> <span class='ocrx_word' id='word_1_64' title='bbox 2336 1007 2589 1092; x_wconf 82' lang='grc' dir='ltr'><strong><em>τρόπον</em></strong></span> 
     </span>
     <span class='ocr_line' id='line_1_9' title="bbox 237 1105 2590 1196; baseline 0 -21"><span class='ocrx_word' id='word_1_65' title='bbox 237 1105 736 1192; x_wconf 77' lang='grc' dir='ltr'><strong><em>ἔδικαιώθησαν</em></strong></span> <span class='ocrx_word' id='word_1_66' title='bbox 780 1113 1055 1196; x_wconf 86' lang='grc' dir='ltr'><strong><em>πένητες</em></strong></span> <span class='ocrx_word' id='word_1_67' title='bbox 1096 1111 1203 1175; x_wconf 85' lang='grc' dir='ltr'><strong><em>καὶ</em></strong></span> <span class='ocrx_word' id='word_1_68' title='bbox 1251 1105 1591 1193; x_wconf 76' lang='grc' dir='ltr'><strong><em>ἀπέλαβον</em></strong></span> <span class='ocrx_word' id='word_1_69' title='bbox 1635 1106 1789 1185; x_wconf 86' lang='grc' dir='ltr'><strong><em>τοὺς</em></strong></span> <span class='ocrx_word' id='word_1_70' title='bbox 1842 1107 2052 1185; x_wconf 79' lang='grc' dir='ltr'><strong><em>ἰδίους</em></strong></span> <span class='ocrx_word' id='word_1_71' title='bbox 2094 1107 2346 1186; x_wconf 81' lang='grc' dir='ltr'><strong><em>τόπους</em></strong></span> <span class='ocrx_word' id='word_1_72' title='bbox 2390 1106 2590 1192; x_wconf 84' lang='grc' dir='ltr'><strong><em>ἀναρ-</em></strong></span> 
     </span>
     <span class='ocr_line' id='line_1_10' title="bbox 236 1205 2587 1296; baseline -0 -22"><span class='ocrx_word' id='word_1_73' title='bbox 236 1207 471 1296; x_wconf 89' lang='grc' dir='ltr'><strong><em>γύρως,</em></strong></span> <span class='ocrx_word' id='word_1_74' title='bbox 516 1214 624 1276; x_wconf 84' lang='grc' dir='ltr'><strong><em>καὶ</em></strong></span> <span class='ocrx_word' id='word_1_75' title='bbox 672 1210 1186 1296; x_wconf 78' lang='grc' dir='ltr'><strong><em>προκομίζουσιν</em></strong></span> <span class='ocrx_word' id='word_1_76' title='bbox 1232 1210 1559 1296; x_wconf 69' lang='grc' dir='ltr'><strong><em>ἔγγραφον</em></strong></span> <span class='ocrx_word' id='word_1_77' title='bbox 1603 1215 1851 1294; x_wconf 83' lang='grc' dir='ltr'><strong><em>κρίσιν,</em></strong></span> <span class='ocrx_word' id='word_1_78' title='bbox 1898 1207 2172 1287; x_wconf 83' lang='grc' dir='ltr'><strong><em>τούτους</em></strong></span> <span class='ocrx_word' id='word_1_79' title='bbox 2206 1205 2251 1296; x_wconf 83' lang='grc' dir='ltr'>ἡ</span> <span class='ocrx_word' id='word_1_80' title='bbox 2299 1205 2587 1296; x_wconf 78' lang='grc' dir='ltr'><strong><em>ὑπεροχή</em></strong></span> 
     </span>
     <span class='ocr_line' id='line_1_11' title="bbox 240 1304 2591 1398; baseline -0.001 -21"><span class='ocrx_word' id='word_1_81' title='bbox 240 1333 367 1377; x_wconf 89' lang='grc' dir='ltr'><strong><em>σου</em></strong></span> <span class='ocrx_word' id='word_1_82' title='bbox 397 1310 483 1398; x_wconf 82' lang='grc' dir='ltr'><strong><em>μὴ</em></strong></span> <span class='ocrx_word' id='word_1_83' title='bbox 518 1310 878 1394; x_wconf 73' lang='grc' dir='ltr'><strong><em>ἔνοχλείτω.</em></strong></span> <span class='ocrx_word' id='word_1_84' title='bbox 942 1312 1001 1379; x_wconf 84' lang='grc' dir='ltr'><strong><em>εἷ</em></strong></span> <span class='ocrx_word' id='word_1_85' title='bbox 1032 1312 1104 1377; x_wconf 89' lang='grc' dir='ltr'><strong><em>δέ</em></strong></span> <span class='ocrx_word' id='word_1_86' title='bbox 1132 1335 1204 1397; x_wconf 88' lang='grc' dir='ltr'><strong><em>γε</em></strong></span> <span class='ocrx_word' id='word_1_87' title='bbox 1234 1307 1691 1397; x_wconf 78' lang='grc' dir='ltr'><strong><em>ἀπολαβόντες</em></strong></span> <span class='ocrx_word' id='word_1_88' title='bbox 1722 1305 1960 1389; x_wconf 78' lang='grc' dir='ltr'><strong><em>αὐτοὺς</em></strong></span> <span class='ocrx_word' id='word_1_89' title='bbox 1992 1306 2383 1395; x_wconf 78' lang='grc' dir='ltr'><strong><em>ὦρίσθησαν</em></strong></span> <span class='ocrx_word' id='word_1_90' title='bbox 2417 1304 2591 1376; x_wconf 88' lang='grc' dir='ltr'><strong><em>ἀπο-</em></strong></span> 
     </span>
     <span class='ocr_line' id='line_1_12' title="bbox 245 1408 2587 1501; baseline -0 -23"><span class='ocrx_word' id='word_1_91' title='bbox 245 1413 482 1479; x_wconf 79' lang='grc' dir='ltr'><strong><em>δοῦναι</em></strong></span> <span class='ocrx_word' id='word_1_92' title='bbox 508 1411 590 1479; x_wconf 88' lang='grc' dir='ltr'><strong><em>τὰ</em></strong></span> <span class='ocrx_word' id='word_1_93' title='bbox 619 1413 954 1501; x_wconf 84' lang='grc' dir='ltr'><strong><em>τιμήματα</em></strong></span> <span class='ocrx_word' id='word_1_94' title='bbox 979 1412 1092 1479; x_wconf 88' lang='grc' dir='ltr'><strong><em>διὰ</em></strong></span> <span class='ocrx_word' id='word_1_95' title='bbox 1121 1418 1565 1498; x_wconf 88' lang='grc' dir='ltr'><strong><em>προθεσμίας,</em></strong></span> <span class='ocrx_word' id='word_1_96' title='bbox 1598 1415 1706 1478; x_wconf 83' lang='grc' dir='ltr'><strong><em>καὶ</em></strong></span> <span class='ocrx_word' id='word_1_97' title='bbox 1739 1413 2088 1499; x_wconf 84' lang='grc' dir='ltr'><strong><em>παρῆλθεν</em></strong></span> <span class='ocrx_word' id='word_1_98' title='bbox 2114 1408 2154 1499; x_wconf 81' lang='grc' dir='ltr'>ἡ</span> <span class='ocrx_word' id='word_1_99' title='bbox 2177 1417 2587 1496; x_wconf 69' lang='grc' dir='ltr'><strong><em>προθεσμία,</em></strong></span> 
     </span>
     <span class='ocr_line' id='line_1_13' title="bbox 244 1507 2592 1600; baseline -0.001 -20"><span class='ocrx_word' id='word_1_100' title='bbox 244 1513 309 1581; x_wconf 85' lang='grc' dir='ltr'><strong><em>εἷ</em></strong></span> <span class='ocrx_word' id='word_1_101' title='bbox 349 1515 472 1598; x_wconf 81' lang='grc' dir='ltr'><strong><em>μὲν</em></strong></span> <span class='ocrx_word' id='word_1_102' title='bbox 514 1512 631 1581; x_wconf 75' lang='grc' dir='ltr'><strong><em>κάν</em></strong></span> <span class='ocrx_word' id='word_1_103' title='bbox 674 1541 741 1580; x_wconf 90' lang='grc' dir='ltr'><strong><em>τι</em></strong></span> <span class='ocrx_word' id='word_1_104' title='bbox 780 1513 1013 1599; x_wconf 87' lang='grc' dir='ltr'><strong><em>μικρὸν</em></strong></span> <span class='ocrx_word' id='word_1_105' title='bbox 1045 1510 1550 1582; x_wconf 80' lang='grc' dir='ltr'><strong><em>ἀποδεδώκασιν</em></strong></span> <span class='ocrx_word' id='word_1_106' title='bbox 1583 1508 1722 1580; x_wconf 86' lang='grc' dir='ltr'><strong><em>ἀπὸ</em></strong></span> <span class='ocrx_word' id='word_1_107' title='bbox 1751 1517 1885 1581; x_wconf 83' lang='grc' dir='ltr'><strong><em>τῶν</em></strong></span> <span class='ocrx_word' id='word_1_108' title='bbox 1914 1514 2318 1599; x_wconf 83' lang='grc' dir='ltr'><strong><em>τιμημάτων,</em></strong></span> <span class='ocrx_word' id='word_1_109' title='bbox 2365 1507 2408 1600; x_wconf 82' lang='grc' dir='ltr'><em>ἢ</em></span> <span class='ocrx_word' id='word_1_110' title='bbox 2440 1536 2592 1579; x_wconf 85' lang='grc' dir='ltr'><strong><em>συν-</em></strong></span> 
     </span>
     <span class='ocr_line' id='line_1_14' title="bbox 239 1614 2592 1702; baseline -0.001 -19"><span class='ocrx_word' id='word_1_111' title='bbox 239 1622 555 1684; x_wconf 80' lang='grc' dir='ltr'><strong><em>τίθενται</em></strong></span> <span class='ocrx_word' id='word_1_112' title='bbox 606 1619 713 1683; x_wconf 81' lang='grc' dir='ltr'><strong><em>καὶ</em></strong></span> <span class='ocrx_word' id='word_1_113' title='bbox 782 1615 1296 1701; x_wconf 74' lang='grc' dir='ltr'><strong><em>ἐπαγγέλλονται</em></strong></span> <span class='ocrx_word' id='word_1_114' title='bbox 1358 1616 1802 1702; x_wconf 82' lang='grc' dir='ltr'><strong><em>λαμβάνοντες</em></strong></span> <span class='ocrx_word' id='word_1_115' title='bbox 1867 1621 2295 1699; x_wconf 89' lang='grc' dir='ltr'><strong><em>προθεσμίαν</em></strong></span> <span class='ocrx_word' id='word_1_116' title='bbox 2362 1614 2592 1700; x_wconf 77' lang='grc' dir='ltr'><strong><em>ἑτέραν</em></strong></span> 
     </span>
     <span class='ocr_line' id='line_1_15' title="bbox 240 1711 2593 1805; baseline -0.002 -21"><span class='ocrx_word' id='word_1_117' title='bbox 240 1721 459 1785; x_wconf 87' lang='grc' dir='ltr'><strong><em>ταῦτα</em></strong></span> <span class='ocrx_word' id='word_1_118' title='bbox 501 1712 891 1796; x_wconf 85' lang='grc' dir='ltr'><strong><em>ἀποδοῦναι,</em></strong></span> <span class='ocrx_word' id='word_1_119' title='bbox 935 1716 1054 1805; x_wconf 88' lang='grc' dir='ltr'><strong><em>χρὴ</em></strong></span> <span class='ocrx_word' id='word_1_120' title='bbox 1101 1717 1216 1783; x_wconf 85' lang='grc' dir='ltr'><strong><em>τὸν</em></strong></span> <span class='ocrx_word' id='word_1_121' title='bbox 1261 1717 1631 1804; x_wconf 88' lang='grc' dir='ltr'><strong><em>θεάρεστον</em></strong></span> <span class='ocrx_word' id='word_1_122' title='bbox 1661 1717 1882 1804; x_wconf 74' lang='grc' dir='ltr'><strong><em>κύριον</em></strong></span> <span class='ocrx_word' id='word_1_123' title='bbox 1902 1722 1943 1752; x_wconf 89' lang='lat'><strong><em>¹⁰</em></strong></span> <span class='ocrx_word' id='word_1_124' title='bbox 1973 1717 2340 1805; x_wconf 78' lang='grc' dir='ltr'><strong><em>ἐγγράφους</em></strong></span> <span class='ocrx_word' id='word_1_125' title='bbox 2371 1711 2593 1802; x_wconf 87' lang='grc' dir='ltr'><strong><em>ἀσφα-</em></strong></span> 
     </span>
     <span class='ocr_line' id='line_1_16' title="bbox 241 1813 2594 1907; baseline -0.001 -22"><span class='ocrx_word' id='word_1_126' title='bbox 241 1817 426 1899; x_wconf 85' lang='grc' dir='ltr'><strong><em>λείας</em></strong></span> <span class='ocrx_word' id='word_1_127' title='bbox 470 1814 843 1907; x_wconf 78' lang='grc' dir='ltr'><strong><em>ἀπαιτῆσαι</em></strong></span> <span class='ocrx_word' id='word_1_128' title='bbox 886 1818 1190 1899; x_wconf 82' lang='grc' dir='ltr'><strong><em>τούτους,</em></strong></span> <span class='ocrx_word' id='word_1_129' title='bbox 1240 1817 1317 1898; x_wconf 76' lang='grc' dir='ltr'><strong><em>ἃς</em></strong></span> <span class='ocrx_word' id='word_1_130' title='bbox 1362 1813 1747 1905; x_wconf 80' lang='grc' dir='ltr'><strong><em>ὀφείλουσιν</em></strong></span> <span class='ocrx_word' id='word_1_131' title='bbox 1794 1816 2193 1885; x_wconf 78' lang='grc' dir='ltr'><strong><em>ἐκτίθεσθαι</em></strong></span> <span class='ocrx_word' id='word_1_132' title='bbox 2237 1816 2410 1904; x_wconf 89' lang='grc' dir='ltr'><strong><em>πρὸς</em></strong></span> <span class='ocrx_word' id='word_1_133' title='bbox 2437 1815 2594 1894; x_wconf 86' lang='grc' dir='ltr'><strong><em>τοὺς</em></strong></span> 
     </span>
     <span class='ocr_line' id='line_1_17' title="bbox 242 1913 2594 2006; baseline -0.002 -18"><span class='ocrx_word' id='word_1_134' title='bbox 242 1917 632 2006; x_wconf 83' lang='grc' dir='ltr'><strong><em>ἀγοραστὰς,</em></strong></span> <span class='ocrx_word' id='word_1_135' title='bbox 682 1917 772 2000; x_wconf 78' lang='grc' dir='ltr'><strong><em>ὥς</em></strong></span> <span class='ocrx_word' id='word_1_136' title='bbox 817 1916 897 1988; x_wconf 76' lang='grc' dir='ltr'><strong><em>δι’</em></strong></span> <span class='ocrx_word' id='word_1_137' title='bbox 948 1921 1172 2006; x_wconf 80' lang='grc' dir='ltr'><strong><em>ἑτέρας</em></strong></span> <span class='ocrx_word' id='word_1_138' title='bbox 1215 1927 1643 2006; x_wconf 87' lang='grc' dir='ltr'><strong><em>προθεσμίας</em></strong></span> <span class='ocrx_word' id='word_1_139' title='bbox 1685 1919 1762 2005; x_wconf 79' lang='grc' dir='ltr'><strong><em>ἢν</em></strong></span> <span class='ocrx_word' id='word_1_140' title='bbox 1808 1913 1888 1986; x_wconf 76' lang='grc' dir='ltr'><strong><em>ἂν</em></strong></span> <span class='ocrx_word' id='word_1_141' title='bbox 1919 1919 1999 1986; x_wconf 86' lang='grc' dir='ltr'><strong><em>σὺ</em></strong></span> <span class='ocrx_word' id='word_1_142' title='bbox 2031 1920 2392 2005; x_wconf 86' lang='grc' dir='ltr'><strong><em>δοκιμάσῃς</em></strong></span> <span class='ocrx_word' id='word_1_143' title='bbox 2420 1913 2594 1984; x_wconf 87' lang='grc' dir='ltr'><strong><em>ἀπο-</em></strong></span> 
     </span>
     <span class='ocr_line' id='line_1_18' title="bbox 245 2014 2594 2111; baseline -0.003 -21"><span class='ocrx_word' id='word_1_144' title='bbox 245 2023 577 2090; x_wconf 86' lang='grc' dir='ltr'><strong><em>δώσουσιν</em></strong></span> <span class='ocrx_word' id='word_1_145' title='bbox 619 2018 663 2111; x_wconf 79' lang='grc' dir='ltr'><em>ἢ</em></span> <span class='ocrx_word' id='word_1_146' title='bbox 704 2022 788 2089; x_wconf 88' lang='grc' dir='ltr'><strong><em>τὰ</em></strong></span> <span class='ocrx_word' id='word_1_147' title='bbox 832 2021 1195 2107; x_wconf 87' lang='grc' dir='ltr'><strong><em>λειπόμενα</em></strong></span> <span class='ocrx_word' id='word_1_148' title='bbox 1237 2015 1280 2109; x_wconf 82' lang='grc' dir='ltr'><em>ἢ</em></span> <span class='ocrx_word' id='word_1_149' title='bbox 1322 2025 1429 2088; x_wconf 84' lang='grc' dir='ltr'><strong><em>καὶ</em></strong></span> <span class='ocrx_word' id='word_1_150' title='bbox 1479 2020 1716 2088; x_wconf 80' lang='grc' dir='ltr'><strong><em>πάντα.</em></strong></span> <span class='ocrx_word' id='word_1_151' title='bbox 1782 2021 1841 2088; x_wconf 83' lang='grc' dir='ltr'><strong><em>εἰ</em></strong></span> <span class='ocrx_word' id='word_1_152' title='bbox 1883 2022 1957 2088; x_wconf 81' lang='grc' dir='ltr'><strong><em>δὲ</em></strong></span> <span class='ocrx_word' id='word_1_153' title='bbox 1993 2017 2183 2087; x_wconf 75' lang='grc' dir='ltr'><strong><em>οὐδὲν</em></strong></span> <span class='ocrx_word' id='word_1_154' title='bbox 2217 2017 2388 2098; x_wconf 80' lang='grc' dir='ltr'><strong><em>ὅλως</em></strong></span> <span class='ocrx_word' id='word_1_155' title='bbox 2419 2014 2594 2086; x_wconf 89' lang='grc' dir='ltr'><strong><em>ἀπο-</em></strong></span> 
     </span>
     <span class='ocr_line' id='line_1_19' title="bbox 247 2119 2593 2210; baseline -0.003 -18"><span class='ocrx_word' id='word_1_156' title='bbox 247 2124 593 2206; x_wconf 85' lang='grc' dir='ltr'><strong><em>δεδώκασι,</em></strong></span> <span class='ocrx_word' id='word_1_157' title='bbox 639 2128 747 2191; x_wconf 79' lang='grc' dir='ltr'><strong><em>καὶ</em></strong></span> <span class='ocrx_word' id='word_1_158' title='bbox 777 2124 1070 2209; x_wconf 89' lang='grc' dir='ltr'><strong><em>μάλιστα</em></strong></span> <span class='ocrx_word' id='word_1_159' title='bbox 1101 2123 1159 2191; x_wconf 77' lang='grc' dir='ltr'><strong><em>εἰ</em></strong></span> <span class='ocrx_word' id='word_1_160' title='bbox 1191 2122 1557 2210; x_wconf 73' lang='grc' dir='ltr'><strong><em>ἐγγράφους</em></strong></span> <span class='ocrx_word' id='word_1_161' title='bbox 1588 2119 1957 2210; x_wconf 84' lang='grc' dir='ltr'><strong><em>ἀσφαλείας</em></strong></span> <span class='ocrx_word' id='word_1_162' title='bbox 1989 2120 2392 2209; x_wconf 77' lang='grc' dir='ltr'><strong><em>ἐποιήσαντο</em></strong></span> <span class='ocrx_word' id='word_1_163' title='bbox 2421 2121 2593 2205; x_wconf 86' lang='grc' dir='ltr'><strong><em>πρὸς</em></strong></span> 
     </span>
     <span class='ocr_line' id='line_1_20' title="bbox 243 2220 2596 2313; baseline -0.002 -20"><span class='ocrx_word' id='word_1_164' title='bbox 243 2227 399 2306; x_wconf 82' lang='grc' dir='ltr'><strong><em>τοὺς</em></strong></span> <span class='ocrx_word' id='word_1_165' title='bbox 443 2221 814 2313; x_wconf 88' lang='grc' dir='ltr'><strong><em>ἀγοραστὰς</em></strong></span> <span class='ocrx_word' id='word_1_166' title='bbox 855 2229 963 2293; x_wconf 87' lang='grc' dir='ltr'><strong><em>καὶ</em></strong></span> <span class='ocrx_word' id='word_1_167' title='bbox 1011 2220 1126 2292; x_wconf 76' lang='grc' dir='ltr'><strong><em>οὐκ</em></strong></span> <span class='ocrx_word' id='word_1_168' title='bbox 1172 2223 1444 2308; x_wconf 75' lang='grc' dir='ltr'><strong><em>ἴσχυσάν</em></strong></span> <span class='ocrx_word' id='word_1_169' title='bbox 1491 2251 1560 2292; x_wconf 86' lang='grc' dir='ltr'><strong><em>τι</em></strong></span> <span class='ocrx_word' id='word_1_170' title='bbox 1602 2235 1971 2310; x_wconf 81' lang='grc' dir='ltr'><strong><em>παρασχεῖν</em></strong></span> <span class='ocrx_word' id='word_1_171' title='bbox 2018 2224 2085 2292; x_wconf 76' lang='grc' dir='ltr'><strong><em>ἐκ</em></strong></span> <span class='ocrx_word' id='word_1_172' title='bbox 2127 2228 2260 2290; x_wconf 86' lang='grc' dir='ltr'><strong><em>τῶν</em></strong></span> <span class='ocrx_word' id='word_1_173' title='bbox 2305 2223 2596 2310; x_wconf 70' lang='grc' dir='ltr'><strong><em>τιμημά-</em></strong></span> 
     </span>
     <span class='ocr_line' id='line_1_21' title="bbox 244 2321 2594 2417; baseline -0.003 -21"><span class='ocrx_word' id='word_1_174' title='bbox 244 2355 399 2410; x_wconf 85' lang='grc' dir='ltr'><strong><em>των,</em></strong></span> <span class='ocrx_word' id='word_1_175' title='bbox 444 2322 487 2417; x_wconf 81' lang='grc' dir='ltr'><em>ἢ</em></span> <span class='ocrx_word' id='word_1_176' title='bbox 529 2328 741 2395; x_wconf 85' lang='grc' dir='ltr'><strong><em>τόπον</em></strong></span> <span class='ocrx_word' id='word_1_177' title='bbox 786 2323 924 2394; x_wconf 86' lang='grc' dir='ltr'><strong><em>ἀπὸ</em></strong></span> <span class='ocrx_word' id='word_1_178' title='bbox 968 2332 1085 2415; x_wconf 88' lang='grc' dir='ltr'><strong><em>τῆς</em></strong></span> <span class='ocrx_word' id='word_1_179' title='bbox 1122 2324 1372 2412; x_wconf 82' lang='grc' dir='ltr'><strong><em>ὄμάδος</em></strong></span> <span class='ocrx_word' id='word_1_180' title='bbox 1399 2331 1519 2393; x_wconf 84' lang='grc' dir='ltr'><strong><em>τοῦ</em></strong></span> <span class='ocrx_word' id='word_1_181' title='bbox 1546 2334 1791 2414; x_wconf 85' lang='grc' dir='ltr'><strong><em>χωρίου</em></strong></span> <span class='ocrx_word' id='word_1_182' title='bbox 1823 2321 2203 2410; x_wconf 79' lang='grc' dir='ltr'><strong><em>ἀποτεμεῖν,</em></strong></span> <span class='ocrx_word' id='word_1_183' title='bbox 2253 2325 2365 2393; x_wconf 75' lang='grc' dir='ltr'><strong><em>ἐὰν</em></strong></span> <span class='ocrx_word' id='word_1_184' title='bbox 2395 2329 2594 2391; x_wconf 86' lang='grc' dir='ltr'><strong><em>τοῦτο</em></strong></span> 
     </span>
     <span class='ocr_line' id='line_1_22' title="bbox 248 2422 2596 2518; baseline -0.001 -21"><span class='ocrx_word' id='word_1_185' title='bbox 248 2432 778 2517; x_wconf 72' lang='grc' dir='ltr'><strong><em>λυσιτελέστερον</em></strong></span> <span class='ocrx_word' id='word_1_186' title='bbox 835 2423 1006 2499; x_wconf 69' lang='grc' dir='ltr'><strong><em>εἶναι</em></strong></span> <span class='ocrx_word' id='word_1_187' title='bbox 1061 2440 1207 2509; x_wconf 86' lang='grc' dir='ltr'><strong><em>τοῖς</em></strong></span> <span class='ocrx_word' id='word_1_188' title='bbox 1261 2435 1503 2517; x_wconf 85' lang='grc' dir='ltr'><strong><em>πένησι</em></strong></span> <span class='ocrx_word' id='word_1_189' title='bbox 1546 2432 1895 2518; x_wconf 85' lang='grc' dir='ltr'><strong><em>κατανοῇς,</em></strong></span> <span class='ocrx_word' id='word_1_190' title='bbox 1954 2422 1998 2517; x_wconf 85' lang='grc' dir='ltr'><em>ἢ</em></span> <span class='ocrx_word' id='word_1_191' title='bbox 2041 2434 2204 2508; x_wconf 87' lang='grc' dir='ltr'><strong><em>τέως</em></strong></span> <span class='ocrx_word' id='word_1_192' title='bbox 2251 2428 2343 2507; x_wconf 82' lang='grc' dir='ltr'><strong><em>εἷς</em></strong></span> <span class='ocrx_word' id='word_1_193' title='bbox 2384 2431 2596 2495; x_wconf 87' lang='grc' dir='ltr'><strong><em>ταῦτα</em></strong></span> 
     </span>
     <span class='ocr_line' id='line_1_23' title="bbox 246 2527 2595 2620; baseline -0.002 -20"><span class='ocrx_word' id='word_1_194' title='bbox 246 2533 333 2602; x_wconf 91' lang='grc' dir='ltr'><strong><em>τὰ</em></strong></span> <span class='ocrx_word' id='word_1_195' title='bbox 389 2535 950 2619; x_wconf 81' lang='grc' dir='ltr'><strong><em>διαπεπραμένα“</em></strong></span> <span class='ocrx_word' id='word_1_196' title='bbox 1012 2532 1297 2620; x_wconf 77' lang='grc' dir='ltr'><strong><em>δημοσίᾳ</em></strong></span> <span class='ocrx_word' id='word_1_197' title='bbox 1355 2533 1724 2618; x_wconf 85' lang='grc' dir='ltr'><strong><em>εἰσαγαγεῖν</em></strong></span> <span class='ocrx_word' id='word_1_198' title='bbox 1743 2535 1784 2567; x_wconf 78' lang='lat'><strong><em>¹²</em></strong></span> <span class='ocrx_word' id='word_1_199' title='bbox 1837 2530 1953 2598; x_wconf 88' lang='grc' dir='ltr'><strong><em>τὸν</em></strong></span> <span class='ocrx_word' id='word_1_200' title='bbox 2017 2527 2417 2617; x_wconf 79' lang='grc' dir='ltr'><strong><em>ἀγοραστὴν,</em></strong></span> <span class='ocrx_word' id='word_1_201' title='bbox 2484 2532 2595 2596; x_wconf 82' lang='grc' dir='ltr'><strong><em>καὶ</em></strong></span> 
     </span>
     <span class='ocr_line' id='line_1_24' title="bbox 248 2628 2596 2723; baseline -0.001 -22"><span class='ocrx_word' id='word_1_202' title='bbox 248 2634 423 2721; x_wconf 86' lang='grc' dir='ltr'><strong><em>πρὸς</em></strong></span> <span class='ocrx_word' id='word_1_203' title='bbox 465 2633 580 2722; x_wconf 89' lang='grc' dir='ltr'><strong><em>τὴν</em></strong></span> <span class='ocrx_word' id='word_1_204' title='bbox 625 2638 742 2701; x_wconf 85' lang='grc' dir='ltr'><strong><em>τοῦ</em></strong></span> <span class='ocrx_word' id='word_1_205' title='bbox 786 2635 1317 2721; x_wconf 81' lang='grc' dir='ltr'><strong><em>καταβληθέντος</em></strong></span> <span class='ocrx_word' id='word_1_206' title='bbox 1365 2630 1521 2719; x_wconf 76' lang='grc' dir='ltr'><strong><em>παρ’</em></strong></span> <span class='ocrx_word' id='word_1_207' title='bbox 1573 2629 1774 2700; x_wconf 75' lang='grc' dir='ltr'><strong><em>αὐτοῦ</em></strong></span> <span class='ocrx_word' id='word_1_208' title='bbox 1820 2637 2040 2700; x_wconf 86' lang='grc' dir='ltr'><strong><em>ποσοῦ</em></strong></span> <span class='ocrx_word' id='word_1_209' title='bbox 2088 2628 2442 2723; x_wconf 87' lang='grc' dir='ltr'><strong><em>ἀναλογίαν</em></strong></span> <span class='ocrx_word' id='word_1_210' title='bbox 2485 2634 2596 2698; x_wconf 86' lang='grc' dir='ltr'><strong><em>καὶ</em></strong></span> 
     </span>
     <span class='ocr_line' id='line_1_25' title="bbox 246 2730 2599 2824; baseline -0.001 -22"><span class='ocrx_word' id='word_1_211' title='bbox 246 2736 366 2823; x_wconf 89' lang='grc' dir='ltr'><strong><em>τὴν</em></strong></span> <span class='ocrx_word' id='word_1_212' title='bbox 422 2736 491 2803; x_wconf 74' lang='grc' dir='ltr'><strong><em>ἐκ</em></strong></span> <span class='ocrx_word' id='word_1_213' title='bbox 548 2739 665 2824; x_wconf 84' lang='grc' dir='ltr'><strong><em>τῆς</em></strong></span> <span class='ocrx_word' id='word_1_214' title='bbox 708 2732 1144 2815; x_wconf 87' lang='grc' dir='ltr'><strong><em>ἀπολαύσεως</em></strong></span> <span class='ocrx_word' id='word_1_215' title='bbox 1185 2738 1318 2803; x_wconf 83' lang='grc' dir='ltr'><strong><em>τῶν</em></strong></span> <span class='ocrx_word' id='word_1_216' title='bbox 1361 2735 1591 2803; x_wconf 88' lang='grc' dir='ltr'><strong><em>τόπων</em></strong></span> <span class='ocrx_word' id='word_1_217' title='bbox 1638 2735 1949 2822; x_wconf 74' lang='grc' dir='ltr'><strong><em>ἐσομένην</em></strong></span> <span class='ocrx_word' id='word_1_218' title='bbox 1996 2730 2171 2819; x_wconf 76' lang='grc' dir='ltr'><strong><em>αὐτῷ</em></strong></span> <span class='ocrx_word' id='word_1_219' title='bbox 2219 2732 2539 2821; x_wconf 79' lang='grc' dir='ltr'><strong><em>εἰσφορὰν</em></strong></span> <span class='ocrx_word' id='word_1_220' title='bbox 2556 2736 2599 2768; x_wconf 83' lang='lat'><strong><em>¹³</em></strong></span> 
     </span>
     <span class='ocr_line' id='line_1_26' title="bbox 248 2828 2599 2927; baseline -0.003 -21"><span class='ocrx_word' id='word_1_221' title='bbox 248 2835 351 2925; x_wconf 76' lang='grc' dir='ltr'><strong><em>ἐφ’</em></strong></span> <span class='ocrx_word' id='word_1_222' title='bbox 403 2834 563 2905; x_wconf 74' lang='grc' dir='ltr'><strong><em>ὅσον</em></strong></span> <span class='ocrx_word' id='word_1_223' title='bbox 609 2833 867 2927; x_wconf 81' lang='grc' dir='ltr'><strong><em>ὀφείλει</em></strong></span> <span class='ocrx_word' id='word_1_224' title='bbox 907 2838 1063 2916; x_wconf 82' lang='grc' dir='ltr'><strong><em>τοὺς</em></strong></span> <span class='ocrx_word' id='word_1_225' title='bbox 1103 2836 1448 2917; x_wconf 86' lang='grc' dir='ltr'><strong><em>τοιούτους</em></strong></span> <span class='ocrx_word' id='word_1_226' title='bbox 1493 2840 1892 2924; x_wconf 83' lang='grc' dir='ltr'><strong><em>νεμηθῆναι,</em></strong></span> <span class='ocrx_word' id='word_1_227' title='bbox 1940 2833 2053 2901; x_wconf 75' lang='grc' dir='ltr'><strong><em>ἐπὶ</em></strong></span> <span class='ocrx_word' id='word_1_228' title='bbox 2097 2838 2277 2920; x_wconf 87' lang='grc' dir='ltr'><strong><em>τρισὶ</em></strong></span> <span class='ocrx_word' id='word_1_229' title='bbox 2321 2834 2512 2918; x_wconf 86' lang='grc' dir='ltr'><strong><em>τυχὸν</em></strong></span> <span class='ocrx_word' id='word_1_230' title='bbox 2558 2828 2599 2921; x_wconf 81' lang='grc' dir='ltr'><em>ἢ</em></span> 
     </span>
     <span class='ocr_line' id='line_1_27' title="bbox 248 2936 2600 3027; baseline -0.003 -20"><span class='ocrx_word' id='word_1_231' title='bbox 248 2944 359 3007; x_wconf 82' lang='grc' dir='ltr'><strong><em>καὶ</em></strong></span> <span class='ocrx_word' id='word_1_232' title='bbox 405 2942 675 3007; x_wconf 85' lang='grc' dir='ltr'><strong><em>πλείοσι</em></strong></span> <span class='ocrx_word' id='word_1_233' title='bbox 712 2938 992 3026; x_wconf 88' lang='grc' dir='ltr'><strong><em>χρόνοις,</em></strong></span> <span class='ocrx_word' id='word_1_234' title='bbox 1038 2938 1127 3027; x_wconf 87' lang='grc' dir='ltr'><strong><em>μὴ</em></strong></span> <span class='ocrx_word' id='word_1_235' title='bbox 1172 2944 1545 3024; x_wconf 86' lang='grc' dir='ltr'><strong><em>περαιτέρω</em></strong></span> <span class='ocrx_word' id='word_1_236' title='bbox 1592 2940 1722 3004; x_wconf 62' lang='grc' dir='ltr'><strong><em>δὲ’*</em></strong></span> <span class='ocrx_word' id='word_1_237' title='bbox 1750 2940 1883 3003; x_wconf 84' lang='grc' dir='ltr'><strong><em>τῶν</em></strong></span> <span class='ocrx_word' id='word_1_238' title='bbox 1916 2938 2088 3016; x_wconf 80' lang='grc' dir='ltr'><strong><em>δέκα,</em></strong></span> <span class='ocrx_word' id='word_1_239' title='bbox 2136 2941 2242 3001; x_wconf 77' lang='grc' dir='ltr'><strong><em>καὶ</em></strong></span> <span class='ocrx_word' id='word_1_240' title='bbox 2278 2936 2600 3022; x_wconf 86' lang='grc' dir='ltr'><strong><em>ἰδιόχειρα</em></strong></span> 
     </span>
     <span class='ocr_line' id='line_1_28' title="bbox 250 3032 2600 3129; baseline -0.003 -20"><span class='ocrx_word' id='word_1_241' title='bbox 250 3037 580 3127; x_wconf 84' lang='grc' dir='ltr'><strong><em>ἀμοιβαῖα</em></strong></span> <span class='ocrx_word' id='word_1_242' title='bbox 623 3040 1208 3127; x_wconf 61' lang='grc' dir='ltr'><strong><em>παρασκευάσεις’5</em></strong></span> <span class='ocrx_word' id='word_1_243' title='bbox 1251 3036 1668 3129; x_wconf 81' lang='grc' dir='ltr'><strong><em>ἀμφοτέρους</em></strong></span> <span class='ocrx_word' id='word_1_244' title='bbox 1711 3039 2060 3115; x_wconf 77' lang='grc' dir='ltr'><strong><em>ἐκθέσθαι,</em></strong></span> <span class='ocrx_word' id='word_1_245' title='bbox 2108 3036 2265 3114; x_wconf 87' lang='grc' dir='ltr'><strong><em>τοὺς</em></strong></span> <span class='ocrx_word' id='word_1_246' title='bbox 2292 3039 2411 3120; x_wconf 82' lang='grc' dir='ltr'><strong><em>μὲν</em></strong></span> <span class='ocrx_word' id='word_1_247' title='bbox 2444 3032 2600 3121; x_wconf 85' lang='grc' dir='ltr'><strong><em>ἀγο-</em></strong></span> 
     </span>
     <span class='ocr_line' id='line_1_29' title="bbox 251 3133 2600 3230; baseline -0.003 -20"><span class='ocrx_word' id='word_1_248' title='bbox 251 3142 502 3230; x_wconf 88' lang='grc' dir='ltr'><strong><em>ραστὰς</em></strong></span> <span class='ocrx_word' id='word_1_249' title='bbox 543 3144 716 3228; x_wconf 88' lang='grc' dir='ltr'><strong><em>πρὸς</em></strong></span> <span class='ocrx_word' id='word_1_250' title='bbox 757 3143 912 3222; x_wconf 85' lang='grc' dir='ltr'><strong><em>τοὺς</em></strong></span> <span class='ocrx_word' id='word_1_251' title='bbox 951 3150 1255 3229; x_wconf 84' lang='grc' dir='ltr'><strong><em>χωρίτας,</em></strong></span> <span class='ocrx_word' id='word_1_252' title='bbox 1300 3141 1454 3221; x_wconf 85' lang='grc' dir='ltr'><strong><em>τοὺς</em></strong></span> <span class='ocrx_word' id='word_1_253' title='bbox 1501 3143 1572 3208; x_wconf 81' lang='grc' dir='ltr'><strong><em>δὲ</em></strong></span> <span class='ocrx_word' id='word_1_254' title='bbox 1613 3147 1897 3226; x_wconf 88' lang='grc' dir='ltr'><strong><em>χωρίτας</em></strong></span> <span class='ocrx_word' id='word_1_255' title='bbox 1942 3136 2114 3224; x_wconf 84' lang='grc' dir='ltr'><strong><em>πρὸς</em></strong></span> <span class='ocrx_word' id='word_1_256' title='bbox 2159 3137 2313 3216; x_wconf 81' lang='grc' dir='ltr'><strong><em>τοὺς</em></strong></span> <span class='ocrx_word' id='word_1_257' title='bbox 2358 3133 2600 3223; x_wconf 76' lang='grc' dir='ltr'><strong><em>ἀγορα-</em></strong></span> 
     </span>
     <span class='ocr_line' id='line_1_30' title="bbox 252 3234 2600 3330; baseline -0.004 -19"><span class='ocrx_word' id='word_1_258' title='bbox 252 3245 446 3326; x_wconf 83' lang='grc' dir='ltr'><strong><em>στὰς,</em></strong></span> <span class='ocrx_word' id='word_1_259' title='bbox 506 3240 692 3324; x_wconf 82' lang='grc' dir='ltr'><strong><em>ὅπως</em></strong></span> <span class='ocrx_word' id='word_1_260' title='bbox 751 3244 862 3311; x_wconf 87' lang='grc' dir='ltr'><strong><em>διὰ</em></strong></span> <span class='ocrx_word' id='word_1_261' title='bbox 905 3249 1021 3313; x_wconf 84' lang='grc' dir='ltr'><strong><em>τοῦ</em></strong></span> <span class='ocrx_word' id='word_1_262' title='bbox 1069 3242 1435 3330; x_wconf 74' lang='grc' dir='ltr'><strong><em>ὡρισμένου</em></strong></span> <span class='ocrx_word' id='word_1_263' title='bbox 1477 3243 1714 3327; x_wconf 87' lang='grc' dir='ltr'><strong><em>χρόνου</em></strong></span> <span class='ocrx_word' id='word_1_264' title='bbox 1758 3245 1875 3329; x_wconf 83' lang='grc' dir='ltr'><strong><em>τῆς</em></strong></span> <span class='ocrx_word' id='word_1_265' title='bbox 1919 3234 2354 3317; x_wconf 86' lang='grc' dir='ltr'><strong><em>ἀπολαύσεως</em></strong></span> <span class='ocrx_word' id='word_1_266' title='bbox 2399 3236 2600 3325; x_wconf 74' lang='grc' dir='ltr'><strong><em>οὔσης</em></strong></span> 
     </span>
     <span class='ocr_line' id='line_1_31' title="bbox 254 3328 2599 3433; baseline -0.003 -22"><span class='ocrx_word' id='word_1_267' title='bbox 254 3340 405 3411; x_wconf 86' lang='grc' dir='ltr'><strong><em>ἀντὶ</em></strong></span> <span class='ocrx_word' id='word_1_268' title='bbox 457 3349 589 3412; x_wconf 77' lang='grc' dir='ltr'><strong><em>τῶν</em></strong></span> <span class='ocrx_word' id='word_1_269' title='bbox 643 3345 1028 3433; x_wconf 85' lang='grc' dir='ltr'><strong><em>τιμημάτων</em></strong></span> <span class='ocrx_word' id='word_1_270' title='bbox 1084 3349 1176 3432; x_wconf 75' lang='grc' dir='ltr'><strong><em>τῷ</em></strong></span> <span class='ocrx_word' id='word_1_271' title='bbox 1237 3342 1565 3433; x_wconf 86' lang='grc' dir='ltr'><strong><em>άγοραστῇ</em></strong></span> <span class='ocrx_word' id='word_1_272' title='bbox 1627 3343 1797 3429; x_wconf 88' lang='grc' dir='ltr'><strong><em>πρὸς</em></strong></span> <span class='ocrx_word' id='word_1_273' title='bbox 1840 3340 1956 3429; x_wconf 85' lang='grc' dir='ltr'><strong><em>τὴν</em></strong></span> <span class='ocrx_word' id='word_1_274' title='bbox 2000 3340 2349 3428; x_wconf 84' lang='grc' dir='ltr'><strong><em>κοινότητα</em></strong></span> <span class='ocrx_word' id='word_1_275' title='bbox 2395 3328 2599 3417; x_wconf 75' lang='grc' dir='ltr'><strong><em>αὖθις</em></strong></span> 
     </span>
     <span class='ocr_line' id='line_1_32' title="bbox 252 3440 2602 3537; baseline -0.002 -24"><span class='ocrx_word' id='word_1_276' title='bbox 252 3448 674 3535; x_wconf 83' lang='grc' dir='ltr'><strong><em>παλινδρομῇ</em></strong></span> <span class='ocrx_word' id='word_1_277' title='bbox 718 3442 755 3535; x_wconf 83' lang='grc' dir='ltr'><em>ἦ</em></span> <span class='ocrx_word' id='word_1_278' title='bbox 802 3451 933 3513; x_wconf 81' lang='grc' dir='ltr'><strong><em>τῶν</em></strong></span> <span class='ocrx_word' id='word_1_279' title='bbox 978 3446 1206 3513; x_wconf 85' lang='grc' dir='ltr'><strong><em>τόπων</em></strong></span> <span class='ocrx_word' id='word_1_280' title='bbox 1246 3450 1496 3534; x_wconf 85' lang='grc' dir='ltr'><strong><em>χρῆσις,</em></strong></span> <span class='ocrx_word' id='word_1_281' title='bbox 1550 3449 1666 3533; x_wconf 84' lang='grc' dir='ltr'><strong><em>τῆς</em></strong></span> <span class='ocrx_word' id='word_1_282' title='bbox 1713 3446 1782 3513; x_wconf 81' lang='grc' dir='ltr'><strong><em>δὲ</em></strong></span> <span class='ocrx_word' id='word_1_283' title='bbox 1829 3440 2221 3537; x_wconf 82' lang='grc' dir='ltr'><strong><em>δεσποτείας</em></strong></span> <span class='ocrx_word' id='word_1_284' title='bbox 2263 3443 2602 3529; x_wconf 86' lang='grc' dir='ltr'><strong><em>μηδέποτε</em></strong></span> 
     </span>
     <span class='ocr_line' id='line_1_33' title="bbox 253 3542 2601 3636; baseline -0.002 -22"><span class='ocrx_word' id='word_1_285' title='bbox 253 3546 507 3616; x_wconf 87' lang='grc' dir='ltr'><strong><em>τούτων</em></strong></span> <span class='ocrx_word' id='word_1_286' title='bbox 553 3549 619 3615; x_wconf 80' lang='grc' dir='ltr'><strong><em>οἱ</em></strong></span> <span class='ocrx_word' id='word_1_287' title='bbox 648 3554 923 3636; x_wconf 84' lang='grc' dir='ltr'><strong><em>πένητες</em></strong></span> <span class='ocrx_word' id='word_1_288' title='bbox 954 3548 1386 3630; x_wconf 78' lang='grc' dir='ltr'><strong><em>ἐκπίπτωσιν,</em></strong></span> <span class='ocrx_word' id='word_1_289' title='bbox 1435 3542 1572 3616; x_wconf 79' lang='grc' dir='ltr'><strong><em>ἀλλ’</em></strong></span> <span class='ocrx_word' id='word_1_290' title='bbox 1615 3549 1713 3634; x_wconf 81' lang='grc' dir='ltr'><strong><em>εἰἠ</em></strong></span> <span class='ocrx_word' id='word_1_291' title='bbox 1749 3546 1862 3613; x_wconf 87' lang='grc' dir='ltr'><strong><em>διὰ</em></strong></span> <span class='ocrx_word' id='word_1_292' title='bbox 1892 3550 2010 3613; x_wconf 82' lang='grc' dir='ltr'><strong><em>τοῦ</em></strong></span> <span class='ocrx_word' id='word_1_293' title='bbox 2043 3544 2371 3633; x_wconf 79' lang='grc' dir='ltr'><strong><em>ἐγγράφου</em></strong></span> <span class='ocrx_word' id='word_1_294' title='bbox 2405 3545 2601 3630; x_wconf 82' lang='grc' dir='ltr'><strong><em>δῆλον</em></strong></span> 
     </span>
    </p>
   </div>
   <div class='ocr_carea' id='block_1_3' title="bbox 356 3707 587 3714">
    <p class='ocr_par' dir='ltr' id='par_1_3' title="bbox 356 3707 587 3714">
     <span class='ocr_line' id='line_1_34' title="bbox 356 3707 587 3714; baseline 0 1236"><span class='ocrx_word' id='word_1_295' title='bbox 356 3707 587 3714; x_wconf 95' lang='lat' dir='ltr'><strong><em> </em></strong></span> 
     </span>
    </p>
   </div>
   <div class='ocr_carea' id='block_1_4' title="bbox 606 3708 971 3716">
    <p class='ocr_par' dir='ltr' id='par_1_4' title="bbox 606 3708 971 3716">
     <span class='ocr_line' id='line_1_35' title="bbox 606 3708 971 3716; baseline 0.005 -2"><span class='ocrx_word' id='word_1_296' title='bbox 606 3708 697 3715; x_wconf 45' lang='grc' dir='ltr'><strong><em>-φμ-</em></strong></span> <span class='ocrx_word' id='word_1_297' title='bbox 764 3710 771 3711; x_wconf 31' lang='lat' dir='ltr'><em>ff</em></span> <span class='ocrx_word' id='word_1_298' title='bbox 828 3708 971 3716; x_wconf 53' lang='lat'><strong><em>---—</em></strong></span> 
     </span>
    </p>
   </div>
   <div class='ocr_carea' id='block_1_5' title="bbox 255 3783 2605 4443">
    <p class='ocr_par' dir='ltr' id='par_1_5' title="bbox 255 3783 2605 4443">
     <span class='ocr_line' id='line_1_36' title="bbox 386 3783 2604 3852; baseline -0.004 -15"><span class='ocrx_word' id='word_1_299' title='bbox 386 3784 412 3814; x_wconf 74' lang='lat'><strong>⁹</strong></span> <span class='ocrx_word' id='word_1_300' title='bbox 460 3789 493 3837; x_wconf 83' lang='lat' dir='ltr'><strong><em>i.</em></strong></span> <span class='ocrx_word' id='word_1_301' title='bbox 544 3804 585 3837; x_wconf 82' lang='lat' dir='ltr'><strong><em>e.</em></strong></span> <span class='ocrx_word' id='word_1_302' title='bbox 632 3787 885 3836; x_wconf 83' lang='lat' dir='ltr'>Theodoro</span> <span class='ocrx_word' id='word_1_303' title='bbox 935 3788 1176 3849; x_wconf 72' lang='lat' dir='ltr'><strong>magistre.</strong></span> <span class='ocrx_word' id='word_1_304' title='bbox 1408 3783 1446 3812; x_wconf 83' lang='lat'><strong><em>¹⁰</em></strong></span> <span class='ocrx_word' id='word_1_305' title='bbox 1493 3787 1676 3835; x_wconf 76' lang='lat' dir='ltr'>Nomen</span> <span class='ocrx_word' id='word_1_306' title='bbox 1714 3784 1813 3832; x_wconf 85' lang='grc' dir='ltr'><strong><em>τοῦ</em></strong></span> <span class='ocrx_word' id='word_1_307' title='bbox 1860 3784 2080 3852; x_wconf 82' lang='grc' dir='ltr'><strong><em>κριτοῦ,</em></strong></span> <span class='ocrx_word' id='word_1_308' title='bbox 2120 3785 2188 3832; x_wconf 74' lang='lat' dir='ltr'><strong><em>uti</em></strong></span> <span class='ocrx_word' id='word_1_309' title='bbox 2225 3785 2434 3843; x_wconf 75' lang='lat' dir='ltr'><strong>videtur,</strong></span> <span class='ocrx_word' id='word_1_310' title='bbox 2489 3795 2604 3843; x_wconf 86' lang='lat' dir='ltr'>sup-</span> 
     </span>
     <span class='ocr_line' id='line_1_37' title="bbox 255 3866 2604 3936; baseline -0.004 -14"><span class='ocrx_word' id='word_1_311' title='bbox 255 3886 476 3936; x_wconf 78' lang='lat' dir='ltr'><strong>pressum</strong></span> <span class='ocrx_word' id='word_1_312' title='bbox 516 3878 603 3921; x_wconf 73' lang='lat' dir='ltr'><strong><em>est.</em></strong></span> <span class='ocrx_word' id='word_1_313' title='bbox 674 3871 789 3933; x_wconf 82' lang='lat' dir='ltr'><strong>„Sic</strong></span> <span class='ocrx_word' id='word_1_314' title='bbox 828 3872 1005 3935; x_wconf 82' lang='lat' dir='ltr'>euim“‚</span> <span class='ocrx_word' id='word_1_315' title='bbox 1054 3879 1105 3922; x_wconf 75' lang='lat' dir='ltr'><strong><em>ut</em></strong></span> <span class='ocrx_word' id='word_1_316' title='bbox 1140 3871 1206 3921; x_wconf 81' lang='lat' dir='ltr'><strong><em>ait</em></strong></span> <span class='ocrx_word' id='word_1_317' title='bbox 1244 3872 1519 3932; x_wconf 78' lang='lat' dir='ltr'>Lahbaeus,</span> <span class='ocrx_word' id='word_1_318' title='bbox 1567 3870 1874 3934; x_wconf 81' lang='lat' dir='ltr'>„hujusmodi</span> <span class='ocrx_word' id='word_1_319' title='bbox 1913 3868 2282 3918; x_wconf 77' lang='lat' dir='ltr'><strong>constitutiones</strong></span> <span class='ocrx_word' id='word_1_320' title='bbox 2320 3867 2366 3914; x_wconf 89' lang='lat' dir='ltr'><strong><em>in</em></strong></span> <span class='ocrx_word' id='word_1_321' title='bbox 2403 3866 2604 3913; x_wconf 80' lang='lat' dir='ltr'><strong>archivis</strong></span> 
     </span>
     <span class='ocr_line' id='line_1_38' title="bbox 258 3941 2603 4020; baseline -0.003 -15"><span class='ocrx_word' id='word_1_322' title='bbox 258 3958 617 4020; x_wconf 80' lang='lat' dir='ltr'>imperatorum,</span> <span class='ocrx_word' id='word_1_323' title='bbox 656 3964 709 4006; x_wconf 78' lang='lat' dir='ltr'><strong><em>ut</em></strong></span> <span class='ocrx_word' id='word_1_324' title='bbox 744 3964 791 4005; x_wconf 80' lang='lat' dir='ltr'><strong><em>et</em></strong></span> <span class='ocrx_word' id='word_1_325' title='bbox 826 3956 1056 4006; x_wconf 70' lang='lat' dir='ltr'><strong><em>formatae</em></strong></span> <span class='ocrx_word' id='word_1_326' title='bbox 1095 3955 1327 4020; x_wconf 75' lang='lat' dir='ltr'><strong>epistolae</strong></span> <span class='ocrx_word' id='word_1_327' title='bbox 1367 3962 1412 4003; x_wconf 77' lang='lat' dir='ltr'><strong><em>et</em></strong></span> <span class='ocrx_word' id='word_1_328' title='bbox 1448 3941 1541 4001; x_wconf 75' lang='grc' dir='ltr'><strong><em>Ῑσα</em></strong></span> <span class='ocrx_word' id='word_1_329' title='bbox 1579 3954 1624 4001; x_wconf 84' lang='lat' dir='ltr'><strong><em>in</em></strong></span> <span class='ocrx_word' id='word_1_330' title='bbox 1663 3952 1854 4001; x_wconf 78' lang='lat' dir='ltr'>scriniis</span> <span class='ocrx_word' id='word_1_331' title='bbox 1893 3954 2258 4015; x_wconf 83' lang='lat' dir='ltr'>episcoporum,</span> <span class='ocrx_word' id='word_1_332' title='bbox 2295 3950 2603 3997; x_wconf 75' lang='lat' dir='ltr'>servabantur</span> 
     </span>
     <span class='ocr_line' id='line_1_39' title="bbox 259 4028 2604 4105; baseline -0.005 -16"><span class='ocrx_word' id='word_1_333' title='bbox 259 4041 436 4091; x_wconf 75' lang='lat' dir='ltr'><strong>nonius</strong></span> <span class='ocrx_word' id='word_1_334' title='bbox 472 4042 664 4090; x_wconf 87' lang='lat' dir='ltr'><strong>nomine</strong></span> <span class='ocrx_word' id='word_1_335' title='bbox 703 4042 961 4105; x_wconf 75' lang='lat' dir='ltr'>adscrip10‚</span> <span class='ocrx_word' id='word_1_336' title='bbox 1000 4042 1225 4104; x_wconf 84' lang='lat' dir='ltr'>quoniam</span> <span class='ocrx_word' id='word_1_337' title='bbox 1262 4040 1322 4088; x_wconf 84' lang='lat' dir='ltr'><strong><em>ad</em></strong></span> <span class='ocrx_word' id='word_1_338' title='bbox 1359 4038 1520 4102; x_wconf 82' lang='lat' dir='ltr'><strong>plures</strong></span> <span class='ocrx_word' id='word_1_339' title='bbox 1557 4036 1915 4086; x_wconf 72' lang='lat' dir='ltr'>mittebantur“.</span> <span class='ocrx_word' id='word_1_340' title='bbox 2055 4034 2085 4060; x_wconf 89' lang='lat'><strong><em>¹¹</em></strong></span> <span class='ocrx_word' id='word_1_341' title='bbox 2125 4035 2268 4084; x_wconf 78' lang='lat' dir='ltr'><strong>Lahb.</strong></span> <span class='ocrx_word' id='word_1_342' title='bbox 2308 4028 2604 4097; x_wconf 81' lang='grc' dir='ltr'><strong><em>διαπεπρα-</em></strong></span> 
     </span>
     <span class='ocr_line' id='line_1_40' title="bbox 258 4109 2603 4189; baseline -0.004 -16"><span class='ocrx_word' id='word_1_343' title='bbox 258 4121 453 4188; x_wconf 77' lang='grc' dir='ltr'><strong><em>γμένα,</em></strong></span> <span class='ocrx_word' id='word_1_344' title='bbox 494 4125 624 4189; x_wconf 83' lang='lat' dir='ltr'>quod</span> <span class='ocrx_word' id='word_1_345' title='bbox 664 4140 717 4174; x_wconf 85' lang='lat' dir='ltr'><strong><em>ex</em></strong></span> <span class='ocrx_word' id='word_1_346' title='bbox 754 4125 878 4189; x_wconf 79' lang='lat' dir='ltr'>Epit.</span> <span class='ocrx_word' id='word_1_347' title='bbox 917 4126 1116 4174; x_wconf 83' lang='lat' dir='ltr'>correxi.</span> <span class='ocrx_word' id='word_1_348' title='bbox 1337 4121 1372 4148; x_wconf 83' lang='lat'><strong><em>¹²</em></strong></span> <span class='ocrx_word' id='word_1_349' title='bbox 1407 4124 1562 4172; x_wconf 77' lang='lat' dir='ltr'><strong>Malim</strong></span> <span class='ocrx_word' id='word_1_350' title='bbox 1601 4113 1875 4187; x_wconf 72' lang='grc' dir='ltr'><strong><em>ἀποτέμῃς</em></strong></span> <span class='ocrx_word' id='word_1_351' title='bbox 1910 4127 1956 4169; x_wconf 77' lang='grc' dir='ltr'><strong><em>ει</em></strong></span> <span class='ocrx_word' id='word_1_352' title='bbox 1991 4110 2302 4185; x_wconf 70' lang='grc' dir='ltr'><strong><em>εἰσαγάγῃς.</em></strong></span> <span class='ocrx_word' id='word_1_353' title='bbox 2380 4118 2435 4166; x_wconf 81' lang='lat' dir='ltr'><strong><em>Et</em></strong></span> <span class='ocrx_word' id='word_1_354' title='bbox 2469 4109 2603 4165; x_wconf 73' lang='grc' dir='ltr'><strong><em>ἀπο-</em></strong></span> 
     </span>
     <span class='ocr_line' id='line_1_41' title="bbox 260 4195 2597 4275; baseline -0.003 -19"><span class='ocrx_word' id='word_1_355' title='bbox 260 4206 425 4275; x_wconf 72' lang='grc' dir='ltr'><strong><em>τέμῃς</em></strong></span> <span class='ocrx_word' id='word_1_356' title='bbox 470 4210 664 4272; x_wconf 82' lang='lat' dir='ltr'>quidem</span> <span class='ocrx_word' id='word_1_357' title='bbox 714 4208 837 4272; x_wconf 67' lang='lat' dir='ltr'><strong>Epic.</strong></span> <span class='ocrx_word' id='word_1_358' title='bbox 888 4210 1058 4258; x_wconf 80' lang='lat' dir='ltr'>babet:</span> <span class='ocrx_word' id='word_1_359' title='bbox 1114 4224 1199 4272; x_wconf 79' lang='lat' dir='ltr'><strong><em>pro</em></strong></span> <span class='ocrx_word' id='word_1_360' title='bbox 1260 4200 1577 4272; x_wconf 80' lang='grc' dir='ltr'><strong><em>εἰσαγαγεῖν</em></strong></span> <span class='ocrx_word' id='word_1_361' title='bbox 1608 4221 1718 4255; x_wconf 82' lang='lat' dir='ltr'>vero</span> <span class='ocrx_word' id='word_1_362' title='bbox 1755 4205 1896 4268; x_wconf 79' lang='lat' dir='ltr'><strong>legit:</strong></span> <span class='ocrx_word' id='word_1_363' title='bbox 1948 4197 2160 4270; x_wconf 75' lang='grc' dir='ltr'><strong><em>εἰσέλθῃ</em></strong></span> <span class='ocrx_word' id='word_1_364' title='bbox 2201 4196 2228 4251; x_wconf 84' lang='grc' dir='ltr'><strong><em>ὃ</em></strong></span> <span class='ocrx_word' id='word_1_365' title='bbox 2268 4195 2597 4272; x_wconf 74' lang='grc' dir='ltr'><strong><em>ἀγοραστής.</em></strong></span> 
     </span>
     <span class='ocr_line' id='line_1_42' title="bbox 258 4285 2605 4359; baseline -0.004 -15"><span class='ocrx_word' id='word_1_366' title='bbox 258 4290 292 4320; x_wconf 82' lang='lat'><strong><em>¹⁸</em></strong></span> <span class='ocrx_word' id='word_1_367' title='bbox 326 4294 392 4344; x_wconf 83' lang='lat' dir='ltr'><strong><em>Ex</em></strong></span> <span class='ocrx_word' id='word_1_368' title='bbox 430 4293 552 4357; x_wconf 68' lang='lat' dir='ltr'>Epi«.</span> <span class='ocrx_word' id='word_1_369' title='bbox 589 4293 860 4345; x_wconf 82' lang='lat' dir='ltr'>addendum</span> <span class='ocrx_word' id='word_1_370' title='bbox 899 4286 1101 4359; x_wconf 75' lang='grc' dir='ltr'><strong><em>ὄρίσεις</em></strong></span> <span class='ocrx_word' id='word_1_371' title='bbox 1135 4293 1202 4342; x_wconf 80' lang='lat' dir='ltr'><strong><em>vel</em></strong></span> <span class='ocrx_word' id='word_1_372' title='bbox 1242 4285 1443 4359; x_wconf 71' lang='grc' dir='ltr'><strong><em>ὁρίσῃς.</em></strong></span> <span class='ocrx_word' id='word_1_373' title='bbox 1623 4288 1659 4315; x_wconf 67' lang='lat'><strong><em>¹*</em></strong></span> <span class='ocrx_word' id='word_1_374' title='bbox 1695 4290 1760 4339; x_wconf 80' lang='lat' dir='ltr'><strong><em>Ex</em></strong></span> <span class='ocrx_word' id='word_1_375' title='bbox 1795 4289 1920 4353; x_wconf 77' lang='lat' dir='ltr'><strong>Epit.</strong></span> <span class='ocrx_word' id='word_1_376' title='bbox 1956 4290 2096 4339; x_wconf 79' lang='lat' dir='ltr'><strong>addo.</strong></span> <span class='ocrx_word' id='word_1_377' title='bbox 2247 4287 2284 4315; x_wconf 85' lang='lat'><strong><em>¹⁵</em></strong></span> <span class='ocrx_word' id='word_1_378' title='bbox 2323 4289 2466 4338; x_wconf 76' lang='lat' dir='ltr'>Labb.</span> <span class='ocrx_word' id='word_1_379' title='bbox 2503 4302 2605 4335; x_wconf 84' lang='grc' dir='ltr'><strong><em>πα-</em></strong></span> 
     </span>
     <span class='ocr_line' id='line_1_43' title="bbox 260 4372 1468 4443; baseline -0.002 -16"><span class='ocrx_word' id='word_1_380' title='bbox 260 4372 614 4443; x_wconf 79' lang='grc' dir='ltr'><strong><em>ρασκευάσαι,</em></strong></span> <span class='ocrx_word' id='word_1_381' title='bbox 655 4377 785 4440; x_wconf 90' lang='lat' dir='ltr'>quod</span> <span class='ocrx_word' id='word_1_382' title='bbox 823 4377 1076 4426; x_wconf 75' lang='lat' dir='ltr'><strong>emendare</strong></span> <span class='ocrx_word' id='word_1_383' title='bbox 1113 4390 1315 4424; x_wconf 77' lang='lat' dir='ltr'><strong>necesse</strong></span> <span class='ocrx_word' id='word_1_384' title='bbox 1352 4381 1468 4426; x_wconf 77' lang='lat' dir='ltr'><strong>erat.</strong></span> 
     </span>
    </p>
   </div>
  </div>
 </body>
</html>
