2900 4950
385 203 506 266 146
1207 215 1324 264 eon.
1364 215 1421 266 ιι.
1494 214 1606 264 mov.
1644 214 1903 264 ιιι-ων.

376 367 614 449 χειρῶν
655 366 964 448 βιοῦντας
1006 365 1119 428 καὶ
1161 358 1333 441 ὅλως
1373 361 1452 427 τὸ
1496 359 1849 447 γεωργικὸν
1877 364 2063 446 γένος
2107 360 2201 439 εἰς
2233 357 2521 445 μεγάλην
2550 354 2738 428 ἄπο·

380 472 530 552 ρίας
585 461 865 552 ἀνάγκην
923 462 1329 542 συνελαύνει,
1404 457 1520 530 οὐκ
1577 462 1855 546 ἐχόντων
1912 461 2240 547 ἑτέρωθεν
2301 461 2738 548 ἐρανίζεσθαι

377 567 494 654 τὴν
536 570 669 634 τῶν
713 565 1119 652 πραγμάτων
1165 559 1503 649 εὐπορίαν,
1551 563 1797 651 ἐκείνης
1837 565 2323 652 καταλυθείσης
2364 566 2482 651 τῆς
2512 558 2736 652 ἄφορ-

376 672 505 756 μῆς
538 719 557 750 ,
604 665 645 755 ἢ
689 673 854 747 τέως
899 662 1128 745 αὐτοῖς
1173 667 1840 752 συναντελαμβάνετο.

547 769 687 837 Διὰ
728 773 925 836 τοῦτο
967 765 1160 857 ἡμεῖς
1200 771 1334 836 τῶν
1377 774 1712 853 νεωτέρων
1753 766 1871 853 τὴν
1913 772 2343 852 καινοτομίαν
2387 761 2504 834 οὐκ
2557 760 2732 852 ἄγα-

380 875 657 952 πῶντες,
704 874 783 958 τῇ
831 872 902 939 δὲ
933 877 1220 957 προνοίᾳ
1247 873 1380 936 τῶν
1411 864 1700 954 ἀρχαίων
1731 867 2052 952 ἑπόμενοι
2078 869 2530 967 θεσπίζομεν,
2555 867 2732 934 κατὰ

379 973 497 1059 τὴν
543 973 805 1041 ἐκείνων
837 972 1328 1095 φιλάνθρωπον
1358 974 1469 1042 καὶ
1511 969 2039 1056 πολιτικωτάτην
2072 996 2332 1057 γνωμην
2377 973 2514 1037 πᾶν
2515 953 2730 1047 εἶδος

380 1081 805 1160 νομίσματος,
833 1069 1347 1159 ἇπαραποίητον
1369 1071 1486 1160 τὴν
1506 1072 1771 1158 μορφὴν
1803 1071 1969 1175 ἔχον.
1976 1071 2090 1139 καὶ
2116 1071 2234 1160 τὴν
2263 1068 2422 1158 ὕλην
2452 1065 2729 1156 ἀκίβδη-

383 1178 497 1244 λον
538 1179 645 1243 καὶ
689 1175 806 1263 τὴν
854 1172 1046 1262 ὁλκήν
1100 1176 1383 1254 τέλειον,
1443 1173 1524 1242 ἄν
1581 1179 1654 1241 τέ
1708 1198 1890 1252 τινος
1930 1176 1969 1260 ᾗ
2014 1176 2148 1241 τῶν
2191 1177 2727 1259 προγενεστέρων

381 1275 462 1346 ἅν
504 1304 578 1348 τε
619 1281 751 1344 τῶν
797 1272 1153 1363 ὀψιγόνων,
1208 1270 1289 1344 δι’
1340 1277 1491 1343 ι’σου
1534 1278 1643 1343 καὶ
1688 1279 2024 1360 τιμᾶσθαι
2062 1276 2172 1341 καὶ
2215 1273 2725 1342 πολιτεύεσθαι.

382 1381 525 1467 δίκη
573 1381 645 1447 δὲ
686 1390 832 1458 τοῖς
873 1388 1312 1466 καταφρονεῖν
1358 1374 1812 1500 ἀπονοηθεῖσι
1851 1379 1971 1443 τοῦ
2019 1372 2378 1463 ὁρίσματος
2407 1377 2478 1443 αἱ
2521 1375 2616 1454 εἰς
2645 1374 2725 1442 τὸ

383 1483 579 1565 σῶμα
636 1480 748 1547 διὰ
800 1486 1138 1565 μαστίγων
1194 1481 1439 1565 πληγαὶ
1497 1481 1605 1546 καὶ
1639 1481 1901 1601 τριχῶν
1955 1485 2220 1564 κουρεία
2266 1476 2334 1546 ἐν
2385 1480 2553 1563 χρῷ,
2613 1479 2724 1544 καὶ

383 1589 665 1669 προσέτι
706 1588 976 1667 χρυσίου
1020 1584 1222 1666 τριῶν
1267 1583 1507 1664 λιτρῶν
1550 1577 1587 1668 ἡ
1637 1547 1970 1658 απότισις.

1254 1814 1419 1821 ——-0-
1452 1815 1682 1821 ῌ-..ῌ
1721 1815 1853 1821 *0—

1363 2022 1535 2084 NOV.
1582 2023 1731 2083 Llu.

382 2141 459 2203 Ut
501 2142 712 2222 cuique
759 2150 874 2203 tam
924 2142 1072 2203 intra
1131 2141 1390 2203 civitates
1448 2160 1623 2222 quam
1683 2150 1843 2203 extra
1893 2151 2156 2203 mortuos
2201 2139 2449 2221 sepelire
2493 2139 2718 2201 liceat¹.

1197 2313 1385 2382 AIA
1395 2307 1712 2388 ΤΑΞΙΣ
1763 2303 1901 2410 ²²7²·

907 2437 962 2491 Ὁ
1002 2437 1212 2500 αὐτὸς
1245 2441 1575 2510 βασιλεὺς
1611 2441 1880 2510 στυλιανῷ
1914 2444 1994 2510 τῷ
2030 2436 2194 2512 αὐτῷ.

544 2538 719 2626 Ἐμοὶ
768 2549 1076 2631 φαίνεται
1116 2543 1204 2631 μὴ
1248 2544 1452 2629 μόνον
1500 2541 1628 2610 ὅσα
1670 2546 1763 2633 τῷ
1802 2551 1930 2632 βίῳ
1977 2549 2301 2632 συμφέρει
2342 2548 2475 2612 τῶν
2518 2550 2718 2615 πολι-

380 2651 746 2729 τευομένων
804 2648 1012 2710 ταῦτα
1067 2651 1328 2732 πρέπον
1387 2640 1627 2732 ὁρίζειν
1681 2645 1836 2725 τοὺς
1891 2646 2131 2731 νόμους
2185 2649 2304 2735 τῆς
2353 2649 2717 2735 πολιτείας,

382 2745 550 2813 αλλὰ
604 2746 715 2811 καὶ
772 2748 929 2831 περὶ
984 2749 1115 2813 τῶν
1174 2745 1296 2835 ἤδη
1343 2748 1847 2815 καταλυσάντων
1891 2744 2006 2815 τὸν
2047 2754 2197 2834 βίον
2244 2746 2329 2814 τὰ
2371 2756 2721 2835 πρέποντα

383 2842 780 2936 ἀνθρωπίνῃ
830 2854 1244 2917 σκέπτεσθαι
1289 2855 1715 2937 συμπαθείᾳ,
1768 2851 1875 2916 καὶ
1919 2848 2009 2935 μὴ
2056 2843 2138 2915 δι’
2188 2837 2279 2916 ὧν
2324 2844 2556 2938 ἀτιμίᾳ
2596 2854 2717 2936 μὲν

380 2951 485 3016 καὶ
532 2945 719 3035 ὕβρει
759 2953 892 3017 τῶν
934 2956 1441 3035 μεθισταμένων
1487 2951 1570 3018 τὰ
1616 2949 1891 3036 σώματα
1930 2951 2397 3036 παραδίδοται,
2445 2951 2715 3042 αἰσχύνη

381 3050 454 3118 δὲ
496 3052 575 3137 τῇ
619 3050 802 3138 κοινῇ
845 3055 977 3118 τῶν
1034 3046 1417 3138 ἀνθρώπιον
1476 3052 1674 3141 φύσει
1721 3055 2186 3140 περιγίνεται’,
2255 3057 2462 3120 ταῦτα
2517 3078 2718 3139 νομο-

377 3157 625 3221 θετεῖν.
717 3157 866 3233 πῶς
908 3153 1030 3241 γὰρ
1078 3149 1192 3221 οὐκ
1251 3153 1389 3221 ἐστὶ
1446 3154 1563 3242 τὴν
1622 3150 2055 3241 ἀνθρωπίνην
2110 3152 2310 3242 φύσιν
2366 3155 2714 3238 αἰσχύνειν,

381 3250 538 3321 ὅταν
581 3254 670 3343 μὴ
715 3254 1035 3342 βούληται
1081 3252 1116 3321 ό
1163 3255 1399 3340 νόμος3
1441 3260 1520 3343 γῇ
1564 3256 2001 3343 κρύπτεσθαι,
2050 3256 2109 3323 εἷ
2149 3253 2237 3344 μή
2284 3255 2407 3335 ἔξω
2452 3256 2718 3324 πόλεων

379 3362 652 3444 φέροιτο
698 3356 775 3422 τὸ
819 3359 1071 3443 βληθὲν
1116 3353 1251 3423 ὑπὸ
1294 3360 1411 3423 τοῦ
1457 3356 1757 3424 θανάτου
1805 3361 1996 3443 σῶμα
2009 3387 2031 3441 ,·
2091 3358 2149 3425 εἰ
2190 3359 2308 3442 μὲν
2351 3355 2472 3443 γὰρ
2516 3362 2714 3425 τοῦτο

381 3455 686 3540 διορίζων
744 3458 898 3542 περὶ
959 3455 1218 3523 ἐκείνων
1277 3458 1453 3543 ἔλεγε
1495 3462 1611 3545 τῆς
1653 3462 1897 3547 ταφῆς,
1964 3454 2067 3538 οἷς
2124 3457 2410 3545 εὔπορον
2452 3459 2569 3547 τὴν
2613 3459 2715 3529 ἐκ·

381 3555 596 3644 φορὰν
642 3556 860 3624 ἐποίει
902 3553 939 3644 ἡ
990 3558 1088 3624 ἔτι
1131 3559 1198 3625 ἐν
1240 3565 1367 3645 βίῳ
1412 3558 1779 3645 περιόντων
1825 3555 2040 3627 αὐτῶν
2082 3555 2381 3648 εὐπορία,
2429 3561 2592 3639 ἰ’σως
2636 3556 2714 3628 ἂν

383 3651 512 3741 εἶχέ
552 3682 704 3725 τινα
746 3657 1092 3746 πρόφασιν
1138 3659 1744 3745 παρακελευόμενος
1756 3712 1774 3741 ,
1833 3668 2122 3747 καίτοιγε
2175 3660 2288 3728 καὶ
2333 3661 2486 3730 τότε
2529 3662 2713 3750 ἐχρῆν

379 3758 553 3846 πρὸς
597 3759 1029 3845 συμπάθειαν
1077 3755 1237 3847 ὃρᾶν
1295 3764 1540 3849 φίλων,
1600 3766 1951 3850 συγγενῶν,
2013 3763 2271 3830 οἰκείων
2314 3766 2433 3830 τοῦ
2476 3771 2715 3853 τεθνη-

383 3861 591 3943 κότος,
639 3856 742 3942 οἷς
783 3867 949 3949 μέγα
994 3862 1088 3942 εἷς
1132 3863 1567 3950 παραμύθιον
1610 3868 1728 3932 τοῦ
1774 3863 2011 3951 ἄλγους
2052 3867 2160 3931 καὶ
2191 3867 2308 3952 τῆς
2343 3859 2716 3954 ἀποστερή-

514 4080 533 4108 ³
568 4083 725 4133 Malim
756 4084 997 4153 μορφῆς.

518 4165 530 4192 ¹
569 4167 807 4218 Laudatus
841 4170 889 4219 in
925 4171 1069 4220 Basil.
1108 4173 1182 4221 ed.
1220 4172 1406 4222 Heimb.
1444 4173 1480 4222 l.
1516 4187 1562 4233 p.
1597 4171 1699 4222 640
1737 4180 1784 4221 et
1819 4173 1852 4219 V
1892 4186 1937 4234 p.
1973 4172 2090 4223 648.
2245 4171 2265 4199 ²
2300 4174 2499 4237 Scrimg.
2535 4187 2714 4238 παρα-

379 4245 606 4316 γίνεται.
749 4249 768 4278 ³
804 4254 904 4315 nig.
940 4255 1111 4316 mn,
1152 4255 1230 4317 12,
1266 4257 1295 4306 5
1334 4265 1381 4306 et
1419 4256 1537 4308 cod.
1575 4256 1654 4319 ΙΙΙ,
1691 4256 1773 4319 44,
1815 4258 1890 4320 12,
1928 4257 2012 4320 qui
2046 4257 2141 4307 loci
2167 4258 2214 4307 in
2243 4258 2445 4309 Basilica
2481 4273 2578 4308 non
2600 4266 2713 4308 sunt

379 4336 575 4399 recepti.
