<?xml version="1.0" encoding="UTF-8"?>
<!DOCTYPE html PUBLIC "-//W3C//DTD XHTML 1.0 Transitional//EN"
    "http://www.w3.org/TR/xhtml1/DTD/xhtml1-transitional.dtd">
<html xmlns="http://www.w3.org/1999/xhtml" xml:lang="en" lang="en">
 <head>
  <title>
</title>
<meta http-equiv="Content-Type" content="text/html;charset=utf-8" />
  <meta name='ocr-system' content='tesseract 3.04.00' />
  <meta name='ocr-capabilities' content='ocr_page ocr_carea ocr_par ocr_line ocrx_word'/>
</head>
<body>
  <div class='ocr_page' id='page_1' title='image "./jusgraecoromanu00linggoog_0062.png"; bbox 0 0 2900 4950; ppageno 0'>
   <div class='ocr_carea' id='block_1_1' title="bbox 338 202 1819 264">
    <p class='ocr_par' dir='ltr' id='par_1_1' title="bbox 338 202 1819 264">
     <span class='ocr_line' id='line_1_1' title="bbox 338 202 1819 264; baseline -0.003 0"><span class='ocrx_word' id='word_1_1' title='bbox 338 202 421 264; x_wconf 78' lang='lat'><strong><em>24</em></strong></span> <span class='ocrx_word' id='word_1_2' title='bbox 1195 210 1313 261; x_wconf 84' lang='lat' dir='ltr'><strong>eon.</strong></span> <span class='ocrx_word' id='word_1_3' title='bbox 1352 212 1389 261; x_wconf 86' lang='grc' dir='ltr'><strong><em>ι</em></strong></span> <span class='ocrx_word' id='word_1_4' title='bbox 1459 210 1819 261; x_wconf 77' lang='lat' dir='ltr'><strong>Nov.x1.x11.</strong></span> 
     </span>
    </p>
   </div>
   <div class='ocr_carea' id='block_1_2' title="bbox 340 352 2704 1561">
    <p class='ocr_par' dir='ltr' id='par_1_2' title="bbox 340 352 2704 1055">
     <span class='ocr_line' id='line_1_2' title="bbox 342 352 2700 447; baseline -0.003 -17"><span class='ocrx_word' id='word_1_5' title='bbox 342 361 459 430; x_wconf 71' lang='grc' dir='ltr'><strong><em>οῦκ</em></strong></span> <span class='ocrx_word' id='word_1_6' title='bbox 502 362 682 429; x_wconf 73' lang='grc' dir='ltr'><strong><em>ἐστιν</em></strong></span> <span class='ocrx_word' id='word_1_7' title='bbox 712 354 1026 447; x_wconf 77' lang='grc' dir='ltr'><strong><em>ασφαλὲς,</em></strong></span> <span class='ocrx_word' id='word_1_8' title='bbox 1072 359 1191 445; x_wconf 85' lang='grc' dir='ltr'><strong><em>τῆς</em></strong></span> <span class='ocrx_word' id='word_1_9' title='bbox 1236 356 1537 443; x_wconf 82' lang='grc' dir='ltr'><strong><em>δαπάνης</em></strong></span> <span class='ocrx_word' id='word_1_10' title='bbox 1567 352 2023 442; x_wconf 73' lang='grc' dir='ltr'><strong><em>ἀπαραιτήτου</em></strong></span> <span class='ocrx_word' id='word_1_11' title='bbox 2062 360 2545 443; x_wconf 75' lang='grc' dir='ltr'><strong><em>καθεστηκυίας</em></strong></span> <span class='ocrx_word' id='word_1_12' title='bbox 2571 359 2700 423; x_wconf 74' lang='grc' dir='ltr'><strong><em>καὶ</em></strong></span> 
     </span>
     <span class='ocr_line' id='line_1_3' title="bbox 340 455 2704 546; baseline -0.002 -15"><span class='ocrx_word' id='word_1_13' title='bbox 340 463 425 531; x_wconf 87' lang='grc' dir='ltr'><strong><em>τὰ</em></strong></span> <span class='ocrx_word' id='word_1_14' title='bbox 478 461 668 530; x_wconf 85' lang='grc' dir='ltr'><strong><em>κοινὰ</em></strong></span> <span class='ocrx_word' id='word_1_15' title='bbox 723 458 1136 546; x_wconf 85' lang='grc' dir='ltr'><strong><em>συνιστώσης</em></strong></span> <span class='ocrx_word' id='word_1_16' title='bbox 1191 455 1281 537; x_wconf 78' lang='grc' dir='ltr'><strong><em>ὥς</em></strong></span> <span class='ocrx_word' id='word_1_17' title='bbox 1350 458 1569 526; x_wconf 75' lang='grc' dir='ltr'><strong><em>εἰπεῖν</em></strong></span> <span class='ocrx_word' id='word_1_18' title='bbox 1621 455 1995 542; x_wconf 81' lang='grc' dir='ltr'><strong><em>πράγματα.</em></strong></span> <span class='ocrx_word' id='word_1_19' title='bbox 2085 456 2551 542; x_wconf 71' lang='grc' dir='ltr'><strong><em>πιστευόμεθα</em></strong></span> <span class='ocrx_word' id='word_1_20' title='bbox 2612 460 2704 527; x_wconf 80' lang='grc' dir='ltr'><strong><em>δὲ</em></strong></span> 
     </span>
     <span class='ocr_line' id='line_1_4' title="bbox 340 556 2704 649; baseline -0.002 -17"><span class='ocrx_word' id='word_1_21' title='bbox 340 563 452 632; x_wconf 83' lang='grc' dir='ltr'><strong><em>καὶ</em></strong></span> <span class='ocrx_word' id='word_1_22' title='bbox 507 564 575 631; x_wconf 75' lang='grc' dir='ltr'><strong><em>ἐκ</em></strong></span> <span class='ocrx_word' id='word_1_23' title='bbox 630 563 869 649; x_wconf 77' lang='grc' dir='ltr'><strong><em>ταύτης</em></strong></span> <span class='ocrx_word' id='word_1_24' title='bbox 912 556 1096 647; x_wconf 81' lang='grc' dir='ltr'><strong><em>ἡμῶν</em></strong></span> <span class='ocrx_word' id='word_1_25' title='bbox 1139 563 1256 645; x_wconf 83' lang='grc' dir='ltr'><strong><em>τῆς</em></strong></span> <span class='ocrx_word' id='word_1_26' title='bbox 1299 561 1554 645; x_wconf 83' lang='grc' dir='ltr'><strong><em>δωρεᾶς</em></strong></span> <span class='ocrx_word' id='word_1_27' title='bbox 1592 558 1880 645; x_wconf 81' lang='grc' dir='ltr'><strong><em>μεγάλας</em></strong></span> <span class='ocrx_word' id='word_1_28' title='bbox 1925 558 2208 625; x_wconf 72' lang='grc' dir='ltr'><strong><em>ἔσεσθαι</em></strong></span> <span class='ocrx_word' id='word_1_29' title='bbox 2249 562 2328 646; x_wconf 84' lang='grc' dir='ltr'><strong><em>τῇ</em></strong></span> <span class='ocrx_word' id='word_1_30' title='bbox 2374 559 2704 648; x_wconf 73' lang='grc' dir='ltr'><strong><em>πολιτείᾳ</em></strong></span> 
     </span>
     <span class='ocr_line' id='line_1_5' title="bbox 341 655 2702 751; baseline -0.002 -19"><span class='ocrx_word' id='word_1_31' title='bbox 341 663 768 751; x_wconf 71' lang='grc' dir='ltr'><strong><em>προσθήκας,</em></strong></span> <span class='ocrx_word' id='word_1_32' title='bbox 835 666 951 727; x_wconf 86' lang='grc' dir='ltr'><strong><em>τοῦ</em></strong></span> <span class='ocrx_word' id='word_1_33' title='bbox 1008 664 1174 728; x_wconf 74' lang='grc' dir='ltr'><strong><em>θεοῦ</em></strong></span> <span class='ocrx_word' id='word_1_34' title='bbox 1241 662 1463 726; x_wconf 83' lang='grc' dir='ltr'><strong><em>πάντα</em></strong></span> <span class='ocrx_word' id='word_1_35' title='bbox 1529 661 1720 727; x_wconf 80' lang='grc' dir='ltr'><strong><em>α’ίσια</em></strong></span> <span class='ocrx_word' id='word_1_36' title='bbox 1781 655 1941 747; x_wconf 78' lang='grc' dir='ltr'><strong><em>ἡμῖν</em></strong></span> <span class='ocrx_word' id='word_1_37' title='bbox 2007 659 2122 725; x_wconf 87' lang='grc' dir='ltr'><strong><em>διὰ</em></strong></span> <span class='ocrx_word' id='word_1_38' title='bbox 2176 664 2309 725; x_wconf 84' lang='grc' dir='ltr'><strong><em>τῶν</em></strong></span> <span class='ocrx_word' id='word_1_39' title='bbox 2363 660 2702 728; x_wconf 77' lang='grc' dir='ltr'><strong><em>τοιούτων</em></strong></span> 
     </span>
     <span class='ocr_line' id='line_1_6' title="bbox 343 756 2695 852; baseline -0.003 -18"><span class='ocrx_word' id='word_1_40' title='bbox 343 771 796 852; x_wconf 76' lang='grc' dir='ltr'><strong><em>παρεχομένου</em></strong></span> <span class='ocrx_word' id='word_1_41' title='bbox 846 761 1171 848; x_wconf 82' lang='grc' dir='ltr'><strong><em>πράξεων.</em></strong></span> <span class='ocrx_word' id='word_1_42' title='bbox 1258 766 1391 828; x_wconf 80' lang='grc' dir='ltr'><strong><em>τῶν</em></strong></span> <span class='ocrx_word' id='word_1_43' title='bbox 1446 768 1885 847; x_wconf 78' lang='grc' dir='ltr'><strong><em>παραβαίνειν</em></strong></span> <span class='ocrx_word' id='word_1_44' title='bbox 1938 759 2333 845; x_wconf 72' lang='grc' dir='ltr'><strong><em>τολμώντων</em></strong></span> <span class='ocrx_word' id='word_1_45' title='bbox 2386 761 2471 827; x_wconf 86' lang='grc' dir='ltr'><strong><em>τὰ</em></strong></span> <span class='ocrx_word' id='word_1_46' title='bbox 2523 756 2695 847; x_wconf 71' lang='grc' dir='ltr'><strong><em>παρ’</em></strong></span> 
     </span>
     <span class='ocr_line' id='line_1_7' title="bbox 343 858 2703 954; baseline -0.002 -20"><span class='ocrx_word' id='word_1_47' title='bbox 343 864 530 954; x_wconf 79' lang='grc' dir='ltr'><strong><em>ἡμῶν</em></strong></span> <span class='ocrx_word' id='word_1_48' title='bbox 574 862 743 949; x_wconf 77' lang='grc' dir='ltr'><strong><em>ὑπὲρ</em></strong></span> <span class='ocrx_word' id='word_1_49' title='bbox 798 867 914 950; x_wconf 82' lang='grc' dir='ltr'><strong><em>τῆς</em></strong></span> <span class='ocrx_word' id='word_1_50' title='bbox 967 866 1100 929; x_wconf 84' lang='grc' dir='ltr'><strong><em>τῶν</em></strong></span> <span class='ocrx_word' id='word_1_51' title='bbox 1156 859 1530 947; x_wconf 77' lang='grc' dir='ltr'><strong><em>ἀρχομένων</em></strong></span> <span class='ocrx_word' id='word_1_52' title='bbox 1576 858 1900 949; x_wconf 76' lang='grc' dir='ltr'><strong><em>ὠφελείας</em></strong></span> <span class='ocrx_word' id='word_1_53' title='bbox 1957 863 2472 929; x_wconf 72' lang='grc' dir='ltr'><strong><em>διατυπωθέντα</em></strong></span> <span class='ocrx_word' id='word_1_54' title='bbox 2525 871 2703 950; x_wconf 83' lang='grc' dir='ltr'><strong><em>περί</em></strong></span> 
     </span>
     <span class='ocr_line' id='line_1_8' title="bbox 344 961 2352 1055; baseline -0.002 -21"><span class='ocrx_word' id='word_1_55' title='bbox 344 995 418 1035; x_wconf 88' lang='grc' dir='ltr'><strong><em>τε</em></strong></span> <span class='ocrx_word' id='word_1_56' title='bbox 459 967 578 1055; x_wconf 85' lang='grc' dir='ltr'><strong><em>τὴν</em></strong></span> <span class='ocrx_word' id='word_1_57' title='bbox 622 962 856 1034; x_wconf 75' lang='grc' dir='ltr'><strong><em>οὐσίαν</em></strong></span> <span class='ocrx_word' id='word_1_58' title='bbox 898 969 1010 1031; x_wconf 83' lang='grc' dir='ltr'><strong><em>καὶ</em></strong></span> <span class='ocrx_word' id='word_1_59' title='bbox 1053 962 1168 1050; x_wconf 82' lang='grc' dir='ltr'><strong><em>τὴν</em></strong></span> <span class='ocrx_word' id='word_1_60' title='bbox 1213 970 1541 1050; x_wconf 82' lang='grc' dir='ltr'><strong><em>σωτηρίαν</em></strong></span> <span class='ocrx_word' id='word_1_61' title='bbox 1588 961 1785 1051; x_wconf 80' lang='grc' dir='ltr'><strong><em>αὐτὴν</em></strong></span> <span class='ocrx_word' id='word_1_62' title='bbox 1827 961 2352 1031; x_wconf 80' lang='grc' dir='ltr'><strong><em>κινδυνευόντων.</em></strong></span> 
     </span>
    </p>

    <p class='ocr_par' dir='ltr' id='par_1_3' title="bbox 342 1060 2702 1561">
     <span class='ocr_line' id='line_1_9' title="bbox 520 1060 2702 1152; baseline -0.001 -18"><span class='ocrx_word' id='word_1_63' title='bbox 520 1068 622 1135; x_wconf 85' lang='grc' dir='ltr'><strong><em>Τὰ</em></strong></span> <span class='ocrx_word' id='word_1_64' title='bbox 663 1075 885 1135; x_wconf 84' lang='grc' dir='ltr'><strong><em>τοίνυν</em></strong></span> <span class='ocrx_word' id='word_1_65' title='bbox 930 1063 1364 1151; x_wconf 80' lang='grc' dir='ltr'><strong><em>παραστάντα</em></strong></span> <span class='ocrx_word' id='word_1_66' title='bbox 1406 1060 1565 1152; x_wconf 82' lang='grc' dir='ltr'><strong><em>ἡμῖν</em></strong></span> <span class='ocrx_word' id='word_1_67' title='bbox 1609 1067 1714 1132; x_wconf 78' lang='grc' dir='ltr'><strong><em>καὶ</em></strong></span> <span class='ocrx_word' id='word_1_68' title='bbox 1775 1065 1888 1132; x_wconf 85' lang='grc' dir='ltr'><strong><em>διὰ</em></strong></span> <span class='ocrx_word' id='word_1_69' title='bbox 1940 1067 2137 1133; x_wconf 87' lang='grc' dir='ltr'><strong><em>τοῦδε</em></strong></span> <span class='ocrx_word' id='word_1_70' title='bbox 2190 1067 2311 1131; x_wconf 88' lang='grc' dir='ltr'><strong><em>τοῦ</em></strong></span> <span class='ocrx_word' id='word_1_71' title='bbox 2352 1063 2702 1150; x_wconf 84' lang='grc' dir='ltr'><strong><em>παρόντος</em></strong></span> 
     </span>
     <span class='ocr_line' id='line_1_10' title="bbox 346 1163 2698 1257; baseline -0.002 -21"><span class='ocrx_word' id='word_1_72' title='bbox 346 1168 711 1257; x_wconf 86' lang='grc' dir='ltr'><strong><em>δηλούμενα</em></strong></span> <span class='ocrx_word' id='word_1_73' title='bbox 755 1174 952 1236; x_wconf 76' lang='grc' dir='ltr'><strong><em>θείου</em></strong></span> <span class='ocrx_word' id='word_1_74' title='bbox 1001 1166 1208 1251; x_wconf 88' lang='grc' dir='ltr'><strong><em>νόμου</em></strong></span> <span class='ocrx_word' id='word_1_75' title='bbox 1250 1163 1289 1253; x_wconf 81' lang='grc' dir='ltr'><em>ἦ</em></span> <span class='ocrx_word' id='word_1_76' title='bbox 1338 1165 1418 1254; x_wconf 87' lang='grc' dir='ltr'><strong><em>σὴ</em></strong></span> <span class='ocrx_word' id='word_1_77' title='bbox 1466 1165 1810 1253; x_wconf 76' lang='grc' dir='ltr'><strong><em>ἐνδοξότης</em></strong></span> <span class='ocrx_word' id='word_1_78' title='bbox 1861 1166 2338 1252; x_wconf 75' lang='grc' dir='ltr'><strong><em>προγράμμασι</em></strong></span> <span class='ocrx_word' id='word_1_79' title='bbox 2388 1173 2698 1253; x_wconf 77' lang='grc' dir='ltr'><strong><em>χριομένη</em></strong></span> 
     </span>
     <span class='ocr_line' id='line_1_11' title="bbox 342 1262 2700 1356; baseline -0.001 -19"><span class='ocrx_word' id='word_1_80' title='bbox 342 1270 509 1337; x_wconf 86' lang='grc' dir='ltr'><strong><em>κατά</em></strong></span> <span class='ocrx_word' id='word_1_81' title='bbox 551 1297 623 1337; x_wconf 88' lang='grc' dir='ltr'><strong><em>τε</em></strong></span> <span class='ocrx_word' id='word_1_82' title='bbox 649 1269 766 1356; x_wconf 86' lang='grc' dir='ltr'><strong><em>τὴν</em></strong></span> <span class='ocrx_word' id='word_1_83' title='bbox 798 1264 1155 1354; x_wconf 74' lang='grc' dir='ltr'><strong><em>εὐδαίμονα</em></strong></span> <span class='ocrx_word' id='word_1_84' title='bbox 1182 1266 1384 1335; x_wconf 88' lang='grc' dir='ltr'><strong><em>πόλιν</em></strong></span> <span class='ocrx_word' id='word_1_85' title='bbox 1413 1271 1522 1335; x_wconf 77' lang='grc' dir='ltr'><strong><em>καὶ</em></strong></span> <span class='ocrx_word' id='word_1_86' title='bbox 1550 1266 1678 1352; x_wconf 90' lang='grc' dir='ltr'><strong><em>μὴν</em></strong></span> <span class='ocrx_word' id='word_1_87' title='bbox 1705 1271 1814 1335; x_wconf 85' lang='grc' dir='ltr'><strong><em>καὶ</em></strong></span> <span class='ocrx_word' id='word_1_88' title='bbox 1843 1266 1963 1347; x_wconf 82' lang='grc' dir='ltr'><strong><em>τὰς</em></strong></span> <span class='ocrx_word' id='word_1_89' title='bbox 1991 1263 2101 1333; x_wconf 68' lang='grc' dir='ltr'><strong><em>ὑπ’</em></strong></span> <span class='ocrx_word' id='word_1_90' title='bbox 2137 1262 2336 1356; x_wconf 75' lang='grc' dir='ltr'><strong><em>αὐτῆς</em></strong></span> <span class='ocrx_word' id='word_1_91' title='bbox 2366 1267 2700 1353; x_wconf 76' lang='grc' dir='ltr'><strong><em>ἐπαρχίας</em></strong></span> 
     </span>
     <span class='ocr_line' id='line_1_12' title="bbox 345 1364 2696 1460; baseline 0 -21"><span class='ocrx_word' id='word_1_92' title='bbox 345 1371 600 1459; x_wconf 80' lang='grc' dir='ltr'><strong><em>φανερὰ</em></strong></span> <span class='ocrx_word' id='word_1_93' title='bbox 654 1374 830 1439; x_wconf 84' lang='grc' dir='ltr'><strong><em>πᾶσι</em></strong></span> <span class='ocrx_word' id='word_1_94' title='bbox 886 1370 1273 1456; x_wconf 86' lang='grc' dir='ltr'><strong><em>ποιήσεται,</em></strong></span> <span class='ocrx_word' id='word_1_95' title='bbox 1336 1364 1427 1449; x_wconf 77' lang='grc' dir='ltr'><strong><em>ὥς</em></strong></span> <span class='ocrx_word' id='word_1_96' title='bbox 1479 1370 1729 1460; x_wconf 86' lang='grc' dir='ltr'><strong><em>μηδένα</em></strong></span> <span class='ocrx_word' id='word_1_97' title='bbox 1784 1372 1902 1457; x_wconf 82' lang='grc' dir='ltr'><strong><em>τῆς</em></strong></span> <span class='ocrx_word' id='word_1_98' title='bbox 1957 1365 2275 1457; x_wconf 78' lang='grc' dir='ltr'><strong><em>ἡμετέρας</em></strong></span> <span class='ocrx_word' id='word_1_99' title='bbox 2332 1371 2696 1439; x_wconf 67' lang='grc' dir='ltr'><strong><em>διαλαθεῖν</em></strong></span> 
     </span>
     <span class='ocr_line' id='line_1_13' title="bbox 346 1475 784 1561; baseline -0.002 -22"><span class='ocrx_word' id='word_1_100' title='bbox 346 1475 784 1561; x_wconf 72' lang='grc' dir='ltr'><strong><em>φιλοτιμίας“.</em></strong></span> 
     </span>
    </p>
   </div>
   <div class='ocr_carea' id='block_1_3' title="bbox 1342 1860 1688 1923">
    <p class='ocr_par' dir='ltr' id='par_1_4' title="bbox 1342 1860 1688 1923">
     <span class='ocr_line' id='line_1_14' title="bbox 1342 1860 1688 1923; baseline -0.009 0"><span class='ocrx_word' id='word_1_101' title='bbox 1342 1860 1515 1923; x_wconf 86' lang='lat' dir='ltr'><strong>Nov.</strong></span> <span class='ocrx_word' id='word_1_102' title='bbox 1560 1860 1688 1923; x_wconf 82' lang='grc' dir='ltr'><strong><em>ΧΠ.</em></strong></span> 
     </span>
    </p>
   </div>
   <div class='ocr_carea' id='block_1_4' title="bbox 819 1979 2219 2158">
    <p class='ocr_par' dir='ltr' id='par_1_5' title="bbox 819 1979 2219 2158">
     <span class='ocr_line' id='line_1_15' title="bbox 1270 1979 1763 2059; baseline -0.002 -19"><span class='ocrx_word' id='word_1_103' title='bbox 1270 1980 1419 2059; x_wconf 85' lang='lat' dir='ltr'><strong>Imp.</strong></span> <span class='ocrx_word' id='word_1_104' title='bbox 1475 1979 1763 2042; x_wconf 80' lang='lat' dir='ltr'><strong>Tiberii</strong></span> 
     </span>
     <span class='ocr_line' id='line_1_16' title="bbox 819 2080 2219 2158; baseline 0.001 -14"><span class='ocrx_word' id='word_1_105' title='bbox 819 2084 893 2145; x_wconf 81' lang='lat' dir='ltr'><strong><em>de</em></strong></span> <span class='ocrx_word' id='word_1_106' title='bbox 938 2082 1148 2145; x_wconf 85' lang='lat' dir='ltr'><strong>divinis</strong></span> <span class='ocrx_word' id='word_1_107' title='bbox 1192 2081 1484 2143; x_wconf 73' lang='lat' dir='ltr'><strong>domihuS.</strong></span> <span class='ocrx_word' id='word_1_108' title='bbox 1573 2080 1760 2155; x_wconf 79' lang='lat' dir='ltr'>(luter</span> <span class='ocrx_word' id='word_1_109' title='bbox 1802 2082 2159 2146; x_wconf 83' lang='grc'><strong>578-582.</strong></span> <span class='ocrx_word' id='word_1_110' title='bbox 2164 2082 2219 2158; x_wconf 83' lang='grc'><strong><em>)’</em></strong></span> 
     </span>
    </p>
   </div>
   <div class='ocr_carea' id='block_1_5' title="bbox 1010 2264 2022 2362">
    <p class='ocr_par' dir='ltr' id='par_1_6' title="bbox 1010 2264 2022 2362">
     <span class='ocr_line' id='line_1_17' title="bbox 1010 2264 2022 2362; baseline -0.003 -23"><span class='ocrx_word' id='word_1_111' title='bbox 1010 2264 1193 2362; x_wconf 77' lang='grc' dir='ltr'><strong><em>Περὶ</em></strong></span> <span class='ocrx_word' id='word_1_112' title='bbox 1245 2293 1403 2340; x_wconf 83' lang='grc' dir='ltr'><strong><em>των</em></strong></span> <span class='ocrx_word' id='word_1_113' title='bbox 1452 2264 1692 2339; x_wconf 75' lang='grc' dir='ltr'><strong><em>θείων</em></strong></span> <span class='ocrx_word' id='word_1_114' title='bbox 1745 2268 2022 2338; x_wconf 74' lang='grc' dir='ltr'><strong><em>οἰκιῶν.</em></strong></span> 
     </span>
    </p>
   </div>
   <div class='ocr_carea' id='block_1_6' title="bbox 336 2394 2690 3808">
    <p class='ocr_par' dir='ltr' id='par_1_7' title="bbox 337 2394 2690 3198">
     <span class='ocr_line' id='line_1_18' title="bbox 337 2394 2689 2487; baseline 0 -22"><span class='ocrx_word' id='word_1_115' title='bbox 337 2394 450 2465; x_wconf 87' lang='grc' dir='ltr'><strong><em>Ἐν</em></strong></span> <span class='ocrx_word' id='word_1_116' title='bbox 509 2395 854 2484; x_wconf 82' lang='grc' dir='ltr'><strong><em>ὀνόματι</em></strong></span> <span class='ocrx_word' id='word_1_117' title='bbox 904 2402 1046 2464; x_wconf 89' lang='grc' dir='ltr'><strong><em>τοῦ</em></strong></span> <span class='ocrx_word' id='word_1_118' title='bbox 1106 2397 1523 2465; x_wconf 80' lang='grc' dir='ltr'><strong><em>δεσπότου</em></strong></span> <span class='ocrx_word' id='word_1_119' title='bbox 1588 2398 1824 2487; x_wconf 75' lang='grc' dir='ltr'><strong><em>ίησοῦ</em></strong></span> <span class='ocrx_word' id='word_1_120' title='bbox 1885 2399 2229 2483; x_wconf 81' lang='grc' dir='ltr'><strong><em>χριστοῦ</em></strong></span> <span class='ocrx_word' id='word_1_121' title='bbox 2284 2400 2425 2464; x_wconf 92' lang='grc' dir='ltr'><strong><em>τοῦ</em></strong></span> <span class='ocrx_word' id='word_1_122' title='bbox 2480 2403 2689 2466; x_wconf 73' lang='grc' dir='ltr'><strong><em>θεοῦ</em></strong></span> 
     </span>
     <span class='ocr_line' id='line_1_19' title="bbox 340 2496 2690 2590; baseline 0 -22"><span class='ocrx_word' id='word_1_123' title='bbox 340 2497 560 2590; x_wconf 80' lang='grc' dir='ltr'><strong><em>ἡμῶν</em></strong></span> <span class='ocrx_word' id='word_1_124' title='bbox 633 2496 1159 2587; x_wconf 77' lang='grc' dir='ltr'><strong><em>αὐτοκράτωρ</em></strong></span> <span class='ocrx_word' id='word_1_125' title='bbox 1237 2510 1536 2587; x_wconf 84' lang='grc' dir='ltr'><strong><em>καῖσαρ</em></strong></span> <span class='ocrx_word' id='word_1_126' title='bbox 1618 2499 1972 2587; x_wconf 82' lang='grc' dir='ltr'><strong><em>φλάβιος</em></strong></span> <span class='ocrx_word' id='word_1_127' title='bbox 2045 2506 2419 2586; x_wconf 84' lang='grc' dir='ltr'><strong><em>τιβέριος</em></strong></span> <span class='ocrx_word' id='word_1_128' title='bbox 2480 2527 2690 2569; x_wconf 81' lang='grc' dir='ltr'><strong><em>κων-</em></strong></span> 
     </span>
     <span class='ocr_line' id='line_1_20' title="bbox 341 2599 2690 2690; baseline 0 -19"><span class='ocrx_word' id='word_1_129' title='bbox 341 2613 784 2682; x_wconf 81' lang='grc' dir='ltr'><strong><em>σταντῒνος</em></strong></span> <span class='ocrx_word' id='word_1_130' title='bbox 874 2602 1176 2681; x_wconf 84' lang='grc' dir='ltr'><strong><em>πιστὸς</em></strong></span> <span class='ocrx_word' id='word_1_131' title='bbox 1270 2601 1349 2669; x_wconf 75' lang='grc' dir='ltr'><strong><em>ἐν</em></strong></span> <span class='ocrx_word' id='word_1_132' title='bbox 1437 2606 1740 2688; x_wconf 78' lang='grc' dir='ltr'><strong><em>χριστῷ</em></strong></span> <span class='ocrx_word' id='word_1_133' title='bbox 1830 2599 2357 2688; x_wconf 76' lang='grc' dir='ltr'><strong><em>ἡμερώτατος</em></strong></span> <span class='ocrx_word' id='word_1_134' title='bbox 2450 2609 2690 2690; x_wconf 82' lang='grc' dir='ltr'><strong><em>μέγι-</em></strong></span> 
     </span>
     <span class='ocr_line' id='line_1_21' title="bbox 341 2698 2689 2791; baseline -0 -20"><span class='ocrx_word' id='word_1_135' title='bbox 341 2726 536 2783; x_wconf 89' lang='grc' dir='ltr'><strong><em>στος</em></strong></span> <span class='ocrx_word' id='word_1_136' title='bbox 635 2698 1066 2791; x_wconf 75' lang='grc' dir='ltr'><strong><em>εὐεργέτης</em></strong></span> <span class='ocrx_word' id='word_1_137' title='bbox 1162 2703 1580 2791; x_wconf 75' lang='grc' dir='ltr'><strong><em>εἰρηνικὸς</em></strong></span> <span class='ocrx_word' id='word_1_138' title='bbox 1678 2699 2187 2788; x_wconf 81' lang='grc' dir='ltr'><strong><em>ἆλαμανικὸς</em></strong></span> <span class='ocrx_word' id='word_1_139' title='bbox 2284 2705 2689 2789; x_wconf 76' lang='grc' dir='ltr'><strong><em>γοτθικὸς</em></strong></span> 
     </span>
     <span class='ocr_line' id='line_1_22' title="bbox 345 2800 2688 2898; baseline 0.002 -29"><span class='ocrx_word' id='word_1_140' title='bbox 345 2805 794 2892; x_wconf 81' lang='grc' dir='ltr'><strong><em>φραγγικὸς</em></strong></span> <span class='ocrx_word' id='word_1_141' title='bbox 847 2804 1340 2890; x_wconf 78' lang='grc' dir='ltr'><strong><em>γερμανικὸς</em></strong></span> <span class='ocrx_word' id='word_1_142' title='bbox 1396 2800 1785 2898; x_wconf 81' lang='grc' dir='ltr'><strong><em>ἆλανικὸς</em></strong></span> <span class='ocrx_word' id='word_1_143' title='bbox 1843 2800 2391 2885; x_wconf 81' lang='grc' dir='ltr'><strong><em>οὖανδαλικὸς</em></strong></span> <span class='ocrx_word' id='word_1_144' title='bbox 2445 2802 2688 2895; x_wconf 79' lang='grc' dir='ltr'><strong><em>ἆφρι-</em></strong></span> 
     </span>
     <span class='ocr_line' id='line_1_23' title="bbox 343 2901 2687 2994; baseline 0.001 -22"><span class='ocrx_word' id='word_1_145' title='bbox 343 2905 482 2984; x_wconf 84' lang='grc' dir='ltr'><strong><em>κὸς</em></strong></span> <span class='ocrx_word' id='word_1_146' title='bbox 585 2903 928 2993; x_wconf 75' lang='grc' dir='ltr'><strong><em>εὐσεβὴς</em></strong></span> <span class='ocrx_word' id='word_1_147' title='bbox 1035 2901 1369 2994; x_wconf 74' lang='grc' dir='ltr'><strong><em>εὐτυχὴς</em></strong></span> <span class='ocrx_word' id='word_1_148' title='bbox 1473 2907 1805 2986; x_wconf 74' lang='grc' dir='ltr'><strong><em>ἔνδοξος</em></strong></span> <span class='ocrx_word' id='word_1_149' title='bbox 1907 2907 2235 2994; x_wconf 82' lang='grc' dir='ltr'><strong><em>νικητὴς</em></strong></span> <span class='ocrx_word' id='word_1_150' title='bbox 2331 2932 2687 2994; x_wconf 83' lang='grc' dir='ltr'><strong><em>τροπαι-</em></strong></span> 
     </span>
     <span class='ocr_line' id='line_1_24' title="bbox 550 3003 2460 3097; baseline 0 -23"><span class='ocrx_word' id='word_1_151' title='bbox 550 3010 789 3091; x_wconf 88' lang='grc' dir='ltr'><strong><em>οῦχος</em></strong></span> <span class='ocrx_word' id='word_1_152' title='bbox 831 3003 1378 3096; x_wconf 80' lang='grc' dir='ltr'><strong><em>ἆεισέβαστος</em></strong></span> <span class='ocrx_word' id='word_1_153' title='bbox 1421 3005 1880 3095; x_wconf 82' lang='grc' dir='ltr'><strong><em>αῦγουστος</em></strong></span> <span class='ocrx_word' id='word_1_154' title='bbox 1921 3012 2012 3097; x_wconf 83' lang='grc' dir='ltr'><strong><em>τῇ</em></strong></span> <span class='ocrx_word' id='word_1_155' title='bbox 2061 3007 2460 3096; x_wconf 79' lang='grc' dir='ltr'><strong><em>ἱερωτάτῃ</em></strong></span> 
     </span>
     <span class='ocr_line' id='line_1_25' title="bbox 1293 3108 1727 3198; baseline -0.005 -21"><span class='ocrx_word' id='word_1_156' title='bbox 1293 3108 1727 3198; x_wconf 80' lang='grc' dir='ltr'><strong><em>συγκλήτῳ.</em></strong></span> 
     </span>
    </p>

    <p class='ocr_par' dir='ltr' id='par_1_8' title="bbox 336 3205 2689 3808">
     <span class='ocr_line' id='line_1_26' title="bbox 508 3205 2688 3300; baseline -0.001 -23"><span class='ocrx_word' id='word_1_157' title='bbox 508 3214 871 3292; x_wconf 84' lang='grc' dir='ltr'><strong><em>Βασιλείας</em></strong></span> <span class='ocrx_word' id='word_1_158' title='bbox 924 3213 1264 3300; x_wconf 79' lang='grc' dir='ltr'><strong><em>γνώρισμα</em></strong></span> <span class='ocrx_word' id='word_1_159' title='bbox 1318 3216 1463 3298; x_wconf 74' lang='grc' dir='ltr'><strong><em>θεῷ</em></strong></span> <span class='ocrx_word' id='word_1_160' title='bbox 1523 3237 1596 3278; x_wconf 88' lang='grc' dir='ltr'><strong><em>τε</em></strong></span> <span class='ocrx_word' id='word_1_161' title='bbox 1650 3217 1912 3297; x_wconf 80' lang='grc' dir='ltr'><strong><em>πρέπον</em></strong></span> <span class='ocrx_word' id='word_1_162' title='bbox 1958 3205 2349 3297; x_wconf 71' lang='grc' dir='ltr'><strong><em>ἀνθρώποις</em></strong></span> <span class='ocrx_word' id='word_1_163' title='bbox 2398 3234 2472 3276; x_wconf 86' lang='grc' dir='ltr'><strong><em>τε</em></strong></span> <span class='ocrx_word' id='word_1_164' title='bbox 2526 3232 2688 3296; x_wconf 79' lang='grc' dir='ltr'><strong><em>συγ-</em></strong></span> 
     </span>
     <span class='ocr_line' id='line_1_27' title="bbox 340 3302 2687 3399; baseline 0 -20"><span class='ocrx_word' id='word_1_165' title='bbox 340 3314 556 3397; x_wconf 64' lang='grc' dir='ltr'><strong><em>γενές*</em></strong></span> <span class='ocrx_word' id='word_1_166' title='bbox 608 3310 958 3399; x_wconf 76' lang='grc' dir='ltr'><strong><em>ἡγούμενοι</em></strong></span> <span class='ocrx_word' id='word_1_167' title='bbox 1021 3313 1176 3390; x_wconf 83' lang='grc' dir='ltr'><strong><em>τοὺς</em></strong></span> <span class='ocrx_word' id='word_1_168' title='bbox 1233 3314 1581 3396; x_wconf 83' lang='grc' dir='ltr'><strong><em>δεομένους</em></strong></span> <span class='ocrx_word' id='word_1_169' title='bbox 1645 3302 1714 3378; x_wconf 80' lang='grc' dir='ltr'><strong><em>εῦ</em></strong></span> <span class='ocrx_word' id='word_1_170' title='bbox 1784 3323 2037 3391; x_wconf 72' lang='grc' dir='ltr'><strong><em>ποιεῖν,</em></strong></span> <span class='ocrx_word' id='word_1_171' title='bbox 2102 3312 2223 3392; x_wconf 83' lang='grc' dir='ltr'><strong><em>τὰς</em></strong></span> <span class='ocrx_word' id='word_1_172' title='bbox 2288 3307 2546 3391; x_wconf 79' lang='grc' dir='ltr'><strong><em>ἀδικίας</em></strong></span> <span class='ocrx_word' id='word_1_173' title='bbox 2608 3337 2687 3379; x_wconf 86' lang='grc' dir='ltr'><strong><em>τε</em></strong></span> 
     </span>
     <span class='ocr_line' id='line_1_28' title="bbox 341 3409 2684 3501; baseline 0 -21"><span class='ocrx_word' id='word_1_174' title='bbox 341 3413 714 3493; x_wconf 68' lang='grc' dir='ltr'><strong><em>ἐκκόπτειν,</em></strong></span> <span class='ocrx_word' id='word_1_175' title='bbox 777 3412 907 3481; x_wconf 79' lang='grc' dir='ltr'><strong><em>ὅσα</em></strong></span> <span class='ocrx_word' id='word_1_176' title='bbox 959 3440 1033 3480; x_wconf 88' lang='grc' dir='ltr'><strong><em>τε</em></strong></span> <span class='ocrx_word' id='word_1_177' title='bbox 1085 3424 1229 3491; x_wconf 80' lang='grc' dir='ltr'><strong><em>τοῖς</em></strong></span> <span class='ocrx_word' id='word_1_178' title='bbox 1271 3409 1592 3500; x_wconf 82' lang='grc' dir='ltr'><strong><em>υπηκόοις</em></strong></span> <span class='ocrx_word' id='word_1_179' title='bbox 1642 3412 1930 3501; x_wconf 82' lang='grc' dir='ltr'><strong><em>χρήσιμα</em></strong></span> <span class='ocrx_word' id='word_1_180' title='bbox 1970 3414 2416 3500; x_wconf 73' lang='grc' dir='ltr'><strong><em>βουλεύεσθαί</em></strong></span> <span class='ocrx_word' id='word_1_181' title='bbox 2456 3439 2528 3481; x_wconf 87' lang='grc' dir='ltr'><strong><em>τε</em></strong></span> <span class='ocrx_word' id='word_1_182' title='bbox 2569 3417 2684 3481; x_wconf 75' lang='grc' dir='ltr'><strong><em>καὶ</em></strong></span> 
     </span>
     <span class='ocr_line' id='line_1_29' title="bbox 336 3509 2689 3601; baseline 0.001 -22"><span class='ocrx_word' id='word_1_183' title='bbox 336 3512 684 3598; x_wconf 86' lang='grc' dir='ltr'><strong><em>πράττειν,</em></strong></span> <span class='ocrx_word' id='word_1_184' title='bbox 752 3511 999 3601; x_wconf 80' lang='grc' dir='ltr'><strong><em>ἡμέρας</em></strong></span> <span class='ocrx_word' id='word_1_185' title='bbox 1057 3539 1148 3591; x_wconf 87' lang='grc' dir='ltr'><strong><em>ως</em></strong></span> <span class='ocrx_word' id='word_1_186' title='bbox 1203 3513 1416 3580; x_wconf 75' lang='grc' dir='ltr'><strong><em>εἰπεῖν</em></strong></span> <span class='ocrx_word' id='word_1_187' title='bbox 1462 3509 1729 3601; x_wconf 78' lang='grc' dir='ltr'><strong><em>ἁπάσης</em></strong></span> <span class='ocrx_word' id='word_1_188' title='bbox 1770 3514 1882 3582; x_wconf 80' lang='grc' dir='ltr'><strong><em>καὶ</em></strong></span> <span class='ocrx_word' id='word_1_189' title='bbox 1925 3516 2152 3594; x_wconf 80' lang='grc' dir='ltr'><strong><em>νυκτὸς</em></strong></span> <span class='ocrx_word' id='word_1_190' title='bbox 2196 3511 2386 3583; x_wconf 76' lang='grc' dir='ltr'><strong><em>οὐδὲν</em></strong></span> <span class='ocrx_word' id='word_1_191' title='bbox 2432 3516 2689 3601; x_wconf 68' lang='grc' dir='ltr'><strong><em>ἔμπρο-</em></strong></span> 
     </span>
     <span class='ocr_line' id='line_1_30' title="bbox 344 3608 2688 3706; baseline 0.001 -25"><span class='ocrx_word' id='word_1_192' title='bbox 344 3619 511 3681; x_wconf 78' lang='grc' dir='ltr'><strong><em>σθεν</em></strong></span> <span class='ocrx_word' id='word_1_193' title='bbox 567 3616 685 3700; x_wconf 81' lang='grc' dir='ltr'><strong><em>τῆς</em></strong></span> <span class='ocrx_word' id='word_1_194' title='bbox 737 3615 894 3697; x_wconf 80' lang='grc' dir='ltr'><strong><em>περὶ</em></strong></span> <span class='ocrx_word' id='word_1_195' title='bbox 952 3617 1161 3680; x_wconf 86' lang='grc' dir='ltr'><strong><em>ταῦτα</em></strong></span> <span class='ocrx_word' id='word_1_196' title='bbox 1205 3614 1647 3702; x_wconf 72' lang='grc' dir='ltr'><strong><em>πεποιήμεθα</em></strong></span> <span class='ocrx_word' id='word_1_197' title='bbox 1704 3618 2031 3703; x_wconf 83' lang='grc' dir='ltr'><strong><em>σπουδῆς,</em></strong></span> <span class='ocrx_word' id='word_1_198' title='bbox 2091 3617 2163 3697; x_wconf 76' lang='grc' dir='ltr'><strong><em>ἐξ</em></strong></span> <span class='ocrx_word' id='word_1_199' title='bbox 2205 3608 2282 3684; x_wconf 79' lang='grc' dir='ltr'><strong><em>οὗ</em></strong></span> <span class='ocrx_word' id='word_1_200' title='bbox 2323 3621 2441 3706; x_wconf 86' lang='grc' dir='ltr'><strong><em>τῆς</em></strong></span> <span class='ocrx_word' id='word_1_201' title='bbox 2482 3619 2688 3684; x_wconf 90' lang='grc' dir='ltr'><strong><em>πολι-</em></strong></span> 
     </span>
     <span class='ocr_line' id='line_1_31' title="bbox 338 3710 2685 3808; baseline 0.002 -27"><span class='ocrx_word' id='word_1_202' title='bbox 338 3721 519 3793; x_wconf 89' lang='grc' dir='ltr'><strong><em>τείας</em></strong></span> <span class='ocrx_word' id='word_1_203' title='bbox 559 3710 718 3801; x_wconf 79' lang='grc' dir='ltr'><strong><em>ἡμῒν</em></strong></span> <span class='ocrx_word' id='word_1_204' title='bbox 760 3713 837 3780; x_wconf 88' lang='grc' dir='ltr'><strong><em>τὸ</em></strong></span> <span class='ocrx_word' id='word_1_205' title='bbox 882 3714 1119 3801; x_wconf 88' lang='grc' dir='ltr'><strong><em>κράτος</em></strong></span> <span class='ocrx_word' id='word_1_206' title='bbox 1163 3717 1440 3785; x_wconf 85' lang='grc' dir='ltr'><strong><em>δέδωκεν</em></strong></span> <span class='ocrx_word' id='word_1_207' title='bbox 1488 3715 1523 3783; x_wconf 82' lang='grc' dir='ltr'><em>ὅ</em></span> <span class='ocrx_word' id='word_1_208' title='bbox 1566 3718 1746 3798; x_wconf 75' lang='grc' dir='ltr'><strong><em>θεός.</em></strong></span> <span class='ocrx_word' id='word_1_209' title='bbox 1838 3719 2032 3786; x_wconf 70' lang='grc' dir='ltr'><strong><em>ἔνθεν</em></strong></span> <span class='ocrx_word' id='word_1_210' title='bbox 2074 3745 2183 3787; x_wconf 92' lang='grc' dir='ltr'><strong><em>τοι</em></strong></span> <span class='ocrx_word' id='word_1_211' title='bbox 2224 3723 2494 3787; x_wconf 82' lang='grc' dir='ltr'><strong><em>πολλῶν</em></strong></span> <span class='ocrx_word' id='word_1_212' title='bbox 2523 3715 2685 3808; x_wconf 81' lang='grc' dir='ltr'><strong><em>ἡμῖν</em></strong></span> 
     </span>
    </p>
   </div>
   <div class='ocr_carea' id='block_1_7' title="bbox 334 3845 537 3855">
    <p class='ocr_par' dir='ltr' id='par_1_9' title="bbox 334 3845 537 3855">
     <span class='ocr_line' id='line_1_32' title="bbox 334 3845 537 3855; baseline 0 1095"><span class='ocrx_word' id='word_1_213' title='bbox 334 3845 537 3855; x_wconf 95' lang='lat' dir='ltr'><strong><em> </em></strong></span> 
     </span>
    </p>
   </div>
   <div class='ocr_carea' id='block_1_8' title="bbox 556 3845 751 3853">
    <p class='ocr_par' dir='ltr' id='par_1_10' title="bbox 556 3845 751 3853">
     <span class='ocr_line' id='line_1_33' title="bbox 556 3845 751 3853; baseline 0 1097"><span class='ocrx_word' id='word_1_214' title='bbox 556 3845 751 3853; x_wconf 95' lang='lat' dir='ltr'><strong><em> </em></strong></span> 
     </span>
    </p>
   </div>
   <div class='ocr_carea' id='block_1_9' title="bbox 758 3845 1051 3855">
    <p class='ocr_par' dir='ltr' id='par_1_11' title="bbox 758 3845 1051 3855">
     <span class='ocr_line' id='line_1_34' title="bbox 758 3845 1051 3855; baseline 0 1095"><span class='ocrx_word' id='word_1_215' title='bbox 758 3845 1051 3855; x_wconf 95' lang='lat' dir='ltr'><strong><em> </em></strong></span> 
     </span>
    </p>
   </div>
   <div class='ocr_carea' id='block_1_10' title="bbox 335 3899 2686 4398">
    <p class='ocr_par' dir='ltr' id='par_1_12' title="bbox 337 3899 2686 4053">
     <span class='ocr_line' id='line_1_35' title="bbox 476 3899 2686 3977; baseline 0.002 -24"><span class='ocrx_word' id='word_1_216' title='bbox 476 3901 498 3930; x_wconf 80' lang='lat'><strong>⁶</strong></span> <span class='ocrx_word' id='word_1_217' title='bbox 533 3904 669 3967; x_wconf 78' lang='lat' dir='ltr'><strong>Apud</strong></span> <span class='ocrx_word' id='word_1_218' title='bbox 714 3904 893 3955; x_wconf 85' lang='lat' dir='ltr'><strong>Theod.</strong></span> <span class='ocrx_word' id='word_1_219' title='bbox 940 3906 1230 3973; x_wconf 75' lang='lat' dir='ltr'><strong>subscriptio</strong></span> <span class='ocrx_word' id='word_1_220' title='bbox 1280 3914 1382 3959; x_wconf 84' lang='lat' dir='ltr'><strong>est:</strong></span> <span class='ocrx_word' id='word_1_221' title='bbox 1430 3901 1752 3975; x_wconf 73' lang='grc' dir='ltr'><strong><em>ἒξεφωνήθη</em></strong></span> <span class='ocrx_word' id='word_1_222' title='bbox 1788 3904 1921 3975; x_wconf 83' lang='grc' dir='ltr'><strong><em>μηνὶ</em></strong></span> <span class='ocrx_word' id='word_1_223' title='bbox 1958 3899 2193 3977; x_wconf 74' lang='grc' dir='ltr'><strong><em>ἆπριλίῳ</em></strong></span> <span class='ocrx_word' id='word_1_224' title='bbox 2232 3902 2335 3958; x_wconf 65' lang='lat' dir='ltr'><strong><em>M.</em></strong></span> <span class='ocrx_word' id='word_1_225' title='bbox 2378 3906 2427 3971; x_wconf 83' lang='grc' dir='ltr'><strong><em>η’</em></strong></span> <span class='ocrx_word' id='word_1_226' title='bbox 2462 3902 2549 3958; x_wconf 80' lang='grc' dir='ltr'><strong><em>ἐπὶ</em></strong></span> <span class='ocrx_word' id='word_1_227' title='bbox 2583 3907 2686 3969; x_wconf 77' lang='grc' dir='ltr'><strong><em>τῆς</em></strong></span> 
     </span>
     <span class='ocr_line' id='line_1_36' title="bbox 337 3983 2238 4053; baseline 0.01 -19"><span class='ocrx_word' id='word_1_228' title='bbox 337 3983 613 4050; x_wconf 74' lang='grc' dir='ltr'><strong><em>βασιλείας</em></strong></span> <span class='ocrx_word' id='word_1_229' title='bbox 648 3984 903 4053; x_wconf 82' lang='grc' dir='ltr'><strong><em>τιβερίου,</em></strong></span> <span class='ocrx_word' id='word_1_230' title='bbox 944 3990 975 4041; x_wconf 90' lang='lat' dir='ltr'><strong><em>i.</em></strong></span> <span class='ocrx_word' id='word_1_231' title='bbox 1012 4008 1055 4042; x_wconf 85' lang='lat' dir='ltr'><strong><em>e.</em></strong></span> <span class='ocrx_word' id='word_1_232' title='bbox 1092 4006 1215 4040; x_wconf 78' lang='lat' dir='ltr'>anno</span> <span class='ocrx_word' id='word_1_233' title='bbox 1254 3993 1367 4044; x_wconf 83' lang='lat'><strong>575.</strong></span> <span class='ocrx_word' id='word_1_234' title='bbox 2225 4000 2238 4028; x_wconf 87' lang='lat'><em>&#39;</em></span> 
     </span>
    </p>

    <p class='ocr_par' dir='ltr' id='par_1_13' title="bbox 335 4069 2683 4398">
     <span class='ocr_line' id='line_1_37' title="bbox 479 4069 2683 4143; baseline 0.005 -23"><span class='ocrx_word' id='word_1_235' title='bbox 479 4069 490 4095; x_wconf 89' lang='lat'>¹</span> <span class='ocrx_word' id='word_1_236' title='bbox 530 4072 657 4120; x_wconf 80' lang='lat' dir='ltr'>Haec</span> <span class='ocrx_word' id='word_1_237' title='bbox 703 4073 894 4124; x_wconf 84' lang='lat' dir='ltr'>Novella</span> <span class='ocrx_word' id='word_1_238' title='bbox 942 4076 988 4123; x_wconf 88' lang='lat' dir='ltr'><strong><em>in</em></strong></span> <span class='ocrx_word' id='word_1_239' title='bbox 1040 4076 1160 4125; x_wconf 81' lang='lat' dir='ltr'><strong>Con.</strong></span> <span class='ocrx_word' id='word_1_240' title='bbox 1205 4075 1503 4127; x_wconf 83' lang='lat' dir='ltr'><strong>Novellnrum</strong></span> <span class='ocrx_word' id='word_1_241' title='bbox 1548 4078 1720 4127; x_wconf 85' lang='lat' dir='ltr'><strong>Tiberii</strong></span> <span class='ocrx_word' id='word_1_242' title='bbox 1771 4078 1922 4140; x_wconf 82' lang='lat' dir='ltr'><strong>primo</strong></span> <span class='ocrx_word' id='word_1_243' title='bbox 1970 4079 2079 4128; x_wconf 88' lang='lat' dir='ltr'>loco</span> <span class='ocrx_word' id='word_1_244' title='bbox 2129 4081 2285 4143; x_wconf 79' lang='lat' dir='ltr'><strong>posita</strong></span> <span class='ocrx_word' id='word_1_245' title='bbox 2334 4088 2433 4142; x_wconf 84' lang='lat' dir='ltr'><strong>est,</strong></span> <span class='ocrx_word' id='word_1_246' title='bbox 2483 4080 2570 4129; x_wconf 86' lang='lat' dir='ltr'><strong><em>sed</em></strong></span> <span class='ocrx_word' id='word_1_247' title='bbox 2606 4081 2683 4130; x_wconf 84' lang='lat' dir='ltr'><strong><em>in-</em></strong></span> 
     </span>
     <span class='ocr_line' id='line_1_38' title="bbox 338 4155 2683 4226; baseline 0.005 -22"><span class='ocrx_word' id='word_1_248' title='bbox 338 4155 598 4219; x_wconf 77' lang='lat' dir='ltr'><strong>scriptione</strong></span> <span class='ocrx_word' id='word_1_249' title='bbox 633 4162 757 4204; x_wconf 72' lang='lat' dir='ltr'><strong>tente</strong></span> <span class='ocrx_word' id='word_1_250' title='bbox 794 4172 851 4205; x_wconf 86' lang='lat' dir='ltr'><strong><em>eo</em></strong></span> <span class='ocrx_word' id='word_1_251' title='bbox 888 4158 1079 4208; x_wconf 81' lang='lat' dir='ltr'>demum</span> <span class='ocrx_word' id='word_1_252' title='bbox 1116 4171 1331 4224; x_wconf 74' lang='lat' dir='ltr'><strong>tempore</strong></span> <span class='ocrx_word' id='word_1_253' title='bbox 1369 4161 1523 4224; x_wconf 77' lang='lat' dir='ltr'><strong>edita,</strong></span> <span class='ocrx_word' id='word_1_254' title='bbox 1578 4176 1674 4224; x_wconf 86' lang='lat' dir='ltr'><strong><em>quo</em></strong></span> <span class='ocrx_word' id='word_1_255' title='bbox 1710 4161 1955 4222; x_wconf 63' lang='lat' dir='ltr'><strong>Tiberim,</strong></span> <span class='ocrx_word' id='word_1_256' title='bbox 2002 4165 2192 4213; x_wconf 76' lang='lat' dir='ltr'><strong>sustino</strong></span> <span class='ocrx_word' id='word_1_257' title='bbox 2241 4164 2496 4226; x_wconf 71' lang='lat' dir='ltr'><strong>defuncto,</strong></span> <span class='ocrx_word' id='word_1_258' title='bbox 2543 4166 2683 4216; x_wconf 76' lang='lat' dir='ltr'>solus</span> 
     </span>
     <span class='ocr_line' id='line_1_39' title="bbox 336 4237 2676 4313; baseline 0.006 -26"><span class='ocrx_word' id='word_1_259' title='bbox 336 4237 609 4303; x_wconf 74' lang='lat' dir='ltr'><strong>imperaret.</strong></span> <span class='ocrx_word' id='word_1_260' title='bbox 677 4240 976 4303; x_wconf 79' lang='lat' dir='ltr'><strong>Scrimgerus</strong></span> <span class='ocrx_word' id='word_1_261' title='bbox 1000 4243 1180 4306; x_wconf 78' lang='lat' dir='ltr'><strong>primus</strong></span> <span class='ocrx_word' id='word_1_262' title='bbox 1206 4259 1312 4295; x_wconf 76' lang='lat' dir='ltr'><strong><em>eam</em></strong></span> <span class='ocrx_word' id='word_1_263' title='bbox 1342 4245 1508 4295; x_wconf 83' lang='lat' dir='ltr'><strong>edidit.</strong></span> <span class='ocrx_word' id='word_1_264' title='bbox 1577 4246 1809 4294; x_wconf 84' lang='lat' dir='ltr'><strong>Fabrotus</strong></span> <span class='ocrx_word' id='word_1_265' title='bbox 1835 4255 1881 4298; x_wconf 84' lang='lat' dir='ltr'><strong><em>et</em></strong></span> <span class='ocrx_word' id='word_1_266' title='bbox 1907 4247 2137 4298; x_wconf 79' lang='lat' dir='ltr'><strong>Bienems</strong></span> <span class='ocrx_word' id='word_1_267' title='bbox 2162 4249 2211 4297; x_wconf 92' lang='lat' dir='ltr'><strong><em>in</em></strong></span> <span class='ocrx_word' id='word_1_268' title='bbox 2235 4248 2379 4300; x_wconf 79' lang='lat' dir='ltr'><strong>Basil.</strong></span> <span class='ocrx_word' id='word_1_269' title='bbox 2408 4250 2500 4312; x_wconf 81' lang='lat' dir='ltr'><strong><em>vn,</em></strong></span> <span class='ocrx_word' id='word_1_270' title='bbox 2529 4250 2607 4313; x_wconf 87' lang='lat'><strong><em>11,</em></strong></span> <span class='ocrx_word' id='word_1_271' title='bbox 2648 4252 2676 4301; x_wconf 84' lang='lat'>1</span> 
     </span>
     <span class='ocr_line' id='line_1_40' title="bbox 335 4324 2674 4398; baseline 0.002 -22"><span class='ocrx_word' id='word_1_272' title='bbox 335 4324 556 4376; x_wconf 61' lang='lat' dir='ltr'><strong>Now-ellae</strong></span> <span class='ocrx_word' id='word_1_273' title='bbox 584 4332 779 4374; x_wconf 78' lang='lat' dir='ltr'><strong>nostrae</strong></span> <span class='ocrx_word' id='word_1_274' title='bbox 800 4327 1048 4389; x_wconf 79' lang='lat' dir='ltr'><strong>vestigium</strong></span> <span class='ocrx_word' id='word_1_275' title='bbox 1073 4329 1283 4391; x_wconf 79' lang='lat' dir='ltr'><strong>reperire</strong></span> <span class='ocrx_word' id='word_1_276' title='bbox 1308 4329 1397 4378; x_wconf 80' lang='lat' dir='ltr'><strong>sibi</strong></span> <span class='ocrx_word' id='word_1_277' title='bbox 1419 4329 1504 4380; x_wconf 72' lang='lat' dir='ltr'><strong>visi</strong></span> <span class='ocrx_word' id='word_1_278' title='bbox 1531 4336 1657 4379; x_wconf 80' lang='lat' dir='ltr'><strong>sunt.</strong></span> <span class='ocrx_word' id='word_1_279' title='bbox 1796 4328 1815 4355; x_wconf 82' lang='lat'>²</span> <span class='ocrx_word' id='word_1_280' title='bbox 1852 4331 2194 4395; x_wconf 75' lang='lat' dir='ltr'><strong>Osenbn&#39;iggen</strong></span> <span class='ocrx_word' id='word_1_281' title='bbox 2220 4333 2429 4397; x_wconf 83' lang='lat' dir='ltr'><strong>conjecit</strong></span> <span class='ocrx_word' id='word_1_282' title='bbox 2444 4325 2674 4398; x_wconf 71' lang='grc' dir='ltr'><strong><em>εὐγενές.</em></strong></span> 
     </span>
    </p>
   </div>
  </div>
 </body>
</html>
