2900 4950
1158 229 1274 292 imp.
1315 228 1504 278 Leonis.
2378 223 2448 282 11
2465 225 2490 283 1

52 383 53 426 ἲ
152 375 419 453 πάντας
462 369 629 457 ὁμοῦ
672 368 809 440 ὑπὸ
850 373 1057 457 μόνου
1097 378 1214 441 τοῦ
1258 379 1491 462 καιροῦ
1538 376 1633 455 εἰς
1673 377 1790 463 τὴν
1833 381 1967 445 τῶν
2011 380 2268 448 οἰκείων
2314 381 2495 461 ἐξου-

152 486 305 543 σίαν
363 473 824 559 προάγεσθαι,
884 469 1052 541 ἀλλὰ
1103 471 1258 541 καθ’
1320 474 1394 541 ὃν
1452 473 1841 545 άπαιτεῖται
1896 478 2124 565 καιρὸν
2166 486 2300 549 τῶν
2344 482 2496 568 τὴν4

153 579 557 645 δεσποτείαν
624 575 1216 659 προχειριζομένων
1280 577 1700 658 κατάστασις.
1789 587 1858 647 τί
1920 580 2078 667 γάρ,·
2148 578 2184 647 ὃ
2237 585 2358 666 μὲν
2405 583 2497 650 εἰ5

152 675 575 764 ὗπερελάσας
617 676 732 741 τὸν
770 674 1004 759 χρόνον
1051 674 1242 742 οὔπω
1288 677 1382 755 εἷς
1424 678 1501 743 τὸ
1550 692 1818 765 φρονεῖν
1865 676 2157 768 ἀφίκετο,
2226 687 2343 749 τοῦ
2391 685 2498 751 δε-

153 779 434 859 σπόζειν
489 782 752 862 κριθείη
809 774 1023 857 ἄξιος,
1094 772 1129 842 ὃ
1189 779 1261 844 δὲ
1317 779 1376 845 εἰ
1418 784 1536 845 τοῦ
1580 785 1809 867 καιροῦ
1858 783 2128 850 ἔλαττον
2174 785 2334 867 ’έχων
2381 780 2498 851 οὐκ

152 881 548 947 ἐλαττοῦται
593 877 973 964 φρονήσεως
1014 883 1121 943 καὶ
1166 881 1284 944 τοῦ
1329 874 1555 963 ὀρθῶς
1597 881 1681 948 τὰ
1724 884 2080 968 πράγματα
2123 893 2494 970 μεταχειρί-

154 982 421 1062 ζεσθαι,
468 975 996 1064 άπειρχθήσεται
1023 983 1140 1064 τῆς
1170 979 1590 1065 διοικήσεως,·
1637 983 1782 1050 ἐπεὶ
1816 975 1929 1051 οὖν
1961 981 2076 1068 οὐχ
2105 975 2301 1073 ἧττον
2330 985 2497 1053 κατὰ

154 1087 307 1149 νοῦν
352 1077 398 1168 ἦ
442 1081 522 1147 τὸ
568 1084 758 1163 σῶμα
790 1081 1217 1167 διαφέρουσιν
1249 1079 1628 1166 ἄνθρωποι,
1676 1088 1782 1150 καὶ
1816 1086 1880 1151 οἱ
1908 1088 2029 1168 μὲν
2059 1082 2497 1154 εὐσταθέστε-

156 1209 265 1269 ροι
328 1182 449 1249 τὸν
495 1180 809 1266 λογισμὸν
852 1184 958 1248 καὶ
1004 1180 1139 1267 πρὸ
1183 1184 1300 1247 τοῦ
1344 1189 1811 1268 νενομισμένου
1855 1190 2117 1270 καιροῦ,
2164 1188 2229 1252 οἱ
2274 1188 2345 1253 δὲ
2387 1189 2496 1254 καὶ

154 1281 686 1369 ὑπερβάλλοντες
741 1275 937 1347 αὐτὸν
997 1281 1064 1348 ἐν
1119 1277 1438 1350 εὖσταθεῖ
1492 1283 1608 1372 τὴν
1666 1284 1966 1352 διάνοιαν
2011 1280 2088 1352 οὗ
2133 1286 2492 1373 πεπήγασι,

154 1389 245 1472 τῷ
295 1385 377 1471 δὴ
425 1385 633 1449 ταῦτα
673 1382 1044 1468 βούλεσθαι
1109 1384 1399 1464 ἐλλιπῶς
1442 1386 1609 1468 ἔχειν
1651 1385 1768 1474 τὴν
1813 1393 2225 1471 νομοθεσίαν
2257 1387 2493 1467 ἐποίει,

155 1490 260 1554 καὶ
310 1485 535 1563 ἄλλως
578 1485 650 1551 δέ
693 1509 840 1562 πως
883 1487 1153 1569 πρῶτον
1184 1486 1305 1569 μὲν
1320 1489 1358 1566 ⁶,
1408 1482 1515 1552 ὅτι
1557 1486 1646 1572 μὴ
1679 1487 1910 1575 ῥᾴδιον
1938 1490 2189 1571 μᾶλλον
2223 1489 2294 1554 δὲ
2324 1513 2498 1554 παν-

154 1591 367 1667 τελῶς
412 1581 733 1653 άδύνατον
776 1583 948 1669 πρὸς
990 1585 1247 1665 πάντας
1283 1587 1646 1671 διαβαίνειν
1677 1593 1794 1654 τοῦ
1828 1595 2200 1674 νομοθέτου
2229 1588 2307 1655 τὸ
2337 1589 2497 1675 βού-

156 1691 353 1776 λημα.
423 1690 573 1766 πῶς
613 1685 738 1773 γὰρ
782 1687 847 1752 οἱ
888 1688 1005 1772 γῆς
1045 1689 1155 1753 καὶ
1197 1687 1547 1775 θαλάσσης
1573 1701 1852 1776 μακροῖς
1882 1691 2320 1777 διειργόμενοι
2351 1691 2498 1757 δια-

160 1791 509 1879 στήμασιν,
554 1788 667 1855 ἵνα
708 1787 790 1854 τὰ
834 1785 1002 1855 ἄλλα
1047 1789 1318 1876 δυσχερῆ
1362 1793 1479 1854 τοῦ
1522 1796 1673 1874 βίου
1719 1791 1913 1870 ἐάσω,
1962 1791 2197 1870 νόσους
2226 1795 2334 1857 καὶ
2369 1791 2490 1878 φό-

157 1901 315 1978 βους
383 1891 452 1970 ἐξ
505 1888 862 1976 ἐπιβουλῆς
918 1889 1176 1973 ἐχθρῶν
1228 1892 1339 1956 καὶ
1391 1891 1608 1975 μελῶν
1671 1891 2008 1977 πηρώσεις
2066 1890 2129 1967 (ὃ
2174 1891 2498 1970 πολλάκις

159 1989 301 2061 οὐδ’
376 1991 485 2059 ἐπὶ
541 1989 758 2074 χώρας
812 1991 1051 2057 δίδωσι
1094 1996 1419 2074 προϊέναι,
1464 1990 1554 2078 μὴ
1602 1987 1711 2056 ὅτι
1751 2016 1824 2076 γε
1866 1989 2263 2077 ὑπερορίους
2307 1992 2494 2057 στέλ-

160 2095 410 2162 λεσθαι
451 2098 774 2175 πορείας),
842 2095 990 2170 πῶς
1035 2085 1112 2156 οὗ
1155 2090 1559 2175 κωλυόμενοι
1601 2090 1863 2171 τούτοις
1903 2096 2010 2160 καὶ
2053 2099 2317 2178 μυρίοις
2360 2092 2491 2158 ἑτέ-

42 2261 43 2280 ,
160 2219 323 2278 ροις,
374 2191 418 2259 ἃ
459 2191 576 2278 τὴν
620 2186 1050 2277 ἀνθρωπίνην
1096 2197 1350 2274 συνέχει
1394 2190 1579 2279 ζωὴν,
1629 2191 1816 2279 παρὰ
1855 2192 2060 2278 μόνης
2090 2196 2206 2279 τῆς
2232 2195 2498 2276 βασιλι-

42 2285 43 2300 ’
157 2299 267 2382 κῆς
324 2292 777 2370 κατανεύσεως
828 2296 959 2360 τῶν
1024 2291 1281 2359 οἰκείων
1347 2292 1753 2380 πραγμάτων
1820 2288 2318 2382 άξιωθήσονται
2383 2298 2499 2382 τῆς

40 2399 43 2475 ξ
161 2395 535 2482 ἐπιτροπῆς
548 2423 568 2477 ,-

310 2493 527 2581 ’Όπερ
573 2484 687 2560 οὖν
730 2492 959 2573 καθὼς
1003 2493 1386 2580 ἔμπροσθεν
1434 2496 1679 2583 ἔφημεν
1724 2496 1930 2565 ἐνέδει
1971 2500 2052 2584 τῇ
2105 2503 2498 2585 νομοθεσίᾳ,

158 2598 872 2684 προσαναπληροῦντες
913 2599 1108 2662 τοῦτο
1154 2597 1514 2681 κελεύομεν,
1560 2608 1703 2676 τοῖς
1746 2595 1870 2685 ἤδη
1917 2599 2342 2686 διαβεβηκόσι
2365 2603 2497 2666 τῶν

161 2701 428 2767 παίδων
470 2697 585 2763 τὸν
631 2693 825 2784 ἀτελῆ
882 2699 998 2784 τῆς
1041 2692 1298 2784 ἡλικίας
1363 2697 1593 2784 καιρὸν
1664 2705 1990 2771 (τουτέστι
2032 2710 2176 2778 τοῖς
2215 2702 2337 2785 μὲν
2384 2695 2500 2768 άν-

163 2801 359 2886 δράσι
400 2798 516 2866 τὸν
562 2797 874 2878 εἰκοστὸν,
921 2809 1071 2876 ταῖς
1114 2800 1421 2886 θηλείαις
1468 2801 1539 2866 δὲ
1582 2798 1697 2865 τὸν
1743 2794 2344 2880 ὀκτωκαιδέκατον),
2390 2804 2499 2868 καὶ

162 2902 420 2988 γνώμης
461 2898 859 2966 καταστάσει
902 2899 1416 2984 ῥυθμιζομένοις
1459 2903 1568 2966 καὶ
1614 2899 1936 2987 φρόνησιν
1973 2902 2500 2984 συλλεξαμένοις,

162 2998 263 3090 ὑφ’
316 2992 397 3089 ἧς
440 3000 517 3067 τὸ
564 2999 886 3079 δεσπόζον
928 2995 1390 3086 ἡνιοχοὺμενον
1451 2994 1526 3064 οὗ
1575 3000 1961 3084 λυμανεῖται
2004 3005 2147 3078 τοῖς
2190 3001 2499 3088 πράγμα-

166 3126 263 3170 σιν
326 3098 472 3169 οὗδ’
524 3102 903 3184 ἐπιβλαβῶς
958 3095 1187 3178 αὐτοῖς
1241 3098 1317 3165 τὸ
1366 3098 1710 3179 δεσπόζειν
1756 3093 2004 3186 ὀφθείη
2051 3105 2496 3185 παρασχεθὲν,

165 3203 275 3289 τὴν
333 3206 468 3269 τῶν
526 3202 783 3268 οἰκείων
828 3199 1201 3288 ἐπιτροπὴν
1245 3200 1596 3266 δίδοσθαι·
1652 3206 1875 3266 τοίνυν
1921 3190 2109 3265 οὗτοι
2151 3204 2261 3267 καὶ
2304 3203 2499 3286 λαβέ-

165 3328 402 3384 τωσαν,
448 3305 557 3370 καὶ
601 3302 1119 3382 δεσποζέτωσαν.
1182 3301 1246 3367 οἱ
1292 3296 1356 3368 δ’
1407 3302 1505 3367 ἔτι
1549 3302 1864 3386 λογισμοῦ
1909 3303 2027 3367 τοῦ
2070 3300 2500 3388 κυβερνήσον-

166 3430 273 3485 τος
317 3405 561 3484 ἐνδεεῖς
603 3407 709 3470 καὶ
756 3402 869 3469 διὰ
911 3406 1106 3468 τοῦτο
1150 3403 1497 3486 μέλλοντες
1541 3397 1688 3469 άντὶ
1732 3404 1849 3468 τοῦ
1896 3401 2244 3483 δεσπόζειν
2282 3396 2492 3479 (αὐτοὶ

166 3501 298 3573 ὑπὸ
328 3503 559 3584 ἀνοίας
588 3502 1086 3588 δεσποζόμενοι)
1120 3503 1457 3591 ἐπιζήμιοι
1499 3503 1759 3582 ἑαυτοῖς
1788 3499 2126 3588 ὑπάρξειν,
2178 3497 2296 3572 κᾶν
2326 3511 2503 3591 πέρα

165 3611 278 3673 τοῦ
321 3608 553 3691 καιροῦ
596 3602 860 3693 ἥκοντες
905 3600 1205 3689 ὁρῶνται,
1254 3599 1329 3670 οὗ
1375 3604 1738 3692 λήψονται·
1786 3604 1844 3672 εἰ
1886 3603 2008 3691 γὰρ
2044 3599 2209 3690 ὅπερ
2239 3595 2316 3692 ῆν
2348 3630 2501 3673 σκο-

168 3707 323 3788 πὸς,
383 3706 462 3773 τὸ
516 3705 600 3773 τὰ
652 3704 1073 3792 προσήκοντα
1128 3706 1343 3784 καλῶς
1400 3707 1937 3789 οἰκονομεῖσθαι,
1996 3709 2194 3771 τοῦτο
2242 3705 2341 3775 ἔτι
2383 3704 2503 3772 οῦκ

170 3806 345 3875 ἐστιν
390 3807 735 3894 ἐπίδημον,
780 3809 931 3885 πῶς
973 3800 1092 3873 κᾶν
1138 3806 1462 3891 ἐπίδημος
1493 3802 1531 3891 ἡ
1561 3803 1801 3894 ἡλικία,
1851 3805 2244 3892 ἐπισφαλῶς
2274 3802 2500 3884 αὐτοῖς

173 3907 644 3995 ἐμπιστευθείη
692 3906 735 3974 ἃ
777 3911 855 3994 τῇ
903 3907 1147 3994 ἐκείνης
1192 3907 1554 3993 ἐπιστασίᾳ
1599 3900 1674 3972 οὗ
1719 3907 1932 3982 καλῶς
1963 3902 2499 3991 διοικηθήσεταις

301 4162 324 4190 ⁴
358 4164 516 4214 Malim
556 4155 643 4211 ἐπὶ
679 4157 794 4223 τὴν.
937 4160 958 4189 ⁵
994 4164 1142 4213 codd.
1180 4156 1230 4212 εἰ
1264 4155 1293 4209 ό
1328 4156 1448 4228 μὲν,
1490 4162 1656 4224 steph.
1693 4153 1742 4210 εἰ
1776 4150 1836 4213 35
1867 4154 1972 4227 μὲν
2004 4155 2100 4208 καὶ
2129 4155 2220 4208 ὑπ.
2246 4187 2300 4197 ——
2328 4153 2387 4214 ὃς
2421 4155 2498 4210 δὲ.

174 4243 196 4272 ⁶
226 4248 317 4299 Hic
352 4252 490 4301 locus
527 4248 724 4297 omnino
761 4255 1017 4311 corruptus
1053 4254 1155 4297 est:
1197 4246 1500 4297 desides-atm-
1534 4245 1660 4294 euim
1697 4238 1980 4313 δεύτερον,
2019 4246 2150 4309 quod
2185 4245 2247 4296 ad
2281 4243 2509 4313 πρῶτον

176 4329 287 4381 iuml
318 4332 628 4398 respondeat.
698 4332 839 4383 Forte
873 4326 1299 4398 παροπτομένην
1330 4330 1399 4380 vel
1437 4328 1674 4403 ejsssmodi
1713 4328 1845 4392 quid.
