2900 4950
381 202 507 265 550
1248 215 1366 265 con.
1403 212 1475 265 ιν.
1546 216 1657 265 κω.
1695 212 1836 264 xcu.

385 368 448 429 in
493 366 608 429 situ
650 364 761 426 loci
806 366 1124 428 lcanatisse
1167 382 1200 426 a
1245 365 1561 427 serenitate
1606 373 1804 426 nostra
1850 363 2118 425 edificato
2162 362 2236 423 ab
2286 363 2415 443 ipsa
2444 362 2742 443 hospitali

387 468 449 530 in
505 467 726 547 templo
781 466 1095 527 venerabili
1152 474 1488 527 sanctorum
1546 482 1890 545 magnorum
1943 464 2257 544 Martyrum
2302 462 2741 543 Quadraginta.

389 568 671 630 Concedit
734 576 927 628 autem
973 568 1098 629 (lari
1145 576 1204 628 et
1245 584 1479 628 rursum
1526 566 1736 628 Pisane
1780 566 2025 627 ecclesie
2070 565 2383 627 constituta
2429 566 2483 626 ei
2536 585 2743 628 annua

391 668 695 744 solemnia,
741 673 866 733 500
912 668 1132 730 scilicet
1172 686 1460 749 yperpera
1505 676 1564 730 et
1605 671 1645 732 2
1688 667 1860 748 pallia
1906 676 1970 728 ut
2012 675 2071 728 et
2112 666 2187 727 ab
2231 667 2489 747 Imperio
2530 678 2741 729 nostm

394 773 444 833 ei
492 790 653 833 nunc
696 772 1027 843 constituta,
1074 770 1149 831 ob
1196 772 1369 830 fldem
1417 788 1590 849 quam
1637 769 1837 831 civitas
1881 768 2055 829 debet
2098 776 2157 828 et
2184 775 2339 828 terra
2372 768 2589 829 Pisana
2628 770 2743 830 lm-
2838 818 2839 823 ,

379 858 555 954 ιριεήο
613 881 815 934 nostro
871 879 930 932 et
982 872 1277 932 servitium
1325 870 1473 950 eJus.
1562 870 1734 931 Addit
1777 887 2013 949 quoqne
2056 868 2144 930 eis
2188 880 2245 930 et
2287 868 2397 930 alia
2443 888 2738 950 yper-pera

397 979 516 1039 100
561 972 845 1046 similiter,
890 983 948 1033 et
985 971 1440 1034 honoratissimo
1469 971 1912 1051 archiepiscopo
1942 971 2205 1031 Pisarum
2236 971 2735 1050 poeconstitntum

391 1075 444 1137 ei
489 1092 750 1137 annuum
794 1072 1104 1147 salarium,
1161 1076 1243 1139 60
1287 1073 1551 1134 videlicet
1596 1090 1880 1152 yperpera
1924 1085 1984 1134 et
2024 1090 2209 1133 unum
2256 1071 2518 1151 paulum,
2568 1083 2637 1134 nt
2680 1085 2736 1134 et

392 1177 445 1237 ei
492 1195 651 1237 nunc
696 1176 1072 1237 constitutum
1120 1175 1193 1237 ab
1239 1174 1492 1254 Imperio
1536 1183 1759 1234 nostro.
1814 1172 1992 1233 Addit
2036 1191 2171 1232 vero
2214 1190 2470 1252 persone
2505 1175 2737 1235 archie-

389 1278 615 1358 piscopi
673 1277 775 1357 qui
829 1295 989 1338 nunc
1043 1285 1133 1337 est
1188 1286 1244 1338 et
1289 1276 1398 1337 alia
1443 1292 1724 1355 yperpera
1770 1292 1879 1353 per
1921 1273 2181 1352 singulas
2226 1290 2416 1335 annos
2461 1279 2567 1339 40.
2664 1276 2735 1339 Et

385 1378 556 1460 jubet
611 1377 950 1457 hujusmodi
1007 1377 1202 1437 omnia
1261 1396 1293 1436 a
1352 1386 1518 1456 parte
1575 1376 1819 1436 civitatis
1876 1384 1935 1436 et
1975 1384 2132 1436 terre
2178 1375 2388 1436 Pisane
2434 1377 2731 1455 possideri

392 1481 506 1540 hoc
547 1470 752 1538 modo‘
767 1494 876 1557 per
917 1494 1124 1537 omnes
1169 1486 1228 1538 et
1269 1476 1540 1538 assiduos
1584 1494 1794 1548 annos,
1840 1477 2164 1537 secundum
2194 1476 2531 1538 thciendum
2562 1496 2735 1557 prac-

390 1580 567 1641 ticum
612 1579 821 1638 horum
869 1576 1238 1653 tradicionis;
1286 1579 1439 1657 quod
1487 1579 1589 1638 flet
1632 1576 1944 1639 notificatis
1987 1577 2191 1655 legatis
2235 1592 2438 1638 eorum
2469 1596 2502 1638 a
2536 1597 2734 1656 gmm-

389 1679 616 1739 maticis
659 1678 894 1758 imperii
939 1678 1158 1750 nostri,
1202 1678 1500 1740 Pediadita
1546 1678 1933 1740 Constantino
1974 1687 2035 1739 et
2077 1678 2403 1738 clarissimo
2447 1690 2734 1757 protono-
2806 1756 2813 1765 1

386 1779 673 1842 bilissimo
719 1779 923 1857 Sergio
968 1772 1192 1852 Coliva,
1251 1788 1306 1839 et
1351 1798 1383 1838 a
1429 1780 1781 1841 desunotato
1826 1779 2211 1840 Constantino
2254 1778 2511 1851 Petiota,
2570 1781 2731 1860 quod

388 1890 448 1942 et
489 1882 551 1942 in
595 1880 871 1959 congruis
916 1879 1157 1940 secretis
1202 1881 1384 1940 sterni
1431 1880 1606 1942 debet
1649 1898 1779 1941 curn
1812 1877 2072 1959 presenti
2104 1879 2456 1959 chrysobulo
2486 1880 2730 1959 Imperii

390 1982 606 2055 nostri3
665 1991 724 2043 et
777 1981 995 2042 hahere
1043 1980 1285 2042 Pisanos
1341 1982 1645 2042 universos
1688 1981 1989 2042 introitum
2036 1966 2239 2041 eorum
2284 1991 2627 2060 presentem
2674 1993 2733 2044 et

389 2084 648 2144 futurum
704 2102 773 2144 ex
817 2081 1465 2162 superedificationihus
1508 2082 1805 2162 ipsorum,
1868 2100 2015 2161 quas
2058 2083 2206 2142 infra
2250 2082 2540 2143 terminos
2582 2084 2733 2163 ipsis

387 2185 634 2246 traditos
678 2184 910 2257 facient,
957 2201 1265 2265 quousque
1310 2182 1530 2256 civitaS,
1576 2202 1751 2263 quam
1796 2182 1970 2243 debet
2000 2183 2255 2262 Imperio
2286 2191 2507 2255 nostro,
2556 2185 2734 2245 here-

388 2285 561 2346 dibus
604 2294 663 2346 et
706 2284 1145 2345 successoribus
1185 2283 1314 2362 ejus
1360 2284 1589 2364 ipsique
1635 2284 1937 2355 Romanie,
1983 2285 2157 2345 fidem
2203 2294 2378 2363 atque
2423 2285 2731 2348 servitium

388 2394 723 2457 conservat,
781 2395 839 2445 et
882 2394 1036 2446 terra
1084 2384 1292 2445 Pisana
1338 2403 1406 2444 ac
1445 2386 1643 2463 ipsum
1688 2384 1819 2465 ejus
1862 2404 2174 2446 commtme
2216 2384 2631 2449 inviolabiliter
2672 2396 2732 2449 et

386 2488 516 2550 sine
571 2485 988 2558 diminutione,
1054 2487 1376 2547 secundum
1434 2487 1881 2548 conventionem
1927 2487 2202 2566 scriptam
2248 2503 2279 2547 a
2322 2489 2732 2567 supranotatis

387 2607 589 2648 eornm
635 2585 840 2664 legatis
884 2587 1091 2648 factam
1138 2596 1196 2648 et
1240 2587 1512 2667 superius
1557 2588 1877 2662 recitatam,
1924 2606 2038 2668 que
2083 2595 2142 2648 et
2184 2599 2215 2648 a
2247 2596 2538 2667 potestate
2566 2589 2731 2669 ejus-

387 2689 520 2748 dem
566 2687 810 2748 civitatis
854 2695 912 2748 et
954 2697 1109 2749 terre
1153 2687 1362 2751 Pisane
1427 2697 1482 2749 et
1529 2688 1868 2749 melioribus
1911 2688 2139 2751 Pisanis
2183 2698 2242 2750 et
2285 2689 2557 2750 universa
2602 2691 2731 2769 ple-

387 2788 654 2849 nitudine
682 2789 948 2850 Pisarum
987 2789 1176 2870 jurari
1219 2791 1395 2852 debet
1437 2790 1497 2850 in
1542 2790 1838 2869 presentia
1884 2782 2064 2870 super
2105 2790 2219 2851 hoc
2262 2790 2457 2870 ipsum
2488 2792 2729 2853 mitten-

385 2889 593 2952 dorum
651 2891 953 2951 hominum
1012 2891 1244 2971 Imperii
1302 2892 1519 2963 nostri,
1578 2900 1637 2952 et
1691 2891 1992 2952 annuatim
2037 2891 2333 2964 renovari,
2395 2892 2727 2953 secundum

386 2992 541 3070 quod
588 2992 920 3070 specialiter
962 3011 1028 3052 ea
1074 3011 1189 3072 que
1232 2992 1409 3072 hujus
1453 2992 1688 3072 capituli
1732 3002 1890 3065 sunt,
1937 3010 2174 3071 semper
2203 2993 2585 3054 memorando
2614 2993 2727 3054 im·

383 3094 659 3172 peratori‚
704 3103 912 3173 patruo
959 3092 1193 3172 Imperii
1240 3094 1445 3162 nostri,
1494 3094 1732 3154 domino
1776 3093 2047 3164 Manueli,
2093 3101 2261 3172 pacta
2292 3102 2450 3155 sunt.
2497 3092 2730 3155 Fruen-

385 3201 482 3255 tur
522 3204 714 3256 autem
761 3204 819 3256 et
860 3193 1127 3272 libertate
1173 3195 1440 3258 universa
1489 3194 1547 3256 in
1594 3195 1823 3255 duobus
1865 3195 2122 3255 recitatis
2166 3194 2528 3273 chrysubulis
2558 3213 2730 3256 com-

384 3296 675 3377 prehensa
722 3296 1075 3367 commercii,
1122 3307 1180 3357 et
1225 3297 1580 3376 reliquorum
1627 3296 1888 3356 omnium
1935 3296 2320 3375 capitulorum
2366 3313 2477 3374 que
2522 3295 2578 3354 iu
2629 3297 2731 3356 eis

382 3396 788 3466 continentur,
849 3396 1192 3458 exhibentes
1236 3397 1311 3457 de
1353 3406 1591 3457 centum
1638 3402 1674 3460 4
1722 3407 1838 3458 tam
1885 3397 1944 3456 in
1994 3415 2199 3475 magna
2247 3398 2390 3458 urbe
2432 3413 2609 3476 quam
2660 3397 2725 3458 in

383 3496 592 3557 ceteris
647 3497 819 3558 terris
874 3507 1075 3559 nostre
1133 3499 1227 3576 pie
1283 3497 1751 3576 tranquillitatis,
1814 3515 1931 3559 non
1992 3498 2180 3558 solum
2238 3497 2312 3558 de
2370 3497 2440 3558 iis
2483 3515 2599 3576 que
2646 3498 2727 3558 tle

382 3596 588 3658 alienis
632 3598 896 3676 partibus
941 3598 1014 3658 ab
1058 3598 1202 3677 ipsis
1247 3599 1305 3659 in
1341 3599 1684 3659 Romaniam
1732 3600 2057 3660 afferuntur
2086 3598 2374 3659 universis
2405 3598 2725 3672 mercibus,

384 3717 581 3760 verum
628 3700 800 3761 etiam
848 3700 920 3759 de
962 3698 1035 3759 iis
1080 3715 1193 3778 que
1239 3699 1312 3759 de
1357 3700 1531 3761 terris
1577 3700 1858 3761 Romanie
1904 3700 1976 3761 ab
2020 3701 2165 3780 ipsis
2208 3707 2488 3760 emuntur
2538 3707 2602 3760 et
2660 3701 2726 3762 in

381 3819 590 3880 magna
647 3800 793 3863 urbe
848 3800 934 3861 vel
990 3800 1117 3861 aliis
1164 3800 1334 3861 terris
1381 3800 1663 3862 Romanie
1708 3802 2054 3862 venduntur.
2146 3801 2517 3879 Quamquam
2561 3800 2727 3862 enim

384 3913 440 3964 et
498 3921 569 3963 ex
628 3901 976 3982 chrysobulo
1036 3902 1178 3981 ipsis
1225 3904 1374 3963 lacto
1418 3903 1617 3981 proavi
1662 3902 1897 3982 imperii
1942 3903 2160 3974 nostri,
2217 3919 2457 3982 semper
2501 3921 2731 3962 memo-

269 4037 278 4046 ·
383 4004 551 4065 randi
595 4004 966 4083 imperatoris
1010 4004 1230 4064 domini
1264 4004 1771 4078 AlexiiComnani,
1818 4014 1877 4066 ut
1926 4004 2079 4064 velut
2122 4001 2324 4063 Romei
2372 4012 2735 4083 ieputentur

381 4104 493 4184 ipsi
540 4104 598 4165 in
646 4105 938 4166 mercibus
984 4123 1130 4186 quas
1173 4106 1246 4165 de
1291 4106 1574 4167 Romania
1620 4115 1841 4178 emunt,
1888 4104 2338 4166 determinatum
2378 4113 2488 4176 est,
2534 4104 2735 4165 idem—

382 4221 497 4282 que
540 4206 953 4267 commercium
998 4207 1141 4267 cleut
1183 4207 1257 4266 de
1300 4207 1372 4268 iis
1416 4208 1572 4286 quod
1618 4216 1678 4267 et
1720 4206 1923 4266 Romei
1968 4207 2140 4280 ‹lant3
2206 4205 2313 4266 sed
2358 4215 2559 4267 tamen
2604 4205 2732 4266 lm-

381 4305 612 4388 perium
663 4314 931 4366 nostrum
989 4307 1230 4368 multam
1286 4326 1490 4369 eorum
1544 4308 1916 4369 devotionem
1970 4317 2031 4368 et
2082 4307 2261 4368 {idem
2306 4321 2730 4378 remunerans,
