2900 4950
1096 273 1213 339 Imp.
1248 272 1397 326 Alexii
1436 274 1685 327 comneni.
2429 268 2554 331 405

211 428 351 496 τοῦ
419 415 761 522 ἀνάγκην
825 417 1015 497 εἶναι
1075 427 1232 507 τοῖς
1280 420 1675 510 δεσπόταις
1721 431 1877 502 τῶν
1927 422 2227 503 δούλων
2274 428 2554 529 ἱερολο-

209 541 372 637 γεῖν
437 536 713 623 αὐτοὺς
775 537 904 614 καὶ
965 539 1070 638 μὴ
1123 540 1526 638 ἀνέχεσθαι
1578 539 1965 641 πορνεύειν
2014 543 2323 630 τούτους
2372 547 2555 645 πρὸς

211 656 570 754 ἀλλήλους
619 661 683 731 εἶ
732 657 836 754 μὴ
886 655 1293 754 βούλονται
1336 663 1766 755 στερεῖσθαι
1805 668 1935 758 τῆς
1974 662 2075 738 ἐπ’
2133 665 2387 750 αὐτοῖς
2429 665 2554 741 δε-

212 777 555 859 σποτείας
594 775 720 849 καὶ
771 778 1364 870 ἐλευθεροῦσθαι
1412 776 1590 863 τοὺς
1640 778 1979 868 δούλους,
2034 782 2366 876 φέρουσα
2416 784 2554 860 τὸν

239 903 443 991 μῆνα
493 892 1205 989 ὐποσεσημασμένον
1254 893 1383 969 διὰ
1433 896 1904 998 γραμμάτων
1956 906 2092 973 τοῦ
2139 901 2526 997 βασιλέως.

383 1042 465 1110 α’.
546 1036 911 1132 Ἀνηνέχθη
966 1046 1044 1132 τῇ
1091 1040 1402 1134 βασιλείᾳ
1443 1070 1573 1130 μου
1618 1046 1805 1132 παρά
1849 1071 2001 1130 σου,
2063 1049 2403 1136 ἱερώτατε,
2463 1047 2553 1133 ῶς

214 1139 588 1233 ἀμφιβολία
639 1146 743 1224 τὶς
798 1140 1158 1213 ἆνακύπτει
1210 1149 1398 1232 παρὰ
1439 1149 1520 1235 τῇ
1565 1144 1869 1237 ἐκκλησίᾳ
1914 1173 2035 1216 σου
2081 1151 2149 1218 ἐκ
2191 1153 2554 1238 προσελεύ-

213 1245 380 1325 σεώς
432 1271 633 1314 τινων
690 1247 784 1326 εἷς
841 1244 1223 1333 ἐλευθερίαν
1283 1244 1827 1337 ἇναφωνούντων.
1917 1252 2180 1336 λέγουσι
2233 1254 2356 1340 γὰρ
2412 1249 2552 1323 ἇπο

211 1353 519 1436 πατέρων
547 1351 943 1436 γεγενῆσθαι
983 1356 1078 1435 βο
1097 1349 1494 1437 υλγάρων,
1544 1352 1738 1437 λιμοῦ
1782 1353 1854 1419 δὲ
1884 1352 2019 1439 πρὸ
2061 1353 2312 1440 χρόνων
2354 1382 2554 1424 κατα-

214 1448 485 1532 σχόντος
529 1444 787 1529 εὖώνως
831 1446 1068 1530 αὐτοὺς
1110 1446 1245 1517 ὕπὸ
1288 1455 1420 1519 τῶν
1483 1457 1724 1540 γονέων
1782 1454 2319 1540 διαπεπρᾶσθαι.
2399 1452 2554 1527 κάν-

211 1554 455 1619 τεῦθεν
473 1552 539 1618 οἱ
560 1551 810 1619 τούτων
830 1550 1046 1639 κύριοι
1064 1550 1154 1641 μὴ
1181 1554 1775 1640 συνομολογοῦντες
1806 1549 1977 1623 εἶναι
2003 1554 2278 1637 τούτους
2305 1560 2553 1643 βουλ-

211 1651 513 1739 γάρους
554 1653 673 1732 τὰς
717 1650 1096 1734 ἀποδείξεις
1139 1653 1410 1733 ἐκείνοις
1454 1654 1981 1743 ἐπιφορτίζουσι.
2046 1664 2155 1725 καὶ
2201 1658 2266 1725 οἶ
2307 1660 2428 1745 μὲν
2463 1659 2550 1727 ’τὸ

211 1760 397 1841 γένος
441 1751 953 1823 ἀποδεικνύουσι
997 1753 1110 1822 διὰ
1153 1755 1639 1842 παραστάσεως
1665 1757 2032 1844 μαρτύρων,
2081 1760 2146 1826 οἱ
2177 1760 2248 1827 δὲ
2276 1759 2554 1842 τούτους

215 1856 311 1935 εἷς
364 1857 666 1924 δουλείαν
718 1862 1097 1940 κατέχοντες
1150 1851 1756 1944 ἆντιπαραστάσεις
1809 1857 1976 1926 κατὰ
2028 1863 2161 1928 τῶν
2202 1861 2551 1947 μαρτύρων

211 1957 679 2045 λαμβάνουσιν,
726 1958 1073 2038 ἐθέλοντες
1114 1952 1374 2025 ἆτονεῒν
1417 1958 1572 2038 τοὺς
1614 1966 2181 2046 προσερχομένους
2222 1966 2301 2049 τῇ
2334 1963 2554 2052 ἐκκλη-

212 2066 362 2148 σίᾳ,
419 2061 529 2126 καὶ
583 2058 755 2146 πρὸς
808 2062 1116 2147 δευτέραν
1156 2062 1502 2146 χωροῦσι*ι
1542 2066 1938 2147 μαρτυρίαν,
1994 2057 2114 2129 κᾶκ
2156 2062 2392 2129 τούτου
2438 2064 2553 2132 ἐπὶ

214 2161 518 2228 δουλείαν
562 2150 765 2241 αὖθις
808 2163 874 2230 οἱ
918 2162 1337 2249 ἐγκαλοῦντες
1398 2162 1855 2229 καθέλκονται.
1944 2165 2050 2229 καὶ
2098 2162 2411 2252 ἐζήτησας
2454 2165 2555 2232 οἰ-

211 2261 494 2349 κονομήν
549 2289 701 2331 τινα
756 2266 1015 2331 δικαίαν
1072 2263 1261 2350 παρὰ
1313 2265 1433 2351 τῆς
1484 2265 1831 2349 βασιλείας
1882 2288 2012 2349 μου
2056 2270 2403 2351 γενέσθαι,
2463 2264 2555 2346 ὦς

214 2364 522 2432 ἐντεῦθεν
564 2366 699 2431 τῶν
743 2370 1288 2452 προσερχομένων
1331 2368 1410 2453 τῇ
1444 2361 1748 2453 ἐκκλησίᾳ
1778 2360 2242 2434 ἀσθενούντων
2270 2377 2416 2446 τοῖς
2444 2395 2555 2434 κυ-

213 2471 386 2554 ρίοις
430 2461 644 2534 αὐτῶν
689 2463 1174 2553 άντιμάχεσθαι
1217 2465 1331 2535 διὰ
1359 2466 1435 2534 τὸ
1469 2466 1538 2535 ἐκ
1565 2470 1681 2555 τῆς
1712 2461 2358 2559 ἆντιπαραστατικῆς
2382 2496 2555 2556 μαρ-

210 2576 440 2655 τυρίας
483 2567 989 2653 ἐμποδίζεσθαι.
1075 2572 1185 2637 καὶ
1239 2569 1318 2635 σὺ
1361 2571 1483 2656 μὲν
1527 2565 1877 2657 ἀνήνεγκας
1916 2573 2142 2639 ταῦτα.
2230 2567 2270 2659 ἥ
2317 2572 2389 2639 δὲ
2429 2578 2556 2658 βα-

214 2672 433 2739 σιλεία
485 2694 616 2757 μου
673 2670 758 2738 τὰ
811 2675 928 2759 τῆς
970 2668 1365 2750 ὑποθέσεως
1409 2670 1828 2756 δοκιμάσασα
1871 2671 2249 2758 διορίζεται,
2295 2671 2555 2752 πάντας

209 2772 368 2852 τοὺς
409 2778 975 2859 προσερχομένους
1019 2775 1124 2839 σοὶ
1170 2774 1277 2840 καὶ
1323 2772 1418 2852 εἷς
1462 2772 1845 2859 ἐλευθερίαν
1876 2767 2390 2862 ἀναφωνοῦντας
2419 2798 2556 2841 πα-

132 2898 141 2903 ’
212 2875 634 2962 ραδέχεσθαι,
679 2876 791 2942 καὶ
834 2873 1118 2955 δικάζειν
1160 2873 1330 2958 μετὰ
1370 2877 1504 2939 τῶν
1547 2879 1787 2958 κυρίων
1831 2868 2047 2942 αὐτῶν
2092 2873 2349 2953 καὶτὰς
2378 2869 2554 2941 ἀπο-

214 2976 453 3057 δείξεις
491 2987 637 3056 τοῒς
680 2965 1062 3063 ἐγκαλοῦσιν
1109 2974 1703 3062 ἒπιφορτίζεσθαι·
1745 2974 1853 3039 καὶ
1902 2974 2035 3059 εἴγε
2078 2962 2264 3039 οὗτοι
2305 2974 2555 3058 μαρτύ-

211 3102 349 3164 ρων
404 3073 840 3164 εῦπορήσαιεν
894 3087 1039 3156 τοῖς
1081 3074 1314 3160 νόμοις
1356 3077 1597 3142 δεκτῶν
1643 3077 1752 3141 καὶ
1792 3073 1881 3159 μὴ
1926 3074 2203 3161 διαβολῇ
2248 3098 2555 3159 περιτρε-

210 3184 555 3264 πομένων,
612 3182 707 3264 τῷ
766 3174 936 3266 ὅρκῳ
987 3180 1122 3245 τῶν
1171 3176 1523 3291 μαρτύην
1581 3172 2146 3260 άπαυχενίζεσθαι
2199 3176 2316 3239 τοῦ
2363 3173 2553 3259 ζυγοῦ

213 3283 332 3369 τῆς
388 3280 688 3359 δουλείας
743 3279 899 3359 τοὺς
954 3279 1404 3366 ἐγκαλοῦντας,
1464 3281 1570 3345 καὶ
1628 3276 1718 3366 μὴ
1766 3272 2370 3363 ἆντιπαραστάσεις
2411 3284 2558 3353 τοῒς

209 3387 465 3469 κυρίοις
506 3376 722 3449 αὐτῶν
764 3380 931 3449 κατὰ
971 3383 1106 3448 τῶν
1144 3380 1496 3466 μαρτύρων
1542 3379 1998 3464 ἒκχωρεῒσθαι.
2044 3376 2265 3445 πολλὰ
2307 3375 2430 3461 γὰρ
2463 3369 2556 3459 ,ἂν

212 3482 284 3552 ἐκ
337 3487 456 3551 τοῦ
512 3483 758 3571 ῥᾴστου
815 3477 1197 3572 ἆδικηθεῖεν
1253 3480 1320 3549 οἱ
1373 3484 1453 3571 τῇ
1513 3481 1817 3569 ἐκκλησίᾳ
1871 3478 2391 3568 προσερχόμενοι
2443 3481 2554 3545 καὶ

208 3583 389 3671 πρὸς
427 3583 810 3671 ἐλευθερίαν
855 3579 1284 3672 ἀναβοῶντες,
1330 3586 1464 3650 τῶν
1507 3589 1746 3668 κυρίων
1792 3578 2007 3650 αὖτῶν
2053 3581 2345 3659 δυνατῶς
2375 3577 2555 3663 ἐχόν-

206 3712 347 3754 των
389 3687 706 3765 πλείονας
743 3685 1080 3772 μάρτυρας
1125 3682 1535 3772 ἐφευρίσκειν
1576 3687 1682 3751 καὶ
1730 3685 1824 3764 εἷς
1867 3681 2170 3751 δουλείαν
2202 3682 2549 3748 καθέλκειν

211 3782 470 3867 αύτούς.
562 3782 698 3855 ἄλλ’
762 3788 952 3870 εἴπερ
1011 3788 1217 3871 ἔχοιεν
1274 3786 1483 3871 λέγειν
1538 3785 1704 3851 κατὰ
1748 3789 1879 3850 τῶν
1922 3784 2270 3869 μαρτύρων
2315 3782 2380 3846 οἱ
2423 3782 2556 3845 τῶν

212 3887 656 3974 ἐγκαλούντων
702 3886 1046 3967 δεσπόται,
1088 3893 1509 3972 χωρείτωσαν
1552 3888 1658 3952 καὶ
1704 3885 1984 3963 τούτους
2020 3883 2556 3968 διαβαλλέτωσαν

213 3990 350 4076 εἴγε
393 3989 722 4073 δύνανται,
768 3984 1126 4058 κάντεῦθεν
1170 3986 1570 4055 νικάτωσαν·
1637 3980 2053 4073 ἆδιαβλήτων
2098 3985 2170 4050 δὲ
2212 3986 2344 4050 τῶν
2386 4006 2556 4068 μαρ-

208 4091 425 4180 τύρων
469 4089 964 4180 εὑρισκομένων,
1008 4085 1047 4178 ἦ
1094 4091 1344 4156 νικῶσα
1384 4088 1654 4166 πάντως
1695 4098 1839 4166 τοῖς
1881 4086 2227 4172 ἐγκαλοῦσι
2269 4083 2558 4171 δοθήσε-

206 4218 329 4261 ται
379 4192 548 4279 μετὰ
599 4193 717 4261 τὸν
769 4189 962 4279 ὅρκον
1003 4194 1137 4260 τῶν
1180 4188 1548 4276 μαρτύρων,
1595 4189 1703 4256 καὶ
1749 4186 2094 4274 ἐλεύθεροι
2137 4174 2323 4253 οὗτοι
2369 4185 2556 4255 ἔσον-

302 4456 309 4467 ,
349 4396 392 4427 ⁸⁸
425 4400 546 4453 cod.
583 4401 768 4452 Bonon.
802 4399 1052 4452 videbatur
1086 4398 1264 4450 babere
1297 4388 1537 4447 ποιοῦσί
