2900 4950
334 240 458 302 518
1150 253 1269 302 con.
1308 253 1377 302 tv.
1448 242 1561 302 nui.
1601 251 1848 303 Lxxxvn.

336 405 550 478 nostri,
624 403 864 464 domino
933 403 1200 464 Manuele
1276 404 1611 478 Comnano,
1686 404 2041 464 confirmans
2112 400 2460 481 chrysobula
2533 400 2701 480 ipsis

333 507 617 567 hactenus
645 506 789 566 sacta
825 504 1222 583 piissimorum
1265 523 1616 585 semperque
1663 504 2175 565 memorandorum
2225 503 2697 583 Imperatorum,

335 607 599 668 videlicet
655 606 887 686 proavi⁵
943 606 1177 685 lmperii
1236 606 1422 666 nostri
1482 605 1701 666 domini
1749 604 1929 665 Alexii
1989 614 2046 665 et
2091 604 2283 683 magni
2331 604 2526 683 patrui
2576 605 2747 663 ‹to-.

335 709 477 769 mini
530 709 819 769 «Iohannis
883 708 1347 779 Camunnorum,
1407 707 1743 767 confirmari
1802 725 1933 767 cum
1989 705 2203 767 ceteris
2260 715 2318 766 et
2375 725 2405 766 a
2472 714 2687 765 nostra

335 808 673 881 clementia,
734 808 1048 888 Imperium
1110 819 1377 870 nostrum
1422 817 1482 869 et
1525 809 1678 869 hanc
1722 808 2197 888 deprecationem
2241 826 2446 867 eorum
2491 806 2689 866 adim-

333 910 505 991 plens
551 912 859 971 confirmat
901 928 1008 988 per
1051 929 1297 988 presens
1342 908 1756 988 chrysubulum
1802 908 2040 970 verbum
2080 928 2250 970 suum
2283 908 2436 969 idem
2471 926 2684 967 eorum

337 1011 769 1091 chrysobolum,
816 1011 971 1089 quod
1017 1011 1218 1090 sicque
1264 1011 1506 1071 hahet&

347 1118 354 1133 ”
505 1112 583 1176 Et
637 1112 855 1192 aliquis
908 1113 1286 1193 firmioribus
1343 1113 1681 1174 ciuitatibus
1732 1112 2154 1190 fortitudinem
2198 1110 2419 1171 addere
2464 1108 2686 1171 volens

340 1215 630 1277 secundas
674 1217 1034 1277 munitiones
1067 1198 1474 1291 excapitavit,
1531 1224 1587 1275 et
1632 1214 1975 1274 custodibus
2022 1212 2323 1273 custodias
2369 1215 2687 1290 murisque

335 1335 546 1377 muros
604 1313 851 1389 adjecit,
906 1324 962 1375 et
1019 1313 1275 1375 hostium
1330 1312 1658 1375 insultibus
1714 1314 2055 1391 fortissima
2112 1314 2429 1391 opposuit5
2487 1322 2578 1370 set
2628 1321 2687 1371 et

338 1421 484 1497 auri
518 1417 756 1495 pondus
800 1432 986 1491 prave
1035 1412 1215 1489 hujus
1258 1418 1458 1491 qratia
1504 1415 1858 1492 expendere,
1907 1425 1962 1475 et
2004 1414 2370 1492 perfectioni
2412 1413 2687 1472 custodie

332 1517 645 1597 prolixius
694 1527 923 1592 tempus
969 1523 1183 1580 terere,
1230 1526 1288 1576 et
1332 1512 1452 1573 alia
1491 1514 1686 1593 plura
1721 1517 1798 1577 ad
1831 1518 2089 1576 civitatis
2118 1514 2471 1594 firmitatem
2503 1523 2685 1592 atque

341 1617 668 1681 custodiam
713 1614 937 1691 laryz'ri
974 1632 1096 1673 non
1141 1614 1454 1691 refutavit.
1547 1614 1671 1676 Nos
1716 1634 1861 1676 vero
1909 1628 1964 1678 et
2008 1634 2140 1676 cum
2184 1616 2289 1675 deo
2336 1613 2684 1692 Imperato-

341 1722 433 1779 rio
473 1719 826 1797 principatu
870 1718 1176 1784 succincti,
1225 1725 1278 1775 et
1304 1725 1667 1794 potestatem
1698 1728 1873 1798 atque
1905 1708 2525 1782 virtutemhabentes,
2574 1733 2689 1775 nec

339 1837 462 1883 uon
508 1829 565 1879 et
603 1821 1003 1896 pecuniarum
1051 1816 1387 1884 thesauros,
1433 1816 1542 1876 ubi
1576 1816 1774 1895 placet
1821 1828 1877 1878 et
1919 1821 2246 1878 necessitas
2294 1818 2494 1894 excipit,
2547 1815 2683 1875 lar-

336 1923 470 1999 9ius
517 1919 920 1999 effundentes,
965 1935 1162 1978 nonne
1210 1916 1538 1995 laryiemur
1582 1922 1786 1978 amicis
1830 1918 2111 1996 fidelibus
2156 1927 2209 1979 et
2257 1916 2578 1985 benivolis,
2627 1926 2683 1976 et

338 2038 613 2081 sermone
667 2037 982 2097 ‚sermones
1052 2018 1570 2097 confirmabimus,
1643 2037 2003 2098 manumque
2066 2020 2144 2080 acl
2206 2019 2685 2079 ministrandum

338 2119 502 2185 stillo
549 2119 948 2181 exhibebimus
994 2121 1072 2180 ad
1115 2138 1326 2180 eorum
1371 2121 1951 2191 corroborationem,
2000 2131 2053 2181 et
2098 2120 2329 2180 vallum
2370 2118 2535 2181 vallo
2569 2120 2683 2181 ad-

339 2222 693 2290 hibebimus,
748 2232 1043 2302 quatenus
1100 2220 1239 2281 olim
1284 2224 1365 2281 eis
1413 2224 1716 2280 munimen
1762 2223 2122 2284 custoditum
2168 2222 2575 2282 custodiamus
2627 2231 2683 2281 et

337 2320 727 2393 muniamus}>
811 2321 885 2381 Et
927 2322 1036 2382 ubi
1077 2321 1183 2383 hoc
1228 2320 1571 2400 Imperialis
1619 2322 2012 2383 bent'volentie
2057 2335 2115 2385 et
2160 2323 2512 2392 voluntatis,
2556 2340 2683 2384 non

337 2429 423 2510 eis
456 2423 715 2501 januam
762 2421 1170 2503 opilabimus⁷,
1231 2442 1333 2483 nec
1379 2424 1652 2485 auditum
1697 2427 1780 2485 eis
1826 2425 2189 2494 serabimus,
2238 2441 2445 2485 verum
2495 2423 2681 2486 lecius

338 2544 438 2587 eos
495 2526 888 2602 adspiciemus
944 2533 997 2583 et
1047 2528 1401 2602 peticionem
1459 2542 1669 2585 eorum
1706 2526 2113 2605 perficiemus.
2210 2526 2278 2588 Et
2323 2526 2462 2605 quid
2504 2525 2689 2585 michi

338 2627 417 2686 ad
457 2626 706 2703 favores
752 2622 1098 2686 sermonis?
1190 2624 1474 2687 Veneticis
1525 2635 1615 2685 est
1660 2627 1891 2705 quidem
1934 2628 2166 2704 sactum
2210 2636 2265 2686 et
2310 2645 2346 2685 a
2386 2638 2684 2705 perpetue

337 2728 618 2787 memorie
676 2724 818 2786 aut³
863 2725 1115 2805 Imperii
1171 2729 1377 2786 nostri
1417 2725 1881 2803 chrysubulum,
1937 2730 2178 2789 diversa
2222 2731 2366 2806 ipsis
2413 2725 2681 2805 largiens

339 2825 725 2888 liberalitatis
783 2827 1081 2905 beneficia.
1174 2825 1460 2906 Sequitur
1516 2839 1710 2888 autem
1768 2832 1967 2909 ipsum
2020 2847 2164 2890 masc
2219 2839 2275 2888 et
2332 2827 2597 2889 alterum
2644 2848 2681 2888 a

337 2945 573 3007 semper
625 2928 1012 2988 memorando
1071 2938 1129 2988 et
1173 2938 1266 2988 ter
1312 2928 1482 2988 beato
1530 2929 1600 2989 ab
1650 2930 2032 3009 omnibusque
2077 2929 2289 2990 dilecto
2337 2930 2575 2990 domino
2625 2940 2684 2990 et

331 3041 514 3110 patre
562 3027 816 3107 Imperii
866 3033 1094 3097 nostri,
1154 3028 1354 3088 eadem
1410 3031 1563 3107 ipsis
1622 3033 1998 3108 impertiens,
2055 3039 2112 3090 et
2169 3033 2511 3109 appositum
2566 3040 2678 3117 est,

337 3130 495 3210 quod
538 3140 680 3190 tunc
715 3134 944 3208 petiere
990 3138 1044 3188 et
1091 3133 1299 3190 certe*
1343 3131 1421 3190 ad
1467 3134 1975 3192 restaurationem
2018 3132 2363 3202 amborum,
2431 3131 2580 3210 fidei
2623 3144 2679 3193 et

339 3234 655 3293 servitutis
712 3229 1016 3298 videlicet,
1072 3247 1247 3308 quam
1304 3248 1448 3308 erga
1507 3228 1837 3309 Imperium
1899 3240 2181 3292 nostrum
2239 3232 2559 3302 habebant,
2622 3245 2681 3295 et

337 3336 564 3394 sinceri
616 3335 876 3400 amoris,
935 3349 1104 3410 quem
1148 3350 1292 3410 erpa
1340 3331 1687 3391 Romaniam
1735 3332 2061 3394 observare
2097 3333 2364 3411 polliciti
2402 3334 2677 3411 fuerant,

336 3452 443 3494 nec
474 3450 597 3493 non
628 3444 685 3494 et
716 3434 988 3512 affectus.
1033 3431 1452 3493 Necessarium
1483 3437 1672 3509 iyitur
1702 3443 1807 3500 est,
1843 3444 1899 3494 et
1929 3444 2187 3512 utraque
2220 3435 2467 3495 hiisdem
2496 3435 2684 3516 quas⁹

331 3536 648 3616 ⁸continent
704 3533 1059 3594 dictionibus
1114 3536 1387 3610 presenti
1439 3543 1649 3594 nostre
1706 3528 2051 3597 serenitatis
2107 3535 2469 3613 chrysubulo
2516 3554 2682 3596 nunc

335 3637 658 3707 innovari,
716 3644 1009 3716 quatenus
1067 3633 1255 3694 veluti
1308 3636 1606 3694 civitatem
1660 3638 1725 3695 in
1780 3636 1966 3696 medio
2013 3641 2191 3697 sitam
2236 3641 2484 3697 summis
2526 3655 2679 3717 pre-

338 3739 525 3797 sentis
571 3734 795 3798 scilicet
842 3734 1194 3814 chrysobuli
1223 3753 1343 3813 per
1375 3740 1575 3796 omnia
1606 3735 1947 3816 colliyemus
1980 3750 2035 3800 et
2066 3743 2429 3799 muniamus.
2488 3736 2683 3799 Habet

337 3842 536 3918 itaque
579 3840 663 3898 sic
702 3847 995 3917 perpetue
1038 3839 1318 3897 memorie
1362 3835 1763 3916 Imperatoris
1817 3839 2045 3900 domini
2086 3850 2141 3900 et
2179 3843 2381 3919 patris
2428 3838 2687 3920 Imperii

338 3942 545 3999 nostri
592 3937 1052 4017 chrysobulum:

339 4097 370 4105 .-
451 4099 820 4108 --——---·--..
867 4102 882 4107 -
941 4101 1049 4109 -.—

472 4187 492 4214 ⁵
527 4190 654 4239 Idem
692 4194 784 4240 avi.
951 4188 972 4216 ⁶
1009 4191 1122 4240 Vide
1158 4205 1303 4254 supra
1339 4192 1450 4241 Nov.
1491 4192 1582 4240 Lu.
1773 4189 1790 4215 ⁷
1823 4192 2046 4244 Editores
2082 4202 2279 4244 notant:
2316 4194 2685 4256 „obserabiunus

338 4288 484 4336 snpra
519 4273 722 4335 legitur;
757 4288 816 4321 on
854 4277 1208 4338 opturabimus?
1276 4275 1405 4323 Tene
1441 4283 1599 4325 tamea
1637 4277 1835 4326 sormam
1872 4279 2103 4328 rariorem
2139 4277 2288 4344 opil.“
2495 4276 2518 4302 ⁸
2556 4279 2688 4340 Lege

340 4373 441 4406 evo.
578 4355 610 4386 ¹⁸¹
648 4359 861 4407 Cortum?
998 4355 1020 4382 ⁹
1055 4357 1209 4410 Editi:
1250 4375 1404 4422 quam.
