2900 4950
1079 191 1193 253 imp.
1232 191 1462 240 ”nauelis
1499 192 1746 242 comneni.
2452 179 2575 242 487

230 339 403 406 ποτὲ
446 338 519 403 δὲ
559 337 728 421 μετὰ
769 340 888 403 τοῦ
933 332 1135 404 αὐτοῦ
1175 342 1544 422 χριστοῦ,
1590 342 1707 406 τοῦ
1752 339 1918 406 κατὰ
1960 338 2189 424 καιρὸν
2224 329 2427 418 αὖθις
2456 341 2572 429 τὴν

231 440 483 507 οἰκείαν
526 439 783 527 εἰρήνην
824 438 1265 525 βραβεύοντος
1307 445 1413 507 καὶ
1461 440 1813 528 εἰρηνεύειν
1857 440 1924 507 ἐν
1970 433 2232 520 ἑαυτοῖς
2263 443 2371 507 καὶ
2398 445 2575 509 πᾶσι

230 539 612 619 κελεύοντος
665 543 773 608 καὶ
817 541 903 608 τὰ
943 545 1076 608 τῶν
1122 541 1560 627 εἰρηνοποιῶν
1601 542 2102 627 μακαρίζοντος,
2161 540 2576 631 ἀποστρέφει

229 643 353 726 μὲν
395 641 512 728 τὴν
557 642 820 731 λογικὴν
859 644 1198 730 ῥομφαίαν
1243 643 1338 722 εἰς
1379 642 1465 710 τὰ
1510 638 1805 722 &stimma
1854 642 1973 731 ἤδη
2008 644 2128 722 τὰς
2155 647 2288 710 τῶν
2319 640 2575 712 ἀντιλε-

230 744 482 828 γόντων
511 745 921 811 διελθοῦσαν
950 745 1222 829 καρδίας
1249 748 1356 811 καὶ
1387 744 1541 822 τοὺς
1572 740 1686 810 οὐκ
1717 743 2199 832 ἀνεπισφαλεῒς
2223 745 2575 831 λογισμοὺς

234 846 331 923 εἰς
371 851 574 930 μέσον
619 842 1157 929 ἀνακαλύψασαν,
1203 845 1318 912 τὸν
1365 848 1436 913 δὲ
1480 849 1597 933 τῆς
1641 846 1885 931 ἔχθρας
1928 846 2231 934 φραγμὸν
2260 854 2576 932 καθαιρεῖ

232 949 346 1013 καὶ
400 945 477 1013 τὸ
531 951 648 1034 τῆς
705 943 1079 1032 ἀντιλογίας
1131 953 1573 1035 καταστρέφει
1624 947 2041 1032 μεσότοιχον,
2100 953 2207 1015 καὶ
2250 948 2417 1034 μετὰ
2458 952 2574 1035 τῆς

233 1044 722 1135 ᾇσματιζούσης
763 1049 1001 1128 τάξατέ
1046 1074 1248 1138 φησιν
1293 1044 1557 1136 ἀγάπην
1603 1049 1715 1116 ἐπὶ
1761 1055 1901 1129 τοῖς
1942 1056 2133 1135 μέχρι
2177 1054 2289 1118 νῦν
2319 1045 2573 1137 ἀντερί-

235 1149 478 1228 ζουσιν.
568 1146 802 1217 οὕτωΞιὶι
859 1151 935 1238 δὴ
993 1153 1103 1217 καὶ
1155 1154 1268 1217 νῦν
1329 1151 1447 1218 ἐπὶ
1499 1162 1643 1229 τοῖς
1696 1155 2242 1236 παρεμπεσοῦσιν
2295 1148 2333 1239 ἡ
2392 1150 2574 1219 εὐσε-

231 1249 356 1337 βὴς
397 1246 579 1337 ἡμῶν
621 1254 931 1336 βασιλεία
972 1254 1321 1338 προσιδεῖν
1362 1250 1606 1341 ἤρξατο
1620 1257 1682 1319 ²³.

408 1352 489 1418 α’.
531 1348 847 1441 Ἐζητεῒτο
889 1356 1010 1438 μὲν
1052 1353 1174 1438 γὰρ
1219 1357 1377 1439 περὶ
1418 1359 1536 1441 τῆς
1568 1355 1635 1422 ἕν
1678 1360 1772 1441 τῷ
1820 1356 2191 1443 ἱερογράφῳ
2224 1350 2573 1442 εὐαγγελίῳ

235 1456 465 1540 φωνῆς
504 1458 624 1521 τοῦ
669 1450 994 1540 ἀληθινοῦ
1037 1458 1206 1521 θεοῦ
1237 1459 1343 1521 καὶ
1377 1461 1675 1543 σωτῆρος
1702 1454 1887 1544 ἡμῶν
1933 1458 2166 1544 ἰησοῦ
2207 1460 2568 1545 χριστοῦ,

234 1553 316 1642 ἢν
357 1566 502 1634 τοῖς
541 1562 884 1643 μαθηταῖς
936 1560 1490 1644 προσεφθέγξατο
1534 1559 1699 1626 κατὰ
1741 1558 1857 1645 τὴν
1901 1562 2018 1624 τοῦ
2064 1558 2335 1636 πάθους
2379 1558 2574 1626 νύκτα

233 1659 442 1742 λέγων
495 1657 666 1742 πρὸς
721 1658 834 1724 τὸν
882 1666 1164 1781 πατέρα
1202 1660 1647 1745 πορεύεσθαι,
1712 1657 1802 1739 ώς
1856 1658 2150 1748 ὀφειλειν
2208 1660 2322 1728 διὰ
2375 1664 2571 1725 τοῦτο

231 1766 487 1844 χαίρειν
527 1761 778 1844 μᾶλλον
825 1755 1077 1839 αὐτοὺς,
1125 1758 1249 1839 ὅτι,
1299 1765 1483 1886 φησὶ,
1530 1761 1902 1846 πορεύομαι
1946 1762 2117 1847 πρὸς
2149 1762 2262 1830 τὸν
2295 1768 2569 1847 πατέρα,

237 1857 347 1926 ὅτι
392 1857 427 1924 ὃ
472 1861 690 1947 πατήρ
733 1885 862 1944 μου
904 1864 1143 1945 μείζων
1184 1887 1315 1947 μου
1361 1864 1572 1929 ἐστίν
1616 1861 1653 1948 ἡ
1688 1866 1760 1930 δὲ
1792 1863 2073 1949 ζήτησις,
2122 1860 2309 1941 ὅπως
2340 1858 2380 1949 ἢ
2409 1862 2575 1928 κατὰ

232 1964 420 2028 τίνα’
427 1961 599 2048 ’τὴν
644 1961 1050 2048 διασάφησιν
1091 1965 1332 2048 μείζων
1372 1967 1490 2030 τοῦ
1535 1966 1837 2049 λέγοντος
1875 1968 2211 2049 χριστοῦ
2272 1960 2307 2029 ό
2355 1963 2573 2047 πατὴρ

237 2063 731 2148 ἐπιλαμβάνεται.
794 2064 1086 2130 ἐνταῦθα
1115 2064 1281 2131 κατὰ
1308 2065 1425 2152 τήν
1453 2065 1793 2153 μωσαϊκὴν
1826 2066 2071 2153 ἐκείνην
2101 2066 2346 2150 ῥάβδον
2378 2068 2573 2132 τοῦτο

233 2164 316 2232 τὸ
361 2165 714 2252 πρόβλημα
752 2169 986 2251 μικροῦ
1016 2167 1153 2234 δεῖν
1184 2168 1328 2254 διχῆ
1358 2169 1729 2250 διατέμνειν
1760 2168 1985 2252 ἔμελλε
2012 2171 2179 2236 θεοῦ
2209 2171 2325 2255 τῆς
2354 2167 2576 2251 ἐκκλη-

237 2273 391 2345 σίας
431 2266 548 2354 τὴν
591 2268 962 2348 θάλασσαν,
1011 2268 1181 2354 πρὸς
1225 2266 1301 2355 ἢν
1346 2268 1410 2334 οἱ
1441 2270 1760 2354 ζωγρηταὶ
1789 2273 1921 2336 τῶν
1952 2264 2334 2354 ἀνθρώπιον
2365 2265 2575 2348 ἆλιεῒς

236 2369 323 2437 τὰ
367 2372 594 2437 δίκτυα
635 2374 752 2437 τοῦ
798 2369 992 2455 λόγου
1032 2370 1434 2452 χαλάσαντες
1477 2369 1593 2458 τὴν
1639 2371 1907 2456 ἐθνικὴν
1950 2372 2189 2456 μερίδα
2234 2394 2575 2455 συμπαρε-

240 2475 540 2554 λέξαντο·
586 2469 676 2551 ώς
719 2476 829 2540 καὶ
874 2471 1142 2541 ἕδόκειῧ
1192 2475 1522 2540 ἵστασθαι
1564 2485 1778 2555 τεῖχος
1823 2473 1891 2540 ἐκ
1935 2475 2167 2554 δεξιῶν
2209 2476 2317 2540 καὶ
2361 2483 2576 2556 τεῖχος

240 2575 322 2653 ἐξ·
355 2570 722 2658 εὐωνύμων,
793 2570 883 2653 ώς
927 2570 1235 2662 ἀλλήλοις
1278 2574 1549 2642 πάντων
1596 2571 2066 2660 ἀντιλεγόντων
2111 2579 2263 2659 περὶ
2309 2578 2425 2661 τῆς
2455 2578 2574 2641 τοῦ

239 2678 439 2763 ῥητοῦ
485 2675 860 2762 ἐξηγήσεως.
924 2677 988 2743 οἱ
1033 2678 1151 2760 μὲν
1195 2676 1316 2761 γάρ
1360 2682 1556 2744 τισί)η
1583 2681 1716 2743 τῶν
1744 2681 2082 2764 γραφικιῦν
2113 2672 2577 2762 ἀποχρώμενοι

236 2778 560 2864 χρήσεων,
617 2777 800 2864 μόνῳ
844 2781 938 2864 τῷ
983 2778 1174 2862 αἰτίῳ
1220 2780 1334 2864 τῆς
1379 2772 1657 2861 ἀχρόνου
1700 2783 1806 2845 καὶ
1855 2773 2172 2845 ἀνωτάτω
2216 2778 2575 2865 γεννήσεως

239 2884 359 2947 τοῦ
402 2884 848 2965 μονογενοῦςυ
896 2880 1037 2945 υἱοῦ
1081 2882 1198 2944 τοῦ
1242 2882 1410 2946 θεοῦ
1453 2879 1569 2965 τὴν
1616 2879 1914 2965 ἐξήγησιν
1956 2878 2233 2965 ταύτησι
2274 2884 2390 2966 τῆς
2434 2905 2577 2967 φω-

241 2986 356 3069 νῆς
400 2988 863 3069 περιέγραφον,
909 2983 1020 3048 καὶ
1064 2991 1417 3065 συγχωρεῖν
1464 2976 1577 3046 οὐκ
1619 2979 1867 3066 ἤθελον
1897 2984 2004 3046 καὶ
2036 2976 2126 3058 ώς
2157 2979 2576 3065 σαρκοφόρου

240 3087 361 3151 τοῦ
418 3091 641 3168 κυρίου
695 3083 861 3150 κατὰ
914 3082 1030 3171 τήν
1086 3081 1262 3148 κάτω
1316 3078 1615 3169 γέννησιν
1655 3088 2183 3168 χρηματίσαντος
2223 3080 2339 3168 τήν
2385 3082 2576 3167 ῥῆσιν

240 3185 483 3274 ταύτην
538 3184 953 3271 λογίζεσθαι·
1016 3180 1107 3263 ώς
1159 3185 1469 3252 ἐντεῦθεν
1523 3183 1747 3270 καινήν
1804 3208 1954 3248 τινα
2007 3181 2123 3269 τὴν
2170 3183 2402 3250 ἕνωσιν
2445 3185 2578 3249 τῶν

242 3292 361 3354 τοῦ
413 3291 749 3373 χριστοῦ
808 3288 1071 3375 φύσεων
1127 3291 1235 3353 καὶ
1277 3284 1366 3371 μή
1410 3284 1578 3352 κατὰ
1621 3284 1737 3371 τὴν
1784 3283 2313 3371 ἐκκλησιαστικὴν
2359 3282 2579 3367 παρά-

243 3391 434 3457 δοσιν
478 3384 1004 3477 ἀναφαίνεσθαι,
1062 3390 1171 3455 καὶ
1214 3383 1452 3454 ταύτὸν
1497 3382 1666 3454 εἶναι
1712 3387 2107 3471 νομίζεσθαι
2147 3382 2580 3463 ὑποστάσεως

242 3516 316 3559 τε
377 3491 456 3557 τὸ
520 3492 768 3558 ἑνιαῖον
830 3498 1228 3576 περιαθρεῒν
1291 3493 1397 3557 καὶ
1463 3490 1579 3578 τὴν
1638 3486 1995 3575 ἀσύγχυτον
2049 3487 2280 3572 κράσιν
2335 3492 2466 3553 τῶν
2511 3487 2579 3553 ἑν

242 3597 552 3680 χριστῷ
609 3590 1019 3680 ἡνωμένωνῇι
1061 3589 1405 3678 ἀτρέπτως
1450 3592 1744 3679 φύσεων,
1803 3593 1909 3658 καὶ
1958 3589 2071 3658 διὰ
2112 3594 2320 3657 ταῦτα
2363 3589 2580 3656 κινδυ-

247 3695 459 3762 νεύειν
486 3694 606 3773 τὰς
629 3698 761 3761 τῶν
795 3697 1382 3780 μονοφυσιτῶν
1421 3696 1801 3780 δυσφημίας
1828 3689 1971 3759 οἷον
2016 3688 2576 3770 ἀνακαινίζεσθαι.

244 3787 415 3885 ἦσαν
460 3798 532 3863 δὲ
577 3800 645 3877 οἳ
683 3796 850 3863 κατὰ
892 3795 1095 3878 μόνον
1137 3796 1252 3861 τὸν
1281 3800 1398 3882 τῆς
1426 3796 1762 3871 κενώσεως
1792 3794 2008 3861 ε’ίτουν
2041 3790 2582 3877 συγκαταβάσεως

244 3898 499 3983 τρόπον
545 3898 859 3986 εἰρῆσθαι
899 3897 1167 3981 μείζονα
1208 3900 1326 3963 τοῦ
1369 3897 1516 3961 υἱοῦ
1560 3895 1675 3962 τὸν
1721 3900 1977 3979 πατέρα
2023 3896 2424 3969 διενοοῦντο,
2492 3886 2582 3970 ώς

385 4154 420 4184 ²¹
456 4158 662 4207 Noster:
703 4149 865 4208 ὅπως.
993 4153 1031 4180 ’·““·’
1068 4156 1172 4204 Mani.
1211 4153 1372 4201 τοῦτο
1411 4162 1454 4202 et
1493 4170 1597 4203 rnnx
1636 4164 1906 4216 πιιραπεσ.
2030 4148 2068 4176 ²³
2105 4152 2206 4200 Mai.
2245 4145 2584 4214 προσεπιδεί-

245 4240 397 4298 ξατο.
576 4240 614 4269 ²⁴
655 4243 825 4291 Noster
858 4241 990 4291 addit
1029 4236 1250 4306 τρόπον.
1427 4236 1468 4264 ²⁵
1504 4239 1590 4287 Mai
1629 4232 1821 4285 δοκεῖν.
1982 4236 2021 4262 ²¹·
2058 4237 2230 4285 Noster
2267 4244 2312 4285 et
2351 4236 2434 4284 Mai
2476 4233 2587 4282 τῶν

245 4340 379 4376 τισι.
522 4324 560 4353 ²⁷
597 4327 769 4377 Noster
801 4318 995 4392 μόνου.
1139 4324 1178 4350 ²⁸
1216 4324 1388 4374 Noster
1423 4317 1579 4389 ἡμῶν
1612 4318 1812 4388 μένειν.
