2900 4950
1057 300 1172 365 Imp.
1211 302 1247 351 N
1254 301 1469 364 icephori
1505 300 1794 352 Botauiatne.
2462 289 2586 353 339

250 447 444 535 λόγος
494 454 690 528 θεῖος
742 450 852 516 καὶ
908 448 1122 534 σοφὸς
1179 447 1620 534 ἐπεκράτυνε·.
1661 451 1768 515 καὶ
1817 446 1990 515 οῦτω
2036 449 2463 535 διεξάγεσθαι
2504 455 2588 521 τὰ

247 550 518 636 μείζονα
557 553 692 617 τῶν
736 554 1240 636 πραττομένων,
1287 549 1562 633 οἴδαμεν
1607 547 1898 629 ἅπαντες
1938 551 2047 616 καὶ
2092 545 2207 616 οὐκ
2251 548 2588 638 ἀμφιβάλ-

250 653 468 736 λομεν.
557 651 616 720 εἰ
660 652 732 719 δὲ
773 654 906 717 τῶν
947 656 1274 736 μεγίστων
1320 650 1522 736 ἔργων
1563 653 1695 718 τῶν
1739 650 1808 717 ἐκ
1849 653 2018 717 θεοῦ
2061 653 2169 718 καὶ
2214 648 2251 739 ἦ
2296 657 2428 719 τῶν
2474 649 2588 721 ἀν-

250 753 556 839 θρώπων
614 753 754 820 ἐστὶ
801 751 962 839 ζωὴ,
1019 754 1128 818 καὶ
1173 748 1212 840 ἡ
1258 751 1327 819 ἐκ
1368 751 1621 818 τούτων
1665 751 2143 840 παιδογόνησις
2185 756 2292 820 καὶ
2340 754 2434 834 εἷς
2476 755 2591 823 τὸν

248 861 399 940 βίον
444 854 806 940 ἐπαύξησις
848 853 1190 940 οἰκονομίᾳ
1243 860 1495 939 γίνεται
1535 857 1615 941 τῇ
1661 853 1733 934 ἐξ
1773 848 2006 935 αὐτοῦ,
2067 856 2297 942 πολλῷ
2338 856 2591 940 μᾶλλον

252 955 323 1023 ἐκ
365 958 482 1043 τῆς
522 955 761 1022 τούτου
802 955 1192 1039 κηδεμονίας
1247 955 1359 1021 καὶ
1403 955 1832 1040 προστάξεως
1873 958 2257 1041 γνωρίζεται
2303 953 2339 1022 ὃ
2381 957 2591 1043 γάμος

253 1052 290 1122 ὃ
344 1066 491 1135 τοῖς
543 1054 775 1139 νόμοις
827 1053 1110 1139 θεμιτὸς
1159 1059 1269 1123 καὶ
1322 1056 1412 1143 μὴ
1470 1056 1537 1123 ὲκ
1592 1059 1760 1124 θεοῦ
1825 1058 2289 1142 χωριζόμενος,
2360 1056 2589 1147 ὥσπερ

252 1154 457 1243 ἄραγε
500 1151 848 1243 ἀλλότριός
892 1158 1034 1226 ἐστι
1075 1160 1182 1224 καὶ
1228 1156 1495 1235 ἐθνικὸς
1540 1154 1576 1222 ὃ
1616 1161 1736 1246 τῆς
1777 1153 1977 1224 αὐτοῦ
2022 1160 2447 1244 προστάξεως
2477 1158 2595 1229 ἀλ-

253 1257 719 1345 λοτριούμενός
759 1284 832 1326 τε
872 1258 984 1325 καὶ
1027 1259 1505 1345 διαιρούμενος.
1583 1259 1642 1326 εἰ
1683 1258 1806 1345 γὰρ
1852 1254 2049 1338 αὐτὸς
2091 1262 2304 1347 ῥητῶς
2347 1260 2593 1331 οὑτωσὶ

255 1359 652 1445 διετράνωσέ
692 1383 765 1427 τε
806 1365 916 1427 καὶ
960 1360 1348 1449 ἐξεφώνησε,
1393 1359 1551 1439 τοὺς
1594 1361 1664 1428 ἐκ
1690 1363 1859 1427 θεοῦ
1892 1368 2382 1448 συνηνωμένους
2410 1363 2597 1451 παρὰ

254 1456 638 1547 ἀνθρώπων
680 1461 769 1549 μὴ
809 1462 1248 1547 χωρίζεσθαι,
1296 1459 1481 1528 καθά
1516 1486 1721 1548 φησιν
1778 1458 1818 1549 ἦ
1868 1457 2238 1551 εύαγγελική
2280 1467 2389 1531 καὶ
2432 1472 2596 1533 θεία

254 1562 476 1651 φωνὴ,
521 1568 625 1642 τίς
667 1556 750 1632 ἂν
794 1557 1217 1649 ἀπιστήσειε,
1264 1563 1353 1651 μὴ
1397 1562 1565 1629 κατὰ
1605 1562 1922 1651 βούλησιν
1966 1551 2169 1631 αὐτοῦ
2211 1565 2594 1635 κωλύεσθαι

253 1664 340 1732 τὰ
392 1660 714 1748 ἀθέμιτα,
774 1671 1162 1750 προβαίνειν
1220 1665 1293 1730 δὲ
1346 1664 1515 1730 κατὰ
1570 1663 1687 1749 τὴν
1744 1668 1978 1752 ψῆφον
2036 1660 2237 1732 αὐτοῦ
2292 1667 2376 1733 τὰ
2428 1669 2596 1736 κατὰ

253 1765 407 1846 τοὺς
458 1771 690 1845 θείους
742 1768 852 1832 καὶ
908 1765 1480 1853 ἐκκλησιαστικοὺς
1534 1764 1808 1844 κανόνας
1856 1771 2310 1853 συνηνωμένα3
2350 1772 2462 1836 καὶ
2503 1770 2591 1858 μὴ

253 1867 669 1952 κωλυόμενα,·
715 1863 754 1954 ἢ
799 1869 1004 1946 εἰ”τις
1035 1862 1635 1934 ἀπαυθαδιάσαιτο
1668 1865 1839 1951 πρὸς
1864 1866 1950 1932 τὰ
1981 1867 2049 1933 ἐκ
2078 1873 2194 1954 τῆς
2222 1873 2355 1936 τῶν
2385 1876 2596 1939 θείων

254 1969 474 2055 νόμων
515 1972 626 2035 καὶ
671 1970 1033 2035 συνοδικιῦν
1079 1968 1460 2050 οἰκονομίας
1501 1966 1615 2032 καὶ
1658 1965 2013 2045 κελεύσεως
2042 1964 2313 2056 ἀρίστης
2343 1971 2598 2039 οἰκονο-

251 2070 582 2155 μούμενα,
641 2065 758 2135 οὐκ
812 2066 1114 2154 ἄντικρύς
1170 2068 1349 2135 ἐστιν
1407 2064 1791 2145 ἀντίστασις
1845 2072 2012 2134 θεοῦ
2066 2072 2178 2136 καὶ
2221 2065 2599 2152 ἀπόστασις

253 2169 334 2237 τό
378 2169 872 2256 πραττόμενον,·
918 2164 1086 2236 ἀλλὰ
1128 2168 1217 2258 μὴ
1264 2166 1437 2236 οὕτω
1481 2172 1583 2247 τὶς
1622 2165 1857 2253 μανείη
1901 2169 2172 2236 καὶτῶν
2204 2171 2461 2238 οἰκείων
2495 2173 2595 2241 ἐκ·

255 2278 451 2358 σταίη
498 2275 787 2358 φρενῶν,
836 2268 927 2350 ὡς
971 2271 1287 2354 ἐμπεσεῖν
1332 2271 1427 2350 εἷς
1467 2275 1689 2354 χεῖρας
1729 2267 2031 2353 μείζονος
2069 2274 2176 2339 καὶ
2224 2268 2596 2361 ἀπαραιτή-

254 2398 375 2447 του
427 2376 654 2459 κριτοῦ
710 2373 780 2441 ἐκ
835 2376 950 2461 τῆς
1007 2367 1391 2458 ἆντινομίας
1445 2376 1563 2437 τοῦ
1618 2372 1820 2438 καλοῦ
1876 2372 1989 2440 καὶ
2044 2374 2216 2459 πρὸς
2258 2375 2336 2441 τὸ
2376 2387 2597 2462 χεῖρον

253 2479 654 2563 μεταφορᾶς.
718 2475 777 2543 εἰ
817 2480 973 2561 γοῦν
1019 2471 1324 2555 ἅπαντας
1366 2469 1402 2540 ὅ
1446 2480 1641 2554 θεῖος
1684 2474 1883 2559 νόμος
1915 2479 2023 2543 καὶ
2057 2477 2401 2557 συνοδικὸς
2440 2504 2595 2545 κατ·

255 2578 601 2665 αναγκάζει
652 2582 764 2644 καὶ
814 2577 902 2664 μὴ
960 2579 1405 2663 βουλομένους
1458 2583 1963 2665 μεταφέρεσθαι
2016 2577 2190 2662 πρὸς
2244 2579 2330 2646 τὰ
2384 2588 2598 2667 κρείτ-

254 2703 433 2761 τονα,
481 2675 572 2758 ὥς
612 2673 695 2746 ἂν
735 2678 824 2765 μὴ
869 2682 985 2764 τῆς
1028 2679 1309 2747 συνόδου
1339 2682 1457 2764 τῆς
1485 2685 1681 2757 θείας
1715 2678 1981 2767 ψήφου*
2012 2678 2592 2767 ἕξοστρακίζσιντο,
2702 2732 2709 2745 ,

256 2782 487 2867 πολλῷ
543 2804 618 2866 γε
668 2782 922 2864 μᾶλλον
979 2777 1164 2858 ἄξιόν
1210 2780 1353 2846 ἐστι
1393 2779 1561 2863 μετὰ
1603 2784 1718 2867 τῆς
1766 2787 2203 2867 ψηφοφορίας
2244 2787 2361 2870 τῆς
2404 2807 2599 2851 συνο-

259 2884 444 2968 δικῆς
483 2883 594 2947 καὶ
637 2876 1087 2966 ἀρχιερατικῆς
1138 2884 1244 2947 καὶ
1289 2880 1404 2946 τὸν
1449 2886 1811 2965 κρατοῦντα
1856 2880 2426 2969 ἐπιψηφίζεσθαι,
2486 2888 2596 2953 καὶ

257 2979 487 3067 ὥσπερ
545 2979 622 3067 δὴ
668 2980 1115 3064 συμπράττειν
1158 2984 1267 3046 καὶ
1313 2981 1752 3064 συνεδριάζειν
1795 2993 1939 3059 τοῖς
1982 2984 2196 3062 καλῶς
2240 2986 2424 3069 παρὰ
2464 2990 2599 3053 τῶν

261 3081 634 3168 ἱερωτάτων
690 3084 795 3146 καὶ
855 3081 1229 3147 θειοτάτων
1287 3076 1636 3166 ἀρχιερέων
1692 3084 1798 3147 καὶ
1862 3077 2060 3147 αὐτοῦ
2117 3087 2234 3149 τοῦ
2280 3092 2597 3171 πανιέρου

259 3182 670 3269 πατριάρχου
717 3188 1137 3268 ψηφισθεῖσί
1178 3209 1249 3248 τε
1291 3182 1402 3247 καὶ
1446 3184 1949 3268 οἷκονομηθεῒσι
1991 3184 2221 3262 καλῶς.

389 3311 396 3317 ·
432 3284 512 3351 α’.
584 3286 720 3351 Καὶ
746 3283 868 3369 γὰρ
902 3283 1046 3350 ἐπεὶ
1079 3284 1502 3368 διακρίσεωςῦ
1546 3284 1888 3371 συνοδικῆς
1917 3287 2034 3350 τοῦ
2059 3291 2421 3370 μακαρίτου
2466 3312 2601 3353 πα-

258 3386 570 3473 τριάρχου
626 3392 850 3472 κυρίου
909 3384 1259 3452 ἰωάννου
1315 3390 1432 3450 τοῦ
1492 3385 1918 3473 ξιφιλίνου
1974 3392 2394 3487 γεγενημένης
2435 3391 2601 3456 κατὰ

259 3490 376 3557 τὸν
435 3483 788 3574 ἀπρίλλιον
841 3489 1015 3573 μῆνα
1068 3491 1185 3573 τῆς
1238 3487 1707 3572 παρελθούσης
1764 3486 1830 3553 δ’
1881 3486 2316 3567 ι’νδικτιιῦνος,
2375 3491 2474 3557 ἔτι
2529 3518 2602 3558 τε

261 3595 367 3659 καὶ
425 3595 557 3658 τῶν
611 3589 763 3657 τότε
819 3589 1265 3677 ἐνδημούντων
1321 3588 1488 3656 κατὰ
1542 3588 1657 3675 τὴν
1699 3588 2181 3675 βασιλεύουσαν
2228 3591 2599 3676 ἱερωτάτων

259 3694 770 3782 μητροπολιτιῦν
823 3694 931 3756 καὶ
990 3684 1558 3774 ἀρχιεπισκόπων,
1625 3685 1956 3774 ἀνέμαθεν
2014 3685 2051 3776 ἦ
2094 3697 2404 3775 βασιλεία
2444 3717 2593 3777 μου,

264 3791 371 3861 ὅτι
425 3792 785 3882 συνοδικῶς
841 3791 1071 3876 ἐκρίθη
1128 3790 1212 3857 τὰ
1264 3794 1416 3875 περὶ
1463 3794 1596 3857 τῶν
1639 3786 1980 3875 ἀθεμίτων
2022 3791 2279 3876 γάμων,
2332 3795 2481 3871 πῶς
2521 3818 2611 3887 τε.

264 3891 649 3983 ὀφείλουσιν
706 3894 771 3960 οἱ
825 3892 1260 3976 κεκωλυμένοι
1311 3890 1477 3957 κατὰ
1532 3891 1688 3969 τοὺς
1744 3897 1976 3969 θείους
2017 3893 2295 3971 κακόνας
2336 3898 2444 3960 καὶ
2486 3894 2597 3961 νό-

262 4021 428 4082 μους
472 3992 1019 4079 ἀναχαιτίζεσθαι
1060 3996 1167 4058 καὶ
1212 3996 1360 4070 πῶς
1404 3997 1792 4076 προβαίνειν
1838 3993 1901 4057 οἱ
1945 3992 2111 4059 κατὰ
2154 3992 2394 4077 νόμους
2419 3995 2598 4081 γινό-

272 4121 463 4183 μενοι
516 4100 624 4166 καὶ
676 4096 765 4185 μὴ
838 4095 1197 4173 συνοδικῶς
1252 4092 1685 4177 κωλυόμενοι,
1755 4092 1863 4159 καὶ
1917 4088 2311 4183 ὑπεμνήσθη
2365 4097 2600 4166 τούτου

404 4333 423 4362 ⁸
456 4337 650 4387 Leuncl.
687 4338 734 4387 in
770 4352 915 4399 marg.
943 4328 1359 4400 συναινούμενα.
1470 4330 1489 4360 ⁴
1527 4335 1666 4386 Forte
1692 4328 1783 4383 διὰ
1810 4332 1902 4394 τῆς
1938 4330 2223 4396 συνοδικῆς
2244 4332 2335 4386 καὶ
2358 4335 2512 4395 θείας
2537 4347 2598 4404 ψ.

270 4419 291 4448 ⁸
329 4420 523 4472 Leuncl.
558 4422 606 4471 in
641 4436 787 4484 marg.
824 4417 917 4471 διὰ
950 4416 1193 4490 κρίσεως.

2095 4503 2204 4553 22*
