2900 4950
1101 265 1216 327 imp.
1253 265 1422 315 lauat-ii
1462 265 1641 325 Augen.
2403 248 2526 311 535

200 437 332 481 cum
379 415 763 481 nobillissimo
809 432 944 493 rege
975 414 1168 475 Sicilie
1203 413 1464 487 vilielmo
1495 412 1731 487 habent,
1776 413 1862 473 eis
1892 415 2312 493 supervenerit.
2376 415 2522 475 Nam

197 520 247 582 si
294 538 402 599 pro
439 518 561 598 ¹jam
609 516 780 577 dictis
821 514 1001 594 galeis
1045 514 1344 576 inimicitia
1389 514 1477 575 eis
1521 514 1797 583 evenerit,
1843 513 2019 575 debet
2061 513 2295 594 Imperii
2340 514 2525 575 nostri

196 620 484 683 serenitas
527 638 631 680 eos
678 618 884 697 juvare
939 618 1262 678 secundum
1309 637 1475 678 suam
1522 618 1897 680 voluntatem.
1986 619 2060 679 Et
2113 619 2163 679 si
2210 620 2523 699 Imperium

197 730 463 783 nostrum
510 721 597 780 vel
642 719 1019 799 Imperatnri,
1077 719 1400 780 secundum
1448 720 1603 798 quod
1651 720 1867 781 dictum
1912 730 2031 793 est,
2077 721 2280 782 fecerit
2321 739 2522 800 pacem

199 824 287 884 vel
332 834 555 883 trenam
575 821 615 853 ¹⁹
656 841 787 882 cum
834 820 1028 900 aliquo
1071 818 1463 896 inimicorum,
1507 833 1707 882 contra
1755 841 1929 902 quem
1970 822 2226 883 Venetici
2272 820 2525 900 Imperio

201 934 405 987 nostro
449 923 722 991 servient,
768 921 942 983 dehet
986 921 1298 1001 Imperium
1346 933 1614 984 nostrum
1651 942 1754 984 eos
1798 923 2171 985 introducere
2216 923 2275 984 in
2321 922 2529 1002 hujus-

200 1025 356 1086 modi
403 1043 605 1103 pacem
649 1024 736 1083 vel
781 1033 1027 1084 trenam.
1117 1024 1189 1085 Et
1247 1024 1296 1085 si
1351 1023 1537 1087 stolus
1581 1023 1943 1086 celsitudinis
1987 1036 2189 1086 nostre
2230 1045 2347 1087 una
2390 1044 2523 1086 eum

202 1126 608 1187 Veneticorum
661 1124 812 1185 stolo
865 1124 1117 1204 aliquam
1177 1136 1465 1188 terrarum
1514 1125 1732 1187 inimici
1777 1126 2010 1206 Imperii
2057 1128 2241 1188 nostri
2285 1127 2524 1206 ceperit,

201 1227 415 1289 delient
462 1226 520 1286 in
568 1245 635 1287 ea
679 1225 898 1287 habere
944 1226 1195 1289 Venetici
1234 1227 1559 1299 ecclesiam,
1606 1227 1898 1290 embolum
1932 1237 1990 1289 et
2020 1230 2255 1301 scalam,
2301 1237 2359 1289 et
2401 1230 2525 1289 sore

200 1328 423 1408 absque
479 1327 639 1388 omni
694 1327 949 1388 datione.
1039 1328 1344 1389 Debitores
1396 1348 1533 1389 vero
1587 1329 1993 1390 Veneticorum
2052 1329 2253 1391 Romei
2311 1330 2529 1392 dehent

201 1430 531 1510 persolvere
575 1447 770 1501 omne,
815 1428 970 1506 quod
1016 1448 1086 1489 ex
1130 1427 1326 1490 debito
1371 1431 1590 1492 debent
1631 1431 2021 1492 creditoribus
2064 1431 2374 1493 VeneticiS.
2464 1431 2525 1491 Si

197 1542 394 1594 autem
440 1529 669 1592 debitor
710 1548 830 1590 non
875 1529 1161 1603 habuerit,
1209 1530 1364 1613 unde
1408 1530 1668 1593 debitum
1716 1532 2035 1611 persolvat,
2081 1533 2319 1594 habebit
2353 1532 2529 1612 justi-

198 1633 347 1695 ciam
394 1632 703 1693 Veneticus
746 1631 821 1692 de
866 1630 1117 1706 Ronieo;
1162 1631 1211 1691 si
1256 1650 1392 1693 vero
1436 1632 1564 1711 ipse
1596 1632 1865 1707 decessit,
1912 1635 1985 1695 de
2028 1634 2344 1695 heredibus
2374 1634 2524 1712 ejus.

370 1733 884 1797 Conservahuntur
926 1733 1101 1811 igitur
1154 1732 1263 1793 hec
1317 1734 1483 1793 firma
1540 1734 1614 1793 ah
1660 1734 1912 1814 Imperio
1958 1746 2159 1797 nostro
2202 1746 2262 1798 et
2305 1735 2379 1797 al)
2424 1736 2527 1796 he-

199 1836 471 1910 rediliuS‚
528 1844 593 1895 ut
636 1834 853 1895 dictum
899 1847 1019 1906 est,
1077 1843 1137 1894 et
1179 1833 1621 1894 successoribus
1666 1835 1896 1913 Imperii
1942 1836 2160 1909 nostri,
2219 1856 2527 1916 quousque

196 1947 259 1998 et
300 1956 331 1997 a
379 1934 668 1996 veneticis
711 1934 956 1995 tirmiter
999 1943 1058 1994 et
1100 1933 1229 1994 sine
1275 1934 1480 1995 l'raude
1525 1944 1581 1996 et
1634 1935 1785 1996 malo
1830 1935 2067 2014 ingenio
2109 1945 2531 1998 conservantur

197 2036 473 2117 superins
518 2035 831 2096 notificata.
920 2036 1111 2114 Super
1154 2035 1266 2095 hoc
1309 2035 1467 2125 enim
1522 2046 1580 2096 et
1636 2053 1883 2114 presens
1938 2037 2347 2116 chrysobulum
2404 2057 2532 2097 ver-

197 2140 340 2199 bum
387 2136 622 2216 Imperii
668 2135 854 2196 nostri
900 2135 987 2195 eis
1029 2135 1304 2197 collatum
1348 2143 1468 2209 est,
1526 2138 1758 2198 firmum
1814 2147 1875 2199 et
1928 2136 2254 2198 inviolabile
2298 2156 2531 2217 perma-

199 2259 343 2301 nere
386 2238 630 2299 debens.

371 2341 609 2401 Factum
655 2356 858 2399 mense
902 2337 1221 2398 Februario
1263 2339 1559 2417 presentis
1602 2338 1805 2417 quinte
1862 2338 2196 2401 indictionis
2240 2339 2530 2401 sexmille-

195 2442 330 2506 simi
377 2441 781 2504 sexcentesimi
829 2439 1191 2518 nonagesimi
1239 2439 1426 2520 quinti
1473 2440 1632 2514 anni,
1687 2440 1746 2502 in
1793 2459 1910 2522 quo
1955 2450 2014 2502 et
2059 2450 2322 2502 nostrum
2367 2440 2528 2522 pium

165 2554 259 2620 ‚et
299 2564 330 2606 a
379 2545 490 2606 deo
534 2553 864 2624 promotum
910 2542 1271 2619 subsignavit
1312 2542 1649 2621 Imperium.

923 2644 1285 2705 Ysachius
1329 2645 1388 2705 in
1437 2645 1670 2705 Christo
1714 2645 1825 2705 deo
1872 2642 2059 2704 tidelis
2106 2645 2431 2723 Imperator
2471 2654 2532 2706 et

1182 2746 1516 2806 moderator
1559 2746 1954 2806 Romanorum
2001 2745 2274 2823 Angelus.

1204 3149 1373 3209 NOV.
1423 3149 1536 3208 XC.

994 3265 1139 3347 Imp.
1187 3266 1454 3329 Isaacii
1503 3266 1758 3344 Angeli

371 3379 605 3451 pactum
649 3387 782 3429 cum
829 3369 1061 3429 Venetis
1106 3370 1179 3429 de
1223 3368 1453 3430 damnis
1500 3367 1941 3429 resarciendis¹.
2030 3372 2117 3437 (A.
2158 3369 2363 3441 1189.)

373 3541 726 3602 Confirmata
774 3538 941 3620 equis
1000 3549 1088 3599 est
1137 3538 1260 3618 jam
1316 3538 1802 3600 conventionibus
1859 3537 2121 3616 scriptiS,
2178 3556 2285 3616 per
2340 3555 2536 3596 sacra·

203 3651 400 3704 menta
445 3640 836 3702 corroboratis
881 3660 912 3700 a
960 3639 1342 3701 nobillissimo
1386 3650 1446 3699 et
1475 3640 1706 3719 Imperii
1754 3640 1936 3702 nostri
1984 3638 2344 3700 fidellissimo
2377 3638 2534 3700 Duce

202 3743 462 3815 Venetie,
510 3741 685 3803 Aurio
728 3741 1004 3817 Magistro
1049 3741 1252 3813 Petro,
1311 3742 1408 3819 qui
1470 3741 1748 3820 dignitate
1804 3740 2185 3820 protosevasti
2244 3759 2275 3798 a
2334 3747 2533 3798 nostra

204 3844 560 3906 sublimitate
593 3842 903 3903 decoratus
933 3850 1040 3914 est,
1086 3850 1145 3901 et
1187 3841 1259 3901 ab
1305 3842 1571 3902 universa
1606 3842 1842 3902 venetie
1884 3840 2249 3921 plenitudine
2284 3838 2535 3917 Imperio

203 3955 407 4006 nostro
451 3954 509 4006 et
563 3944 864 4015 Romanie,
911 3942 1058 4002 tides
1113 3951 1172 4003 et
1215 3942 1511 4002 servitium
1558 3941 1962 4001 veneticorum
2022 3940 2315 4019 nichilque
2371 3939 2537 4000 deest

206 4065 409 4107 eorum
476 4046 972 4107 inviolabilissime
1026 4043 1341 4105 securitati.
1433 4042 1723 4113 Quoniam
1790 4061 1923 4100 vero
1980 4051 2334 4119 oportunum
2391 4049 2532 4114 erat,

343 4210 381 4239 ¹⁹
416 4187 574 4265 idern:
614 4223 832 4280 treunam.

348 4294 361 4322 ¹
400 4298 509 4349 Post
544 4301 692 4350 Narin
731 4301 791 4350 ΙΙΙ
830 4316 877 4364 p.
898 4300 997 4351 304
1045 4315 1099 4350 cx
1152 4300 1292 4349 Libro
1329 4298 1436 4348 albo
1486 4305 1533 4347 et
1571 4298 1723 4347 Libris
1761 4304 2007 4360 pactorum
2045 4296 2298 4364 ediderunt
2329 4296 2454 4346 Tal'cl
2492 4304 2543 4346 et

204 4384 411 4433 Thomas
452 4384 465 4431 Ι
504 4398 550 4446 p.
572 4383 858 4435 206—211.
