2900 4950
2 4440 3 4483 l

2 4496 5 4565 ἱ

2 4570 5 4589 Ι

2 4592 5 4607 Ι

980 241 1132 305 lmpp.
1169 242 1343 293 Leonis
1380 249 1426 292 et
1463 242 1731 294 Alexandri.
2399 234 2526 296 225

168 391 290 457 τοῦ
331 389 485 476 τέλη
504 391 543 423 ¹¹
588 389 698 455 καὶ
741 386 858 455 τὸν
900 391 1020 476 τῆς
1049 390 1300 476 δωρεᾶς
1326 392 1461 457 τῶν
1491 388 1641 477 υμγ’
1669 393 2094 478 νομισμάτων
2120 397 2523 483 χρυσόβουλ-

168 493 286 558 λον
330 489 527 576 λόγον
572 489 859 571 ἐξέθετο,
906 493 1016 557 καὶ
1062 485 1143 557 δι’
1194 486 1395 558 αὐτοῦ
1424 494 1640 572 καλῶς
1667 496 1774 560 καὶ
1808 496 2078 574 δικαίως
2105 508 2250 576 τοῖς
2277 496 2521 586 παροί-

170 617 313 672 κοις
362 591 657 679 χρήσεως
674 595 715 627 ¹²
768 593 877 658 καὶ
936 596 1138 678 νομῆς
1187 594 1443 679 χρόνον.
1537 592 1611 662 ὃν
1667 598 1774 662 καὶ
1822 597 1916 674 εἷς
1956 609 2180 682 χεῖρας
2223 602 2521 686 λαβοῦσα

166 691 207 782 ἦ
255 693 660 780 [γαληνότης]
682 696 724 727 ¹³
778 688 995 779 ἡμῶν,
1056 694 1141 762 τὰ
1194 689 1351 780 παρ’
1402 696 1649 764 ἐκείνου
1692 699 1909 777 καλῶς
1950 700 2384 786 διορισθέντα
2425 703 2520 782 εἷς

169 795 375 881 νόμον
431 796 732 876 ἐξέθετο,
799 798 913 861 καὶ
967 807 1227 879 κρατεῖν
1287 792 1486 864 αὐτὸν
1544 798 1639 876 εἰς
1680 797 1834 877 τοὺς
1879 799 2024 887 ἑξῆς
2067 797 2369 882 ἅπαντας
2409 808 2518 871 καὶ

172 901 491 985 διηνεκεῖς
558 895 835 982 χρόνους
898 897 1444 983 παρεκελεύσατο.
1537 899 1732 967 ἔνθεν
1795 924 1904 967 τοι
1965 905 2077 969 καὶ
2142 904 2514 990 διορίζεται,

170 995 311 1067 ἀπὸ
356 998 627 1085 πρώτου
674 998 1047 1086 προσώπου
1095 1000 1189 1078 εἰς
1231 1003 1501 1086 πρώτον
1545 1007 1945 1085 κατέχεσθαι
1982 1003 2068 1070 τὰ
2111 1003 2515 1092 ἐκδιδόμενα,

167 1104 278 1168 καὶ
340 1098 686 1181 δεσπόζειν
745 1095 1122 1179 ἀκωλύτως,
1182 1104 1289 1167 καὶ
1346 1102 1515 1187 μετὰ
1569 1102 1685 1189 τὴν
1746 1103 2158 1191 ἐκπλήρωσιν
2201 1110 2332 1174 τῶν
2378 1105 2517 1176 ἀπὸ

168 1202 442 1288 πρώτου
488 1200 860 1287 προσώπου
909 1203 1003 1281 εἷς
1032 1207 1320 1287 πρῶτον,
1370 1197 1821 1287 ἀνακάμπτειν
1850 1203 1965 1271 τὸν
1993 1212 2363 1290 κατέχοντα,
2410 1214 2519 1277 καὶ

165 1311 482 1390 παρέχειν
540 1305 821 1370 διπλοῦν
877 1303 955 1369 τὸ
1008 1304 1397 1389 τελούμενον
1447 1304 1918 1393 ἑμφυτευτικὸν
1973 1308 2189 1390 τέλος,
2248 1312 2355 1378 καὶ
2400 1309 2517 1396 τήν

168 1403 534 1491 συνήθειαν
552 1407 609 1470 ¹⁴.

169 1570 439 1577 ψα-ἱ---
601 1569 865 1576 -,.ἰ,..--.-..

309 1658 342 1686 ¹¹
380 1660 497 1710 Cod.
535 1656 605 1709 τὰ
642 1687 699 1697 —-
743 1657 894 1711 τέλει.
970 1662 1165 1715 Leuncl.
1200 1661 1279 1725 τῷ
1311 1689 1381 1699 --
1415 1660 1566 1713 τέλει.
1711 1662 1750 1691 ¹²
1785 1666 2052 1716 Literarum
2090 1667 2263 1719 ductus
2302 1676 2348 1719 et
2372 1677 2514 1720 notae

167 1748 219 1796 in
256 1745 435 1796 Codice
483 1745 553 1795 sic
600 1746 908 1810 explicandae
954 1746 1200 1796 videntur:
1253 1747 1369 1800 τοῖς
1402 1743 1529 1815 περὶ
1563 1750 1650 1809 (vel
1687 1753 1897 1816 περιον)
1933 1766 2038 1800 ταν
2072 1753 2160 1811 (vel
2197 1757 2311 1814 τας)
2347 1754 2515 1821 καχῆς

167 1831 259 1893 (vel
310 1827 473 1890 καλῆς
524 1830 596 1880 vel
647 1827 996 1898 καχρήσεως).
1072 1831 1267 1881 Leuncl.
1320 1833 1433 1882 inde
1491 1834 1637 1883 efficit
1691 1829 1791 1882 τὸν
1840 1831 1967 1901 περὶ
2019 1836 2114 1896 τῆς
2162 1839 2415 1904 κατοχῆς.

164 1913 204 1942 ¹³
265 1916 457 1966 Lacuna
511 1916 561 1965 in
620 1915 797 1965 Codice
858 1923 959 1978 est,
1033 1929 1175 1980 quam
1238 1922 1370 1966 recte
1437 1918 1746 1968 Leunclavius
1805 1920 1948 1969 verbo
2006 1917 2309 1984 γαληνότης·
2357 1924 2515 1987 exple-

168 2001 246 2050 vit.
384 1995 423 2025 ¹¹
458 2000 722 2050 Matthaeus
758 2000 997 2050 Blastares
1034 2001 1082 2049 in
1121 2000 1419 2050 Praelatione
1456 2003 1771 2066 syntagmatis
1809 2003 1868 2052 de
1893 2004 2053 2054 Leone
2074 2007 2299 2070 sapiente
2334 2008 2510 2058 refert:

166 2080 425 2145 πεποίηκε
460 2079 521 2133 δὲ
551 2079 645 2133 καὶ
680 2068 840 2140 οὗτος
871 2078 1070 2150 νεαρὰς
1104 2078 1375 2141 διατάξεις
1407 2077 1636 2133 εἴκοσι
1668 2080 1848 2152 πρὸς
1882 2089 2034 2141 τοῖς·
2067 2083 2336 2139 ἑκατόν.
2408 2093 2514 2142 Jam

168 2185 318 2234 quum
372 2170 497 2219 idem
534 2169 772 2222 Blastares
819 2171 865 2219 in
904 2172 1204 2234 syntagmate
1252 2183 1340 2219 suo
1379 2169 1675 2220 Collectione
1710 2172 2007 2221 Novellarum
2044 2174 2219 2223 Leonis
2267 2190 2385 2225 usus
2435 2177 2512 2238 sit,

166 2256 309 2320 cujus
347 2253 549 2304 Codices
586 2256 718 2306 MSS.
755 2255 982 2305 duntaxat
1015 2255 1127 2304 Nov.
1169 2254 1367 2304 1-113
1404 2269 1551 2316 supra
1588 2256 1739 2304 editas
1774 2264 2034 2320 praestant,
2071 2267 2152 2308 aut
2186 2259 2315 2309 illam
2351 2261 2398 2310 in
2436 2261 2518 2310 his

169 2339 431 2390 codicibus
467 2339 650 2402 aliquot
684 2338 888 2388 Novellis
924 2340 973 2388 in
1010 2340 1106 2387 flne
1143 2339 1407 2388 mutilatam
1446 2340 1657 2390 exhiberi
1693 2348 1776 2389 aut
1811 2341 2069 2391 Blastarem
2105 2345 2387 2395 rotundiore
2424 2359 2513 2395 nu-

166 2439 301 2475 mero
340 2423 530 2473 laudato
564 2424 724 2473 minus
760 2432 981 2474 accurate
1018 2423 1269 2488 loquutum
1309 2435 1419 2474 esse
1454 2432 1664 2489 apparet.
1737 2427 1850 2477 Utut
1876 2434 1962 2483 est,
2000 2428 2405 2490 quemadmodum
2429 2444 2511 2479 su-

166 2525 255 2574 pra
284 2509 385 2573 jam
423 2508 704 2559 Collectioni
741 2509 819 2558 isti
855 2508 1151 2558 Novellarum
1192 2509 1364 2558 Leonis
1402 2517 1751 2572 extravagantes
1788 2512 2019 2575 quasdam
2057 2513 2273 2577 ejttsdcm
2301 2514 2508 2577 Impera-

167 2595 288 2644 toris
312 2594 528 2643 Novellas
564 2594 857 2658 subjecimus
884 2594 1015 2654 (Νον.
1044 2594 1441 2657 Cle—CXVH),
1481 2595 1542 2643 ita
1581 2610 1670 2644 nec
1706 2596 1878 2645 desunt
1915 2597 2111 2647 aliarum
2148 2604 2395 2661 praeterea
2413 2599 2509 2649 No-

166 2679 394 2728 venarum
432 2678 605 2727 Leonis
638 2678 859 2741 vestigia,
897 2678 1123 2728 nonnulla
1160 2679 1354 2742 quidem
1393 2678 1648 2728 admodum
1689 2681 1859 2729 dubiae
1895 2682 2098 2745 indoliS‚
2136 2683 2226 2732 alia
2260 2696 2369 2733 vero
2405 2698 2509 2733 cer-

168 2765 291 2814 tiora
329 2771 379 2812 et
412 2763 608 2813 omnino
646 2778 740 2811 non
778 2763 1063 2827 respuenda.
1135 2764 1258 2812 Sunt
1292 2771 1450 2812 autem
1491 2765 1638 2813 haec:
1694 2765 1726 2813 l.
1763 2766 1990 2814 Nesse!
2030 2765 2175 2816 Catal.
2213 2769 2246 2816 V
2284 2783 2331 2831 p.
2353 2768 2415 2817 53
2455 2784 2509 2818 ex

171 2848 288 2898 Cod.
324 2847 525 2897 Vindob.
564 2848 674 2897 hist.
711 2848 771 2897 51
813 2847 1048 2906 (Nesselio
1087 2847 1171 2907 24)
1206 2846 1369 2895 laudat
1405 2847 1641 2896 Novellam
1687 2847 1787 2895 τοῦ
1834 2840 2090 2915 ἀοιδίμου
2127 2847 2389 2913 βασιλέως
2421 2866 2509 2901 κυ-

168 2930 271 2997 ροῦ
315 2926 534 2984 λέοντος
577 2925 703 2998 περὶ
750 2931 862 2978 τῶν
911 2922 1144 2987 ἀναξίως
1181 2924 1587 2996 ἱερατευόντων.
1659 2923 1976 2997 Ἤρώτησάς
2006 2946 2076 2999 με
2111 2931 2202 2982 καὶ
2236 2930 2510 3002 πρότερον

167 3009 227 3066 ἐν
274 3014 341 3081 τῇ
386 3007 573 3080 λῆμνῳ
621 3012 729 3063 κτλ.
807 3016 903 3065 Sed
951 3016 1316 3079 inspicientibus
1365 3015 1592 3065 Codicem
1640 3016 1908 3066 Nesselium
1955 3017 2175 3081 vapulare
2219 3027 2365 3082 patet.
2437 3022 2508 3085 lbi

170 3101 299 3157 enim
348 3100 419 3149 sic
470 3107 569 3149 est:
619 3094 759 3147 κατὰ
808 3095 905 3159 τὴν
951 3099 1070 3163 [inc.
1108 3100 1188 3149 l'ol.
1227 3099 1317 3148 321
1359 3099 1424 3164 νη]
1463 3094 1666 3164 νεαρὰν
1700 3098 1799 3148 τοῦ
1834 3093 2093 3166 ἀοιδίμου
2125 3100 2390 3166 βασιλέως
2421 3120 2509 3154 κυ-

170 3183 271 3253 ροῦ
305 3179 541 3239 λέοντος,
581 3199 705 3249 quae
742 3185 800 3234 ad
838 3186 997 3248 priora
1035 3185 1275 3248 pertinent
1311 3190 1359 3233 et
1392 3185 1505 3234 Nov.
1531 3185 1596 3234 74
1633 3186 1680 3234 in
1717 3186 2047 3248 superioribus
2076 3187 2250 3236 editam
2279 3188 2505 3239 indicant.

171 3270 404 3333 Sequitur
449 3275 676 3319 tractatus
723 3284 751 3318 a
788 3269 1003 3319 Nesselio
1051 3270 1289 3318 indicatus
1336 3260 1670 3336 (Ἠρώτησας
1701 3267 1868 3331 κτλ),
1922 3272 2002 3335 qui
2051 3285 2078 3321 a
2115 3272 2275 3321 Leone
2309 3273 2421 3337 imp.
2460 3280 2509 3322 et

170 3352 363 3404 Novella
413 3352 735 3403 alienissimus
773 3360 861 3403 est.
902 3378 955 3388 -
1016 3354 1073 3403 ll.
1126 3355 1458 3403 Assemani
1508 3354 1625 3403 Bibl.
1666 3356 1698 3403 l.
1739 3356 1796 3405 Ο.
1834 3355 1875 3404 ΙΙ
1911 3370 1957 3418 p.
1981 3354 2078 3405 264
2114 3371 2170 3405 ex
2208 3356 2323 3406 Cod.
2361 3358 2507 3407 Palat.

171 3438 269 3488 376
301 3437 468 3486 laudat
501 3437 716 3487 Novellas
739 3437 914 3497 Leonis
947 3432 1073 3503 περὶ
1104 3436 1368 3503 μοναχῶν
1402 3447 1450 3488 et
1483 3433 1607 3505 περὶ
1641 3431 1955 3487 ἐπισκόπων
1986 3435 2332 3506 βουλομένων
2367 3433 2508 3491 ἀνιέ-

170 3535 262 3569 ναι
311 3515 374 3570 ἐν
418 3518 704 3587 βυζαντίῳ.
747 3547 811 3558 —
866 3521 945 3571 111.
1000 3523 1138 3586 Apud
1186 3523 1348 3573 Bais.
1397 3524 1456 3573 ad
1510 3525 1642 3573 Phot.
1694 3524 1891 3573 Nomoc.
1928 3524 2046 3587 xm,
2083 3526 2116 3574 4
2164 3526 2258 3585 (ed.
2297 3526 2507 3577 Rhallil

171 3607 356 3670 p.29·1)
400 3606 604 3668 legitur:
656 3605 762 3665 Τῆς
806 3603 909 3671 ριζ*
941 3605 1144 3671 νεαρᾶς
1173 3606 1273 3656 τοῦ
1306 3604 1572 3672 βασιλέως
1601 3606 1768 3676 πυροῦ
1802 3604 2020 3661 λέοντος·
2053 3608 2150 3657 τοῦ
2188 3606 2509 3679 φιλοσόφου
2563 3612 2570 3621 ’

168 3685 447 3755 λεγούσης,
486 3682 544 3746 ἐξ
574 3681 929 3755 ἇποκᾰρσεως
961 3690 1060 3739 τοῦ
1095 3682 1296 3758 ἀνδρὸς
1326 3686 1403 3757 μὴ
1443 3686 1705 3741 δίδοσθαι
1721 3685 1990 3755 ὗπόβολον
2013 3692 2076 3760 τῇ
2090 3696 2323 3758 γυναικί.
2365 3697 2507 3758 Atqui

168 3776 422 3825 lastiniani
458 3776 569 3825 Nov.
613 3775 1045 3838 1172intenigenda
1081 3784 1170 3827 est.
1212 3803 1267 3812 —
1321 3777 1393 3825 lv.
1430 3778 1484 3826 ln
1522 3777 1824 3826 Prochiro
1862 3785 2046 3826 aucto
2084 3780 2152 3828 tit.
2190 3780 2367 3830 xxxix
2402 3793 2505 3841 cap.

173 3859 271 3910 232
322 3861 392 3909 sic
430 3861 592 3911 audit:
638 3854 802 3920 Ζήτει
835 3855 928 3908 καὶ
962 3854 1063 3922 τὴν
1099 3854 1187 3908 σα’
1220 3856 1427 3926 νεαρὰν
1462 3859 1561 3908 τοῦ
1596 3853 1918 3926 φιλοσόφου
1951 3857 2215 3924 βασιλέως
2247 3855 2373 3925 περὶ
2407 3859 2508 3909 τοῦ

166 3938 243 4010 μὴ
280 3933 422 3993 εἶναι
457 3937 740 4005 ἰδιωτικὴν
774 3938 1039 4012 φυλακήν.
1116 3947 1184 3996 lbi
1221 3953 1378 3996 tamen
1415 3944 1495 3994 illa
1528 3938 1721 4003 „crint
1745 3972 1804 3980 —
1833 3939 2085 4010 νεαρᾶν“
2120 3944 2182 3994 ad
2215 3946 2508 4007 praeceden-

174 4030 240 4077 tia
286 4031 517 4080 tralienda
565 4037 703 4093 sunt,
750 4038 802 4080 et
849 4030 1101 4092 legendum
1148 4026 1235 4078 ναί
1271 4021 1504 4095 νεαρᾶνε
1559 4028 1787 4090 allegatur
1824 4029 1950 4077 enim
1986 4029 2097 4078 Nov.
2135 4029 2195 4078 51
2235 4030 2506 4081 lustiniaui.

172 4114 258 4162 llis
291 4122 480 4164 autem:
532 4113 677 4170 ,,τοῦ
715 4108 1036 4182 φιλοσόφου
1068 4110 1331 4178 βασιλέως·
1362 4141 1432 4149 -
1469 4106 1763 4181 φυλακὴν*
1799 4113 2052 4177 subjicitur
2085 4112 2117 4162 l.
2156 4112 2186 4163 2
2228 4114 2279 4163 C.
2318 4117 2374 4165 de
2408 4119 2508 4180 pri-

168 4202 289 4249 vatis
325 4202 614 4261 carceribus,
666 4200 787 4249 forte
836 4215 891 4250 ex
929 4200 1159 4249 Attalensi
1207 4199 1452 4262 desumta,
1502 4205 1556 4249 ut
1602 4199 1706 4263 ejus
1740 4191 1954 4264 ποίημα
1988 4197 2143 4246 verbis
2179 4197 2278 4247 τοῦ
2315 4195 2500 4264 φιλοσ.

161 4283 290 4347 flac.
331 4284 569 4346 designari
602 4285 830 4335 videatur.
870 4311 923 4320 —
987 4285 1038 4333 V.
1086 4285 1138 4334 ln
1174 4284 1477 4334 Matthaei
1515 4282 1833 4332 Blastaris
1872 4284 2173 4348 syntagmate
2206 4285 2267 4341 Γ,
2311 4284 2373 4334 13
2409 4285 2506 4347 (ed.

163 4367 384 4431 Revereg.
422 4369 461 4417 ll
499 4382 546 4433 p.
580 4369 695 4433 ⁸13),
749 4384 893 4433 quem
946 4368 1103 4420 locum
1156 4370 1486 4432 transscripsit
1535 4367 1830 4419 scholiastes
1883 4367 1941 4417 ad
1993 4368 2156 4418 Harm-
2205 4370 2281 4420 ed.
2316 4368 2503 4420 Heimb.

273 4452 352 4501 ΙΙΙ.
2041 4452 2106 4502 15
