2900 4950
337 183 461 246 346
1222 195 1341 245 con.
1377 194 1450 245 lv,
1521 195 1634 246 Nor.
1670 196 1786 246 m.

334 346 512 414 ἐστιν
571 340 782 422 οὕτως
839 342 952 410 ἐπὶ
1007 345 1328 410 τοσοῦτον
1380 345 1499 432 τῆς
1550 346 1822 431 νομικῆς
1876 337 2236 424 αὖθεντίας
2289 340 2676 436 ἀνάσκητος,

332 444 423 525 ιῦς
467 440 583 512 οῦκ
627 439 768 512 οἶδε
809 448 1017 511 ταῦτα
1063 444 1130 512 ἐν
1173 448 1268 532 τῷ
1315 444 1356 510 ι’
1403 452 1495 530 βι.
1540 448 1673 512 τῶν
1715 446 2075 531 βασιλικῶν
2120 446 2188 538 ἐν
2234 447 2386 515 δυσὶ
2430 447 2679 539 διαφό-

329 571 476 634 ροις
519 552 782 629 κείμενα
830 547 1266 634 [κεφαλαίοις]
1288 550 1327 583 ¹·''
1367 548 1476 613 καὶ
1518 546 1639 632 τὴν
1695 547 2038 635 ἑρμηνείαν
2095 548 2448 636 εἰσάγοντα
2502 576 2678 640 προ-

329 650 560 735 δήλως.
649 647 761 713 καὶ
804 650 953 726 πῶς
997 642 1076 714 ἂν
1119 643 1311 735 ἡμεῖς
1355 647 1678 716 ἐπίπλεον
1719 653 1814 736 τῷ
1874 649 2066 737 φόβῳ
2108 654 2227 717 τοῦ
2271 655 2442 719 θεοῦ
2488 676 2674 722 στοι-

325 749 697 835 χειούμενοι
738 750 845 816 καὶ
888 747 1007 836 τὴν
1036 756 1235 816 θείαν
1275 748 1468 834 χάριν
1496 753 1615 836 τῆς
1641 749 1970 818 θεοδότου
2003 749 2434 833 διδασκαλίας
2464 756 2675 840 δαψι-

327 855 634 935 λέστερον
703 850 1219 935 εἰσοικισάμενοι
1279 854 1388 918 καὶ
1456 851 1974 938 πλουτήσαντες,
2050 849 2369 924 τάναντία
2430 856 2671 926 τούτου

329 950 1016 1040 ἀντινομοθετήσομεν
1059 953 1171 1019 καὶ
1212 956 1382 1020 θεοῦ
1425 964 1572 1032 τοῖς
1612 956 2043 1039 βουλομένοις
2082 959 2530 1045 μυκτηρισμὸν
2558 963 2668 1027 καὶ

324 1052 517 1142 ὕβριν
563 1053 931 1141 ἐψήσομεν,
999 1055 1058 1122 εἰ
1100 1054 1221 1140 γὰρ
1265 1057 1377 1122 καὶ
1418 1059 1553 1122 τῶν
1598 1056 1925 1123 δικαστῶν
1969 1058 2166 1138 ἔνιοι,
2222 1058 2341 1146 τὴν
2385 1060 2457 1140 ἐξ
2496 1057 2661 1127 ὑπο-

324 1164 513 1235 νοίας
568 1159 687 1221 τοῦ
744 1158 1265 1224 θαλελαίου’“
1321 1157 1570 1244 φράσιν
1627 1157 2261 1244 περιλαμβάνοντες,
2324 1160 2492 1229 κατά
2544 1164 2667 1247 μὲν

321 1254 580 1347 ἡλικίας
624 1257 956 1345 φάσκουσι
995 1259 1114 1325 τὸν
1157 1257 1532 1342 σωματικὸν
1564 1254 1757 1343 ὅρκον
1786 1271 2066 1344 κρατεῖν,
2112 1261 2281 1328 κατὰ
2324 1263 2397 1329 δὲ
2427 1265 2667 1330 συναλ-

327 1359 677 1446 λαγμάτων
725 1359 963 1445 ἑτέρων
1004 1362 1100 1445 τῷ
1144 1363 1384 1448 τοιῷδε
1429 1357 1601 1447 ὅρκῳ
1644 1367 2134 1447 βεβαιουμένων
2176 1362 2293 1450 τὴν
2325 1358 2668 1431 ἀποκατά-

325 1485 560 1529 στασιν
607 1461 773 1544 ἔχειν
815 1460 894 1526 τὸ
940 1461 1229 1546 ἐνεργὸν,
1292 1459 1398 1529 ὅτι
1451 1465 1562 1529 καὶ
1596 1458 1646 1529 ὁ
1690 1465 2150 1544 θαλέλαιος
2195 1460 2344 1532 εἶπε
2384 1464 2502 1552 τὴν
2544 1471 2665 1534 τοῦ

321 1564 651 1646 βασιλέως
693 1564 1148 1650 παραφράζων
1193 1559 1620 1651 ἀντιγραφὴν,
1676 1560 1765 1643 ὥς
1811 1566 1990 1632 δοκεῖ
2033 1561 2069 1631 ὃ
2112 1566 2421 1652 βασιλεὺς
2461 1571 2663 1634 τοῦτο

323 1663 550 1750 λέγειν,
600 1661 707 1729 ὅτι
750 1663 1030 1731 δύνασαι
1070 1667 1191 1749 μὲν
1218 1665 1386 1732 κατὰ
1427 1667 1545 1752 τῆς
1589 1661 1942 1751 ὁμολογίας
1985 1689 2106 1733 σου
2148 1669 2254 1734 καὶ
2296 1671 2415 1734 τοῦ
2460 1665 2661 1752 ὅρκου

321 1766 594 1854 αἰτῆσαι
637 1760 1198 1847 ἀποκατάστασιν,
1245 1762 1360 1834 οὐκ
1404 1765 1531 1852 ἐγώ
1576 1768 1649 1834 δὲ
1693 1769 1768 1834 σὲ
1810 1768 1904 1847 εἰς
1931 1771 2127 1834 τοῦτο
2158 1775 2660 1855 προτρέπομαι“

325 1863 462 1936 ἀλλ’
512 1856 700 1933 οὗτοι
742 1866 977 1954 πόῤῥω
1018 1871 1135 1955 τῆς
1178 1868 1494 1947 ἐννοίαςΠ
1537 1874 1777 1939 θέουσι
1806 1872 1923 1936 τοῦ
1960 1871 2181 1949 καλοῦ,
2227 1863 2457 1957 τῇτοῦ
2501 1878 2661 1938 θα-

316 1970 653 2036 λελαίου
695 1963 985 2057 ὑπονοίᾳ
1027 1972 1235 2036 πλέον
1285 1969 1506 2052 ἰσχύος
1533 1974 1650 2058 τῆς
1693 1966 2112 2057 αὖτοφανοῦς
2153 1971 2498 2059 ἑρμηνείας
2523 1976 2658 2040 τῶν

314 2072 674 2156 βασιλικῶν
719 2068 1026 2156 ῥημάτων
1072 2066 1640 2159 ἀποφαινόμενοι,
1695 2079 1802 2137 καὶ
1862 2071 2129 2160 δόκησιν
2172 2075 2292 2158 μὲν
2334 2069 2659 2161 ἀληθείας

316 2173 741 2259 ἐπίπροσθεν
806 2169 1105 2258 ἄγοντες,
1175 2173 1286 2240 διὰ
1352 2175 1425 2241 δὲ
1492 2181 2068 2260 φαντασιοκοπίαν
2133 2170 2373 2261 ἀνδρὸς
2437 2212 2519 2224 ——
2588 2176 2657 2243 ἐν

318 2276 657 2360 δισταγμῷ
713 2270 1009 2360 κάκείνην
1081 2276 1506 2362 εἰσαγομένην
1559 2314 1647 2324 -
1699 2270 2239 2362 ἀνερυθριάστως
2298 2273 2493 2361 ὅρκου
2545 2279 2658 2344 καὶ

317 2368 1031 2460 συνθηκῶν-ἀθέτησιν
1076 2375 1611 2462 παρεισάγοντες.
1701 2384 1991 2464 καίτοιγε
2030 2379 2286 2461 μᾶλλον
2323 2377 2512 2466 ἐχρῆν
2543 2373 2657 2445 άν-
2720 2437 2726 2443 .

312 2476 641 2563 θρώπους
694 2473 892 2556 ὄντας
945 2485 1324 2564 θεοσεβεῖς,
1394 2481 1503 2546 καὶ
1564 2482 1732 2545 θεοῦ
1789 2482 1894 2546 καὶ
1953 2475 2339 2564 ἀνθρώπων
2395 2480 2656 2559 εἰδότας

315 2575 474 2646 ὅσον
520 2579 662 2645 ἐστὶ
703 2576 781 2643 τὸ
812 2580 1148 2667 διαφέρον,
1198 2581 1266 2648 ἐν
1297 2578 1703 2669 ἀμφιβόλοις
1741 2578 1856 2659 (ὥς
1886 2576 2075 2649 αὐτοὶ
2106 2585 2363 2661 νοοῦσι)
2406 2582 2656 2670 ῥήμασι

310 2683 418 2747 καὶ
466 2679 787 2767 νοήμασιν
832 2681 1180 2769 ἐξανάγκης
1223 2683 1494 2763 πάντως
1537 2686 1679 2769 θεῷ
1722 2683 1807 2750 τὰ
1850 2690 2176 2769 πρεσβεῖα
2215 2690 2649 2769 χαρίσασθαι,

309 2784 417 2848 καὶ
480 2782 681 2867 μηδέν
736 2808 805 2848 τι
858 2789 990 2851 τῶν
1037 2781 1163 2851 ὅσα
1221 2784 1400 2852 ἐστὶν
1454 2780 1591 2851 ὑπὸ
1634 2790 1888 2872 γένεσιν
1937 2788 2054 2872 τῆς
2095 2784 2366 2872 πρώτης
2408 2782 2653 2874 ἐκείνης

308 2879 618 2970 ὑπεράνω
659 2890 891 2952 θεῖναι
932 2885 1466 2975 μεγαλειότητος,
1524 2881 1569 2974 ἢ
1609 2898 2093 2973 μικροπρεπεῒς
2144 2890 2253 2954 καὶ
2301 2882 2652 2974 όλιγογνώ-

307 3009 543 3071 μόνας,
600 2988 709 3052 καὶ
765 2986 883 3074 τὴν
939 2984 1335 3075 ἀνθρώποις
1389 2988 1574 3067 τάξιν
1629 2992 1737 3055 καὶ
1798 2985 2150 3073 εὐκοσμίαν
2192 2989 2649 3075 γνωρίζοντας,

304 3087 395 3177 μὴ
441 3091 548 3156 καὶ
593 3087 760 3155 κατὰ
802 3093 1130 3175 βασιλέως
1174 3091 1438 3179 ἐφεῖναι
1479 3089 1558 3156 τὸ
1602 3091 1807 3157 πλέον
1853 3090 2020 3173 ἔχειν
2048 3088 2178 3161 ,τὸν
2226 3090 2652 3159 ἷδιωτεύοντα

307 3190 638 3279 δικαστήν.
729 3191 789 3258 εἷ
830 3192 952 3278 γὰρ
996 3195 1112 3271 καὶ,
1149 3192 1238 3279 μὴ
1285 3187 1706 3279 άποφαντικὴ
1763 3193 1986 3259 τέλεον
2040 3194 2159 3258 τοῦ
2201 3193 2530 3276 βασιλέως
2569 3181 2650 3281 ἦν

303 3287 344 3380 ἦ
410 3287 807 3379 ἀντιγραφή,
876 3296 984 3360 καὶ
1042 3293 1155 3362 ἐπὶ
1215 3296 1591 3377 σωματικοῦ
1658 3289 1857 3378 ὅρκου
1922 3292 2391 3381 ἐκφωνηθεῒσα
2448 3288 2650 3361 αὐτὸν

307 3394 554 3461 ἐκεῖνον
602 3394 817 3481 εἰσῆγε
860 3393 975 3460 τὸν
1021 3389 1515 3483 ἀντιγράφοντα
1554 3394 1643 3483 μὴ
1691 3396 1966 3475 εἰδέναι,
2032 3390 2122 3474 ὥς
2175 3394 2388 3472 αἴτιος
2430 3392 2647 3481 τούτῳ

309 3494 652 3577 ἐπιορκίας
711 3495 899 3561 ἔσται
953 3498 1152 3576 ποτὲ,
1208 3490 1365 3580 μηδ’
1427 3490 1465 3562 ὁ
1523 3495 2196 3583 ἑρμουπολίτης”
2251 3490 2450 3561 αὐτὸν
2495 3492 2650 3562 ἐπι-

306 3593 609 3679 στόμιζεν
655 3589 836 3682 ἀνὴρ,
881 3600 991 3663 καὶ
1029 3586 1230 3675 ὀὗτος
1275 3592 1426 3676 ὀξὺς
1472 3598 1761 3665 συνιδεῖν
1786 3601 1896 3664 καὶ
1944 3598 2258 3686 φωράσαι
2298 3595 2416 3684 τὴν
2463 3595 2642 3683 ἐγκα-

303 3703 599 3785 θημένην
641 3707 792 3776 ταῖς
834 3710 1136 3784 νομικαῒς
1176 3697 1554 3787 βαθύτησιν
1596 3699 1874 3780 ἔννοιαν,
1922 3701 2127 3785 λέγων
2170 3695 2265 3778 ὥς
2302 3693 2389 3779 ,,ὃ
2432 3693 2646 3786 ἥττων

304 3796 555 3885 ὀμόσας
599 3798 974 3885 σωματικόν
995 3796 1189 3886 ὅρκον
1231 3798 1321 3887 μὴ
1353 3794 1979 3883 ἀποκαθίστασθαι,
2029 3798 2146 3868 οὐκ
2175 3794 2648 3868 ἀποκαθίστα-

299 3909 485 3969 ται“·
556 3896 686 3985 εἶχε
743 3902 816 3970 δὲ
869 3901 955 3969 τὰ
1007 3909 1334 3988 πρεσβεῖα
1387 3898 1427 3990 ἡ
1484 3905 1603 3969 τοῦ
1661 3903 2125 3971 θαλελαίου
2182 3899 2649 3988 παραγραφὴ”

311 4024 408 4037 ..α-.-
435 4030 482 4034 -.--
635 4030 764 4037 ..-

438 4071 474 4099 ¹⁵
523 4074 639 4122 Cod.
675 4068 942 4139 κειμένοις
976 4070 1070 4128 τίς.
1151 4075 1290 4125 Forte
1324 4070 1544 4141 κείμενα
1579 4070 1800 4140 θέμασι.
2013 4072 2051 4102 ¹⁶
2103 4074 2172 4124 Ad
2225 4074 2342 4124 Cod.
2380 4073 2439 4136 11,
2477 4072 2558 4135 27,
2601 4072 2646 4122 1.

299 4152 337 4182 ²²
383 4156 436 4205 ln
484 4156 600 4205 Cod.
649 4171 737 4221 per
783 4157 1184 4209 abbreviationem
1233 4160 1464 4223 scriptum
1513 4166 1614 4223 eet,
1664 4174 1810 4223 quem
1846 4159 2009 4210 nescio
2046 4174 2108 4211 en
2143 4164 2276 4209 recte
2314 4156 2643 4208 intellexerim.

299 4235 339 4266 ¹⁸
374 4238 655 4300 Intelligitm·
687 4240 927 4290 Theodori
961 4242 1544 4305 Hermopolitae-summa
1580 4258 1624 4293 c.
1663 4244 1686 4293 1
1729 4243 1781 4294 C,
1818 4244 1875 4306 11,
1912 4244 1996 4294 27.
2167 4240 2206 4272 ¹⁹
2242 4242 2489 4293 ludicatur
2520 4240 2645 4290 Thn-

301 4321 439 4372 lelaei
477 4320 719 4372 adnotatio
746 4323 807 4373 nd
842 4323 873 4373 Γ.
910 4324 941 4374 l.
981 4324 1234 4375 Caeterum
1272 4326 1432 4377 Codex
1466 4321 1556 4374 καὶ
1592 4327 1734 4377 habet
1772 4343 1827 4377 ex
1864 4328 1986 4379 male
2023 4328 2263 4380 intellecta
2290 4325 2647 4380 abbreviatione
