2900 4950
1040 243 1160 312 ιιιψ,
1193 243 1452 307 nicephori
1490 244 1688 294 moene.
2400 230 2519 294 291

197 386 414 460 αὗτῶν
458 390 812 479 ἐδόθησαν,
859 390 926 457 οἱ
965 392 1086 475 μὲν
1128 393 1535 477 στρατιῶται
1579 384 2222 472 ἆποκομιζέσθωσαν
2249 393 2335 460 τὰ
2375 393 2527 460 ἑαυ-

194 497 346 574 τῶν,
393 492 631 561 ἐκεῖνοι
661 493 732 560 δὲ
762 491 1280 578 προσερχόμενοι
1298 495 1339 528 ¹⁰
1382 492 1944 577 διεγκαλείτωσαν,
1990 491 2102 559 καὶ
2130 492 2174 559 ά
2203 493 2529 562 δεδώκασι

197 596 731 684 ἔπιζητείτωσαν.
794 594 853 661 εἰ
897 595 970 661 δὲ
1012 596 1118 661 καὶ
1162 593 1547 679 βελτιώσεις
1589 594 2036 680 πεποιήκασιν
2079 594 2147 661 ἐν
2179 590 2424 675 αὐτοῖς,
2470 596 2529 664 εἰ

192 698 313 783 μὲν
351 695 689 782 χρειώδεις
731 689 926 761 αὗταί
972 696 1158 776 εἰσιν,
1207 691 1348 763 οἷον
1395 689 1805 822 ἀμπελώνων
1827 696 2360 784 καταφυτεύσεις,
2405 723 2530 782 μυ-

196 799 636 879 λοστασίαι”,
685 791 1036 882 ἆχυρῶνες,
1087 797 1424 885 οἰκήματα,
1474 798 1664 883 ἕτερα
1703 797 1792 884 μὴ
1837 799 2165 885 πολυτελῆ
2209 801 2317 866 καὶ
2360 800 2533 885 πρὸς

194 899 433 979 κάλλος
464 899 926 985 ἐξειργασμένα
955 893 1124 967 ἀλλὰ
1152 898 1446 986 λιτότητι
1476 903 1898 984 στρατιωτῶν
1928 896 2315 984 ἁρμόζοντα,
2360 896 2531 988 ὑπὲρ

196 1005 331 1070 τῶν
373 999 692 1067 τοιούτων
732 998 852 1088 χρὴ
896 1005 1205 1085 παρέχειν
1249 999 1402 1081 τοὺς
1447 995 2044 1086 ἀπολαμβάνοντας
2084 1000 2241 1080 τοὺς
2281 1001 2535 1083 τόπους

195 1102 318 1182 τὰς
362 1097 810 1187 ἇναλογούσας
852 1101 1068 1185 τιμάς.
1131 1102 1189 1168 εἰ
1235 1103 1305 1169 δὲ
1348 1101 1524 1188 πρὸς
1565 1101 1803 1181 κάλλος
1833 1101 2038 1186 μόνον
2065 1107 2174 1170 καὶ
2206 1098 2282 1171 οὗ
2307 1111 2534 1192 χρείαν

197 1203 508 1291 τοιαύτην
555 1197 879 1292 ἀφορῶσι,
924 1205 1058 1271 τῶν
1085 1203 1405 1270 τοιούτων
1438 1203 1554 1290 τὴν
1585 1198 1744 1290 ὕλην
1772 1204 1976 1288 μόνην
2005 1204 2161 1284 τοὺς
2188 1211 2537 1285 κτίσαντας

199 1301 797 1402 ἀπολαμβάνοντας
841 1298 1259 1388 ἀναχωρεῖνΞ
1261 1354 1276 1370 .
1324 1299 1478 1372 ὅσοι
1523 1305 1594 1370 δὲ
1636 1307 1769 1370 τῶν
1799 1330 1893 1390 αρ
1907 1312 2096 1389 μενί
2108 1332 2211 1373 ων
2255 1301 2538 1394 ηὐτομό-

199 1409 407 1496 λησαν
436 1405 608 1493 πρὸς
637 1410 957 1491 συρίαν,
1005 1394 1190 1471 οὑτοι
1216 1405 1305 1492 μὴ
1337 1406 1496 1534 πρὸ(
1503 1408 1617 1493 τῆς
1646 1411 1934 1491 τριετίας
1960 1406 2184 1491 μόνον,
2233 1401 2402 1474 ἀλλὰ
2428 1410 2537 1474 καὶ
2592 1455 2603 1462 -

198 1508 340 1596 πρὸ
374 1508 613 1594 χρόνου
659 1506 805 1585 ἑνὸς
847 1502 1408 1593 ὑποστρέφοντες,
1476 1508 1588 1575 ι’να
1644 1507 1732 1594 μὴ
1778 1507 1932 1588 τοὺς
1976 1509 2187 1589 ἰδίους
2230 1505 2540 1595 ἀπολαμ-

197 1609 459 1698 βάνωσι
483 1610 753 1689 τόπους,
784 1601 952 1675 ἀλλὰ
979 1611 1096 1694 τῆς
1123 1606 1338 1676 αὐτῶν
1370 1605 1751 1676 ἐκπίπτωσι
1779 1610 2172 1689 δεσποτείας
2200 1609 2312 1678 καὶ
2340 1610 2540 1694 ἔχωσι

197 1715 395 1779 τοῦτο
412 1715 454 1748 ¹³
498 1711 592 1791 εἷς
635 1706 975 1795 ἐπιτιμίου
1020 1709 1244 1796 λόγον·
1289 1708 1464 1796 πλήν
1498 1713 1631 1777 τῶν
1648 1714 1688 1745 ¹⁴
1732 1707 2291 1800 ὑποστρεφόντων
2322 1706 2538 1780 αὐτῶν

200 1817 309 1882 καὶ
352 1811 526 1881 οὕτω
567 1812 685 1897 χρὴ
731 1810 1055 1898 πρόνοιαν
1108 1817 1421 1897 γίνεσθαι
1480 1811 1594 1879 διὰ
1636 1817 1934 1898 παροχῆς
1977 1813 2215 1899 ἑτέρων
2260 1809 2536 1881 τοπίων.

355 1914 449 2000 β’.
531 1908 674 1980 Ἐπὶ
706 1914 777 1980 δὲ
818 1916 952 1979 τῶν
998 1911 1351 1999 ἐγκλήματι
1381 1911 1591 1997 φόνου
1647 1914 2201 1998 περιπιπτόντων
2250 1909 2542 2002 ὀφείλεις

201 2011 403 2083 αὑτὸν
441 2016 563 2099 μὲν
605 2013 721 2081 τὸν
763 2012 880 2100 τὴν
922 2019 1317 2100 μιαιφονίαν
1363 2013 1805 2098 ἐργασάμενον
1848 2018 1926 2102 τῇ
1971 2018 2088 2081 τοῦ
2120 2014 2325 2097 νόμου
2365 2009 2543 2080 ὑπά-

200 2142 340 2203 γειν
382 2121 702 2202 τιμωρίᾳ·
758 2114 875 2199 τὴν
930 2115 1000 2181 δὲ
1058 2116 1174 2200 τῆς
1232 2120 1583 2199 στρατείας
1623 2110 1823 2182 αὑτοῦ
1866 2120 1985 2203 γῆν
2027 2116 2117 2202 μὴ
2164 2113 2546 2183 ἐπιδιδόναι

204 2219 301 2298 εἰς
357 2222 798 2302 παραμυθίαν
851 2225 997 2295 τοῖς
1058 2218 1176 2282 τοῦ
1233 2221 1689 2303 ’φονευθέντος
1744 2220 1980 2285 παισὶν
2045 2211 2088 2305 ἢ
2148 2223 2539 2304 συγγενέσιν,

203 2313 344 2386 ἄλλ’
392 2317 675 2396 ἐκείνους
715 2318 836 2402 μὲν
882 2315 996 2384 διά
1048 2342 1249 2385 τινων
1301 2321 1581 2406 κινητῶν
1634 2325 2234 2404 παραμυθεῖσθαι,
2297 2318 2415 2407 τὴν
2472 2320 2545 2389 δὲ

204 2416 508 2509 ἀκίνητον
552 2416 835 2506 ὕπαρξιν
893 2419 986 2499 εἷς
1043 2418 1359 2489 σύστασιν
1379 2424 1417 2455 ¹⁵
1470 2423 1590 2509 τῆς
1643 2428 1991 2508 στρατείας
2035 2432 2396 2508 συντηρεῖν.
2486 2422 2545 2491 εί

204 2526 278 2593 δὲ
319 2522 408 2609 μή
453 2520 681 2610 κινητὰ
723 2521 1082 2608 πράγματα
1127 2517 1284 2603 εἷεν,
1344 2525 1451 2589 καὶ
1500 2520 1710 2603 οὕτως
1753 2519 2159 2591 ὑποτιθέναι
2177 2527 2216 2559 ¹⁶
2256 2528 2377 2591 τοῦ
2419 2548 2536 2592 πε-

179 2624 602 2715 ’φονευκότος
647 2623 995 2707 διαδόχους
1022 2624 1194 2708 πρὸς
1239 2622 1652 2710 ἐκπλήρωσιν
1694 2629 1825 2692 τῶν
1871 2621 2241 2715 ἀνηκόντων
2286 2625 2381 2705 εἰς
2409 2650 2546 2691 πα-

205 2733 545 2815 ραμυθίαν
586 2737 731 2806 τοῖς
760 2729 877 2793 τοῦ
922 2720 1325 2814 ἀνῃρημένου
1357 2726 1787 2813 κληρονόμοις
1803 2731 1861 2808 ¹⁷,
1908 2727 2062 2805 τοὺς
2094 2728 2165 2794 δὲ
2195 2729 2313 2814 τῆς
2342 2751 2544 2813 στρα-

204 2836 386 2908 τείας
431 2822 630 2894 αῧτοῦ
674 2826 927 2905 τόπους
969 2827 1057 2913 μὴ
1119 2827 1232 2894 ἐᾶν
1277 2827 1726 2894 ἐκποιεῒσθαι.
1819 2827 1877 2894 εἷ
1921 2828 1992 2894 δὲ
2035 2830 2144 2894 καὶ
2186 2827 2436 2907 πάντες
2476 2828 2545 2897 οἱ

205 2934 324 2997 τοῦ
371 2925 574 2996 αὐτοῦ
620 2929 804 2995 οἴκου
849 2931 942 3014 τῷ
961 2931 1001 2963 ¹⁸
1041 2931 1159 2994 τοῦ
1193 2928 1403 3014 φόνου
1434 2928 1765 3011 ἐνέχονται
1792 2927 2019 3011 μύσει,
2067 2918 2252 2994 οὑτοι
2279 2931 2399 3013 μὲν
2425 2929 2547 3009 τὰς

204 3028 672 3117 προσηκούσας
717 3030 989 3107 ἕκαστος
1031 3031 1124 3111 τῷ
1171 3027 1350 3114 νόμῳ
1396 3029 1640 3108 ποινὰς
1683 3026 2104 3111 ὑπεχέτωσαν
2123 3032 2181 3108 ¹⁰,
2228 3030 2294 3095 οἱ
2331 3030 2403 3096 δὲ
2431 3034 2546 3115 τῆς

205 3137 556 3218 στρατείας
601 3126 691 3209 ὥς
733 3128 1055 3208 πολλάκις
1100 3128 1465 3215 δεδήλωται
1508 3129 1711 3197 τόποι
1756 3124 2038 3212 ἀλλαχοῦ
2066 3127 2154 3215 μὴ
2187 3153 2548 3216 παραπεμ-

203 3239 598 3303 πέσθωσαν.
661 3228 831 3299 ἀλλὰ
871 3224 990 3297 κᾶν
1033 3230 1227 3317 μήτις
1270 3226 1721 3320 ὑπολειφθείη
1767 3229 2169 3317 κληρονόμος
2200 3229 2316 3317 τὴν
2349 3254 2548 3315 στρα-

205 3344 391 3405 τείαν
434 3331 761 3403 ὑπελθεῖν
802 3331 1279 3419 βουλόμενοςω,
1328 3331 1548 3419 ἕτερος
1589 3331 1745 3412 τούς
1771 3332 2023 3412 τόπους
2067 3326 2546 3418 ἀναλαμβάνων

206 3434 615 3527 ὑπηρετείτω
661 3432 843 3522 αὐτῇ.

350 3692 388 3721 ¹⁰
422 3695 550 3759 Epic.
584 3689 944 3756 δεηθῆτωσαν
976 3691 1254 3759 βασιλέως.
1418 3692 1449 3721 ¹¹
1491 3695 1610 3745 ibid.
1645 3687 2004 3760 μυλοστάσια.
2149 3692 2186 3719 ¹²
2221 3694 2290 3744 lb.
2327 3693 2545 3743 additur:

211 3779 311 3830 τοῦ
346 3772 709 3845 πρωτοτὺπου
746 3776 1075 3846 σωζομένου.
1252 3774 1287 3806 ¹³
1327 3780 1473 3829 Labb.
1510 3777 1724 3827 τοῦτον.
1903 3776 1943 3804 ¹⁴
1978 3778 2240 3827 Articulum
2280 3776 2548 3826 deleverim.

212 3861 250 3891 ¹⁵
284 3864 409 3929 Epit.
447 3858 657 3913 στάσιν.
812 3862 851 3890 ¹⁰
887 3864 1013 3928 Epic.
1049 3857 1376 3912 ὑποκεῖσθαι
1411 3857 1539 3915 τοὺς·
1575 3861 1844 3935 τοῦιπεφ.
1887 3861 2179 3926 συγγενεῖς.
2256 3859 2391 3909 Uncle
2426 3853 2553 3911 τοὺς

212 3948 398 4014 nain
436 3957 563 3999 textu
602 3948 953 3999 emendandum
992 3962 1100 3997 esse
1140 3962 1333 3997 censeo.
1542 3944 1576 3972 ¹⁷
1610 3946 1733 4009 Epit.
1772 3945 1883 3993 τῶν
1917 3943 2016 3992 τοῦ
2052 3936 2205 4010 άνῃρ.
2250 3941 2546 4007 συγγενῶν.

213 4031 253 4060 ¹⁸
291 4033 512 4097 Supplevi
550 4049 604 4084 ex
641 4033 764 4098 Epit.
912 4029 951 4059 ¹⁹
987 4031 1112 4095 Epil.
1145 4025 1298 4097 παρὰ
1335 4030 1432 4079 τοῦ
1468 4022 1646 4096 νόμον
1679 4042 1735 4079 π.
1778 4022 2250 4094 ὑποδεχέσθωσαν.
2407 4023 2448 4051 ²⁰
2484 4028 2549 4077 [b.

217 4110 247 4165 ὁ
284 4111 386 4177 τὴν
420 4131 536 4185 στρ.
579 4110 670 4167 ὑπ.
708 4113 932 4184 μέλλων.

2042 4446 2148 4497 19*
