2900 4950
997 291 1114 356 Ιιηῐι
1151 291 1380 342 manuelis
1420 292 1667 342 comneni.
2383 285 2507 347 495

332 443 881 523 „Quandocumque
949 462 1096 506 vero
1162 445 1440 507 dominus
1510 443 1856 524 Imperator
1922 445 2185 510 voluerit
2248 449 2512 513 Jauuam

155 548 444 621 ‚mittere
493 548 808 624 pecuniam
863 545 962 606 vel
1017 564 1118 607 res
1174 545 1273 607 vel
1315 546 1582 608 bantines
1628 544 1791 621 ejus,
1846 547 2088 624 yoleras
2133 553 2263 612 sine
2304 571 2509 624 naves,

156 658 454 723 „eontra-
487 664 905 726 quemcumque
948 651 1190 708 miserit
1235 666 1306 708 ea
1354 647 1771 709 Christianum
1814 653 1943 711 sive
1982 669 2289 730 paqanum
2333 673 2511 716 coro-

158 760 426 824 ,mlum
468 746 565 808 vel
605 765 730 808 non
775 760 1152 817 coronatum,
1196 760 1266 809 ut
1309 767 1385 809 ea:
1428 750 1624 810 debito
1672 749 1921 811 debeant
1948 750 2287 815 Januenses
2320 755 2512 818 leono-

161 851 386 931 „rifice
431 849 591 909 eam⁰
635 853 936 927 recipere,
997 860 1053 910 et
1099 850 1438 930 deffendere
1481 853 1547 911 iu
1590 861 1764 911 terro
1808 870 1922 913 sua
1964 862 2023 913 et
2065 856 2369 917 custodire
2414 876 2513 919 se-

164 953 475 1027 „cumlum
527 950 901 1012 voluntatem
955 950 1261 1012 homiuum
1317 952 1547 1012 domini
1599 951 2031 1032 Imperatoris,
2089 960 2196 1034 qui
2247 976 2377 1017 cum
2430 962 2511 1019 eis

163 1063 418 1128 „eruum
466 1070 692 1113 omnem
733 1056 1049 1130 pecuniam
1091 1063 1150 1114 et
1197 1072 1293 1114 res
1338 1057 1577 1121 missas,
1620 1054 1905 1154 gomines,
1950 1054 2191 1134 yaleras
2224 1070 2281 1120 et
2308 1077 2510 1130 naves,

168 1164 442 1234 ,Μαικία
489 1163 543 1214 et
587 1150 792 1233 qualia
836 1164 1043 1221 eruut,
1107 1155 1179 1215 ab
1241 1160 1408 1215 amni
1447 1155 1682 1216 homine
1729 1168 2021 1218 coronato
2066 1169 2124 1218 et
2165 1178 2290 1219 non
2336 1178 2513 1222 coro-

168 1266 399 1329 ‚,uoto:
448 1255 716 1315 debentes
762 1266 819 1315 et
865 1253 956 1314 bic
1000 1255 1334 1333 iutelle'yere
1378 1257 1707 1334 capitulum
1759 1259 1828 1318 de
1872 1271 2162 1321 coronato
2207 1264 2361 1324 sicut
2406 1281 2514 1323 su-

168 1361 427 1436 „perius
473 1360 936 1434 interpretatum
983 1367 1088 1425 est,
1135 1358 1213 1418 ad
1256 1360 1581 1418 servicium
1625 1369 1681 1445 et
1727 1358 2017 1420 honorem
2062 1362 2289 1423 domiui
2314 1361 2516 1443 Impe-

168 1461 453 1533 „ratoris
499 1468 556 1517 et
598 1455 902 1517 Romauie.
1641 1451 1656 1468 “

344 1557 468 1634 „Et
510 1575 637 1618 uon
678 1560 996 1637 impedient
1039 1569 1318 1638 umquam
1348 1557 1684 1621 Jonueuses
1730 1561 2037 1622 domiuum
2081 1560 2518 1640 Imperatorem

173 1669 278 1735 „et
335 1660 581 1720 heredes
636 1658 732 1719 vel
782 1677 1158 1720 successores
1220 1656 1351 1735 ejus
1398 1660 1477 1720 ad
1525 1663 1963 1740 conquirendas
2010 1675 2212 1724 terras
2258 1663 2514 1745 aliquas,

175 1772 431 1842 „preter
473 1760 583 1837 jus
640 1759 798 1838 quod
861 1760 1079 1822 liabent
1132 1764 1196 1820 in
1254 1772 1428 1820 terra
1489 1761 1669 1823 Surie
1728 1766 1854 1823 sive
1911 1782 1989 1823 ea:
2043 1763 2202 1826 bello
2259 1770 2385 1827 sive
2442 1787 2519 1829 ex

175 1867 515 1943 „emptione
571 1881 678 1923 seu
718 1862 924 1942 aliquo
967 1861 1088 1923 alio
1133 1863 1328 1923 modo.
1419 1861 1491 1923 Si
1531 1881 1675 1924 vero
1722 1877 1780 1926 et
1822 1868 1886 1924 in
1934 1864 2024 1925 bis
2069 1884 2147 1925 ex
2185 1880 2366 1945 parte
2410 1869 2518 1929 do-

174 1968 373 2040 „miui
426 1961 824 2043 Imperatoris
881 1964 1254 2024 custodietur
1290 1961 1700 2024 Jamteusibus
1733 1963 1986 2039 justitia
2029 1984 2274 2041 eorum,
2335 1988 2520 2047 neque

175 2068 289 2139 „iu
334 2065 425 2125 leis
469 2065 679 2126 clebeut
720 2066 1010 2144 impedire
1053 2065 1359 2125 domiuum
1401 2062 1839 2142 Imperatorem
1879 2066 2089 2144 facere
2129 2070 2195 2128 in
2228 2067 2320 2128 his
2352 2073 2520 2149 quic-

174 2169 365 2247 „quid
409 2166 692 2227 voluerit.

346 2268 483 2343 „De
538 2268 975 2349 offensionibus
1033 2285 1178 2328 vero
1231 2285 1380 2347 quas
1432 2268 1707 2345 fortasse
1750 2267 2089 2330 Jauuenses
2143 2270 2400 2348 fecerint
2455 2274 2522 2333 in

175 2374 413 2446 „terris
472 2370 699 2430 domini
736 2368 1136 2448 Imperatoris
1184 2369 1390 2431 Grecis
1433 2367 1533 2429 vel
1573 2369 1712 2429 aliis
1758 2370 2031 2448 yeutibus
2075 2390 2186 2452 que
2228 2390 2355 2432 non
2398 2377 2523 2436 siut

175 2469 580 2547 „Januenses,
628 2471 838 2533 debent
866 2469 1147 2549 judicari
1186 2476 1250 2533 in
1295 2474 1470 2534 curia
1500 2471 1728 2533 domini
1753 2470 2175 2550 Imperatoris,
2221 2476 2377 2535 sicut
2417 2474 2521 2536 Ve-

179 2576 413 2649 „netici
449 2583 508 2634 et
553 2584 744 2635 cetere
789 2573 999 2636 Latine
1039 2585 1263 2652 yeutes.
1351 2571 1424 2633 Si
1463 2593 1607 2635 vero
1657 2578 1971 2651 coutr‘qeri't
2012 2572 2350 2636 Jauueuses
2403 2575 2523 2638 ali-

181 2694 375 2754 „quos
422 2675 748 2754 depredari
785 2674 1110 2755 aliquando
1155 2675 1254 2735 vel
1296 2674 1481 2735 aliter
1515 2673 1710 2735 ledere
1744 2673 2005 2754 aliquam
2039 2686 2269 2737 terram
2301 2678 2529 2740 domini

182 2776 634 2856 „Imperatoris
677 2775 776 2837 vel
820 2777 1088 2837 homiues
1136 2773 1285 2850 ejuS,
1333 2776 1582 2836 dabitur
1613 2794 1801 2852 super
1847 2774 1956 2835 leoe
1979 2776 2295 2837 noticiam⁷
2326 2778 2531 2840 Janue

181 2879 464 2953 „civitati
502 2878 575 2938 ab
622 2877 1000 2957 Imperatore
1043 2879 1169 2937 sive
1208 2894 1323 2954 per
1370 2876 1583 2936 literas
1628 2879 1754 2936 sive
1792 2894 1907 2953 per
1949 2881 2265 2949 nuncium,
2312 2890 2370 2940 et
2415 2880 2525 2941 tla-

184 2980 382 3054 „buut
439 2997 684 3057 operam
742 2984 871 3039 sine
929 2978 1064 3039 dolo
1125 2986 1181 3038 et
1234 2978 1459 3056 fraude
1513 2980 1788 3037 invenire
1833 2995 1931 3037 eos
1977 2987 2033 3036 et
2073 2979 2277 3055 facere
2322 2997 2398 3039 ex
2441 2983 2523 3041 eis

181 3079 531 3157 ,Justiciam
588 3090 643 3140 et
699 3081 1021 3140 vindictam
1076 3079 1155 3139 ad
1199 3078 1489 3139 honorem
1533 3078 1761 3138 domini
1800 3076 2199 3155 Imperatoris
2244 3092 2525 3156 spectau-

183 3192 366 3257 ‚‚tem.
413 3180 486 3242 Si
522 3182 691 3259 sorte
732 3184 840 3241 isti
877 3179 1303 3258 malefactores
1347 3182 1584 3240 inventi
1623 3197 1747 3240 non
1788 3178 2046 3257 suerint,
2093 3178 2372 3240 similiter
2414 3181 2527 3260 fiat

183 3282 496 3357 „vindicta
537 3286 604 3343 in
647 3281 819 3343 bonis
863 3300 1090 3343 eorum.

356 3382 576 3458 „Ham
621 3388 1072 3446 conventionem
1115 3392 1172 3443 et
1217 3400 1327 3463 que
1370 3384 1436 3441 in
1480 3399 1549 3441 ea
1595 3384 1827 3459 scripta
1855 3390 2001 3441 sunt
2033 3380 2298 3461 capitula
2327 3387 2529 3446 omnia

187 3486 447 3561 „debent
492 3484 859 3546 habitatores
917 3489 1108 3545 tocius
1160 3485 1420 3544 civitatis
1464 3482 1661 3544 Janue
1704 3500 1740 3543 a
1784 3481 2021 3559 majore
2062 3500 2249 3563 usque
2284 3479 2374 3546 hd
2412 3489 2528 3548 mi-

184 3606 443 3664 „uorem
491 3586 818 3649 observare
850 3587 1088 3647 dauvino
1120 3585 1492 3666 Imperatori
1514 3584 1778 3646 Romeon
1809 3583 2257 3665 Porfiroqeuito
2290 3587 2529 3649 domim

184 3687 593 3765 „Hemanueli
652 3688 940 3752 Comuino
996 3701 1052 3750 et
1110 3688 1380 3750 omnibus
1438 3686 1756 3747 heredibus
1802 3697 1856 3747 et
1900 3688 2351 3749 suecessoribus
2397 3685 2529 3762 ejus

186 3801 294 3867 „et
337 3789 655 3861 Romanie,
714 3789 897 3850 donec
952 3790 1212 3849 mundus
1270 3791 1528 3850 steterit.
1617 3786 1691 3847 Et
1743 3804 1946 3849 omnes
1987 3788 2199 3865 futuri
2243 3787 2530 3849 Consules

184 3890 436 3968 „Jartue
477 3890 662 3954 aliter
701 3891 849 3971 fieri
887 3907 1013 3951 non
1056 3888 1262 3950 debent
1308 3886 1603 3957 consules,
1648 3889 1771 3947 nisi
1805 3890 1989 3964 prius
2008 3887 2371 3963 juraverint
2401 3906 2533 3949 cum

185 3992 493 4071 „consilio
539 4003 595 4054 et
641 4009 935 4053 consensu
978 3988 1419 4069 archiepiscopi
1458 4002 1518 4050 et
1560 3986 1852 4049 nobilium
1895 3996 1951 4047 et
1983 3992 2533 4055 communistocius

184 4094 438 4172 ‚daune
479 4104 923 4156 sacramentum
964 4092 1196 4171 sactum
1237 4094 1305 4151 in
1347 4089 1459 4150 hac
1504 4090 1916 4161 conventione,
1982 4099 2278 4168 quatenus
2325 4092 2523 4153 obser-

184 4206 419 4274 „vetur
461 4200 584 4258 ista
630 4197 943 4258 conventio
978 4203 1119 4255 rata
1148 4202 1205 4253 et
1234 4195 1616 4253 inconcussa.
1676 4189 1875 4270 Neque
1900 4209 2164 4272 unquam
2195 4190 2535 4256 Jauuenses

331 4412 354 4439 ⁸
388 4413 576 4464 Malim:
617 4430 686 4465 ea.
820 4411 839 4439 ⁷
874 4414 1029 4475 Lege:
1070 4416 1256 4464 noticia.
