2900 4950
285 0 393 70 ὅτι
432 0 520 88 μὴ
565 0 681 66 τὸν
724 0 890 63 θεὸν
936 1 1169 82 σφίσιν
1213 0 1442 71 αὐτοῖς
1482 0 1647 79 μήτε
1688 0 2068 79 καταφυγὴν
2098 0 2209 57 καὶ
2236 1 2645 77 κραταὶωμα

280 97 425 191 μήτ’
474 91 679 177 αὖθις
719 94 975 184 βοηθόν
1020 98 1310 182 (φησιν)’
1353 95 1608 173 ἔθεντο,
1655 89 1825 160 ἀλλά
1866 117 1975 159 τοι
2016 94 2286 179 πλῆθος
2329 93 2643 159 πλούτου

281 206 399 290 τῆς
453 202 841 279 πλεονεξίας
893 199 1466 283 κατακτησαμένης
1524 195 1795 276 ψευδεῖς
1851 193 2041 277 ἔσχον
2091 193 2204 261 ἐπὶ
2246 194 2462 280 τούτῳ
2511 193 2642 273 τὰς

284 304 581 382 ἐλπίδας.
669 302 780 366 καὶ
821 300 976 383 γοῦν
1023 295 1403 379 ἰσχύσαντες
1445 297 1524 382 τῇ
1570 294 1820 362 ἑαυτῶν
1861 293 2258 380 ματαιότητι
2300 297 2641 379 λαμπρῶς

286 405 551 485 (εἰπεῖν)
595 397 1059 494 ἠπατήθησαν,
1108 392 1199 475 ὡς
1239 400 1477 464 τοῦτον
1520 395 1599 482 δὴ
1643 395 1759 461 τὸν
1800 395 2054 481 τρόπον
2096 397 2312 474 καλῶς
2354 396 2640 463 ἐνδυνα-

283 510 642 592 μωθέντες.
732 501 847 569 ἐπὶ
899 499 1161 577 τούτοις
1217 497 1330 581 ἐμὲ
1372 508 1518 576 τοῖς
1561 497 1906 581 λογισμοῖς
1947 497 2044 564 ἔτι
2090 497 2211 564 σὺν
2254 501 2457 581 πατρὶ
2505 505 2641 581 βα·-

288 605 635 673 σιλεύοντα
688 603 878 691 ζῆλος
931 596 1062 684 εἶχε
1114 604 1247 666 τῶν
1301 600 1592 666 δικαίων.
1681 598 1962 685 ἐξεφάνη
2023 600 2095 666 δὲ
2138 600 2343 665 πλέον
2385 598 2471 665 τὰ
2516 603 2640 685 τῆς

285 705 563 793 γνώμης,
608 707 726 771 τοῦ
769 702 1048 789 κράτους
1092 697 1249 767 ὅλου
1292 695 1428 784 μετ’
1479 699 1724 766 ἐκεῖνον
1771 694 1873 766 ἐπ’
1924 698 2069 783 ἐμοὶ
2100 704 2416 785 καθαρῶς
2440 724 2638 785 γεγο-

289 808 496 885 νότος.
584 809 691 871 καὶ
751 803 872 888 γὰρ
932 802 1131 887 ἔγωγε
1187 801 1391 886 νόμου
1458 799 1711 879 παντὸς
1772 796 2240 886 ὖπερκείμενος
2301 804 2410 867 καὶ
2474 797 2637 885 βίας

289 904 586 992 ἀπάσης,
647 904 871 971 πάντα
914 897 979 968 δ’
1030 901 1174 982 ἐξὸν
1219 901 1369 986 ἐμοὶ
1411 902 1730 986 πράττειν
1773 897 1901 968 ὅσα
1946 900 2024 989 δὴ
2067 905 2174 969 καὶ
2217 903 2523 987 βασιλεῖς
2566 902 2636 968 οἳ

287 1011 383 1093 τῷ
426 1008 653 1092 μακρῷ
698 1002 834 1090 πρὸ
875 999 1061 1091 ἡμῶν
1103 1003 1315 1089 χρόνῳ
1357 1000 1562 1087 νόμον
1607 1003 1721 1070 ἕνα
1761 1002 1966 1087 μόνον
2008 1005 2114 1069 καὶ
2160 1001 2415 1082 παντὸς
2450 1003 2635 1085 ἰσχυ-

289 1107 559 1194 ρότερον
603 1100 801 1193 αὐτὴν
843 1104 961 1192 τὴν
1003 1104 1317 1191 βούλησιν
1364 1106 1649 1188 ἔχοντες,
1696 1104 2019 1189 παρεῖδον
2063 1100 2261 1181 αὐτὸς
2302 1103 2422 1191 τὴν
2463 1103 2639 1171 κατὰ

287 1211 484 1276 τοῦτο
531 1209 935 1285 δυναστείαν,
980 1209 1088 1272 καὶ
1132 1203 1374 1292 ταύτην
1418 1207 1679 1272 δικαίαν
1723 1205 1795 1284 ἐξ
1837 1201 1944 1271 ὅτι
1986 1206 2302 1289 πλείστης
2329 1208 2449 1292 τῆς
2476 1228 2638 1271 συν-

290 1316 545 1397 ηθείας,
593 1310 923 1375 πλείστων
967 1308 1075 1373 καὶ
1117 1309 1251 1372 τῶν
1293 1302 1800 1392 ὑποδειγμάτων
1842 1312 2435 1393 καταφαινομένην.
2523 1308 2637 1373 καὶ

292 1409 370 1495 δὴ
415 1408 698 1492 πρώτως
743 1408 1000 1491 ἐμαυτῷ
1047 1407 1497 1494 δικαιοσύνην·
1542 1409 1893 1490 νομοθετῶ
1925 1408 2011 1477 δὲ
2054 1408 2240 1473 δυοῖν
2275 1408 2507 1485 ἕνεκεν,
2555 1406 2637 1473 τὸ

289 1512 429 1596 μὲν,
475 1504 558 1577 ἵν’
606 1504 804 1586 αὐτὸς
844 1507 928 1572 τὰ
968 1507 1220 1594 μεγάλα
1261 1509 1613 1595 κερδαίνω·
1656 1545 1744 1556 -
1784 1512 1934 1573 τίνα
1978 1507 2054 1595 δὴ
2099 1511 2342 1590 ταῦτα,·
2386 1509 2639 1575 δαυὶδ

291 1610 574 1678 ἄκουσον
642 1610 879 1695 σαφῶς
941 1606 1309 1690 λέγοντος’·
1372 1662 1414 1690 ,,
1434 1610 1688 1688 δίκαιος
1749 1608 1973 1692 κύριος
2033 1614 2141 1676 καὶ
2209 1609 2651 1689 δικαιοσύνας-

290 1711 592 1799 ἠγάπησε
609 1716 667 1790 “,
726 1712 836 1776 καὶ
889 1702 1064 1787 ,,οὖκ
1121 1704 1296 1776 εἶδόν
1354 1723 1571 1798 (φησι)
1628 1712 1882 1777 δίκαιον
1927 1711 2637 1795 ἐγκαταλελειμμένον“

291 1811 399 1881 καὶ
444 1813 745 1892 ,,δίκαιος
789 1805 878 1888 ῶς
909 1809 1136 1895 φοίνιξ
1162 1803 1489 1895 &majo-ew
1516 1815 1623 1878 καὶ
1655 1815 1848 1899 ,,φῶς
1876 1805 2166 1879 ἀνέτειλε
2192 1815 2286 1898 τῷ
2319 1814 2636 1899 δικαίῳ“·

291 1912 405 1979 καὶ
446 1909 668 1977 πολλὰ
710 1912 881 1995 λέγει
925 1908 1314 1995 φιλοπόνως
1354 1911 1557 1978 οἱονεὶ
1601 1923 1747 1992 τοῖς
1789 1910 2046 2000 ᾄσμασι
2074 1913 2640 1999 προσκαθήμενος

292 2015 405 2079 καὶ
458 2011 737 2097 ψάλλων
793 2009 887 2089 εἰς
942 2008 1377 2095 δικαιοσύνην.
1468 2012 1525 2076 εἰ
1570 2013 1642 2079 δὲ
1686 2009 1878 2080 ταῦθ’
1930 2010 2140 2092 οὕτως
2183 2013 2309 2097 ἔχει
2357 2016 2517 2097 (ἔχει
2562 2017 2637 2083 δὲ

293 2112 564 2192 πάντως
605 2107 858 2189 οὕτως),
905 2110 1083 2177 ἔστιν
1127 2109 1289 2177 ἄλλο
1332 2112 1396 2176 τὶ
1440 2113 1574 2176 τῶν
1619 2108 2015 2202 ἁπάντωνῆ
2053 2117 2308 2199 μᾶλλον
2353 2112 2523 2183 αὐτὰ
2555 2118 2634 2204 δὴ

292 2214 378 2282 τὰ
429 2213 653 2281 πάντα
708 2211 1058 2295 συλλαβεῖν
1117 2211 1212 2290 εἰς
1267 2213 1336 2278 ἓν
1391 2213 1500 2277 καὶ
1554 2214 1672 2297 τῆς
1727 2210 1986 2303 ἀγάπης
2027 2221 2145 2283 τοῦ
2188 2220 2359 2284 θεοῦ
2402 2220 2636 2301 κέρδος

293 2313 776 2400 προτιμότερον
830 2319 1096 2392 θεῖναις
1155 2315 1265 2378 καὶ
1318 2311 1447 2398 μὴν
1506 2306 1722 2389 οὐδεὶς
1775 2309 1964 2397 οἶμαι
2014 2321 2147 2386 τῶν
2204 2315 2522 2386 ἁπάντων
2568 2319 2638 2398 ἐς

293 2421 612 2485 τοσοῦτον
656 2409 786 2482 οὔτ’
837 2409 1165 2490 ἀπονοίας
1208 2409 1361 2480 οὔτε
1403 2413 1563 2498 περὶ
1604 2412 1769 2481 θεὸν
1815 2408 2277 2506 ἀγνωμοσύνης
2319 2415 2631 2488 οὐδέποτ’

296 2518 485 2587 ἔσται
523 2521 736 2595 κακῶς
779 2512 1168 2601 ἀφιγμένος,
1228 2509 1400 2582 ὥστε
1440 2514 1693 2582 τούτων
1738 2514 1817 2603 δή
1862 2515 2034 2602 πρὸς
2077 2521 2332 2604 αἵρεσιν
2375 2517 2636 2609 ἀμφοῖν

294 2626 639 2704 κειμένων,
700 2612 959 2702 ἀγάπης
1016 2614 1322 2702 δηλονότι
1374 2620 1544 2683 θεοῦ
1598 2619 1707 2682 καὶ
1764 2616 1986 2704 πάσης
2030 2619 2218 2704 εἴπερ
2265 2618 2408 2689 οἶόν
2448 2619 2502 2688 τ’
2549 2614 2633 2711 ἦν

293 2725 411 2809 τῆς
449 2728 723 2797 κτίσεως
765 2717 834 2784 ἐν
877 2716 1142 2804 ἐξουσίᾳ
1183 2722 1519 2801 γενέσθαι,
1568 2717 1811 2805 διπλῆν
1854 2718 2002 2809 ἔσχε
2043 2719 2321 2808 γνώμην,
2367 2728 2471 2790 καὶ
2512 2722 2637 2792 οὐκ

298 2816 500 2898 εὐθὺς
542 2819 659 2886 ἐπὶ
700 2811 866 2884 θεόν
911 2817 1185 2901 ἔδραμεν
1230 2814 1653 2905 ἀγαπητικῶς
1696 2819 2233 2904 προκαλούμενον
2276 2827 2384 2889 καὶ
2419 2849 2637 2908 προσ-

299 2920 487 2989 ιόντα
543 2918 620 3007 δὴ
677 2921 911 2985 τοῦτον
959 2918 1360 3005 βουλόμενον
1406 2920 1890 2987 εἰσποιεῖσθαι.
1981 2918 2140 2990 ὅσον
2186 2925 2256 2990 δὲ
2300 2928 2405 2991 καὶ
2452 2922 2630 2991 τοῦτ’

297 3012 503 3101 αὖθις
556 3022 761 3087 παντὶ
816 3020 937 3104 μὲν
995 3015 1372 3108 ἀνθρώπῳ,
1428 3022 1695 3107 βασιλεῖ
1751 3016 1818 3088 δ’
1881 3021 1995 3090 ἐπὶ
2051 3025 2304 3108 μᾶλλον
2354 3025 2441 3110 μὴ
2487 3020 2637 3093 ἀπὸ

295 3127 463 3192 θεοῦ
540 3121 1167 3210 ἐγκαταλελεῖφθαι,
1249 3116 1508 3190 ἐκεῖθεν
1574 3116 1641 3189 δ’
1708 3118 1809 3209 ἐφ’
1881 3119 2135 3191 ἅπασιν
2202 3125 2637 3214 ἐξηρτημένον

298 3221 618 3314 ἀσφαλῶς
662 3224 907 3292 εἰδέναι
948 3222 1418 3307 συναιρόμενον
1463 3222 1628 3291 θεὸν
1672 3224 1872 3306 ἔχειν]
1920 3225 1979 3293 εἰ
2023 3226 2096 3293 δὲ
2137 3229 2245 3294 καὶ
2283 3224 2486 3296 ἀνθεῖ
2510 3230 2641 3311 μό-

298 3351 411 3406 νος
463 3329 716 3406 δίκαιος
765 3329 898 3394 τῶν
954 3322 1173 3393 ἄλλων
1229 3326 1501 3411 πάντων
1543 3318 2212 3412 ἀπομαραινομένων,
2276 3328 2443 3411 ἔχεις
2488 3325 2527 3395 ὅ
2570 3357 2641 3398 τι

435 3563 454 3589 ²
503 3564 670 3614 Psahn.
708 3566 921 3625 xxx,3‚
972 3564 1128 3628 Lm.
1335 3563 1354 3591 ⁸
1401 3564 1570 3615 Psalm.
1609 3567 1670 3627 X,
1708 3568 1739 3617 8
1789 3576 1837 3616 et
1882 3568 2173 3629 xxxvl‚25
2223 3576 2273 3616 ut
2323 3567 2451 3630 Xffl,
2483 3569 2544 3618 12
2593 3562 2670 3620 α’

299 3648 451 3708 KGH,
493 3650 569 3696 ΙΙ.
