2900 4950
1021 257 1140 321 Imp.
1178 257 1409 308 Banuelis
1445 257 1678 307 Com-eni
2396 245 2522 308 475

184 406 544 491 ἰακώβου
586 405 920 489 τελοῦμεν.
1004 400 1049 492 ἦ
1088 403 1209 486 κς’,
1267 401 1372 473 ὅτι
1412 405 1536 472 τὸν
1578 409 1781 491 μέγαν
1827 403 2127 491 μάρτυρα
2167 408 2276 473 καὶ
2319 430 2521 493 μυρο-

180 507 484 595 βλύτην’“
528 505 980 595 δημήτρισν
1010 503 1435 591 ἑορτάζομεν.

350 604 435 674 Ἡ
472 607 533 675 α’
568 611 685 675 τοῦ
730 614 1208 693 νοεμβρίσυ,
1257 607 1372 674 διὰ
1399 607 1480 673 τὸ
1499 606 1656 686 τοὺς
1675 607 2225 693 θαυματουργοὺς
2247 603 2527 694 ἇναργύ-

183 714 400 795 ρους’“”
442 713 755 794 κοσμᾶν
799 709 907 776 καὶ
954 709 1365 793 δαμιανὸν
1402 709 1857 794 ἑορτάζεσθαι.
1947 705 1987 797 ἡ
2035 710 2116 791 η’,
2161 709 2274 776 διὰ
2301 711 2381 776 τὸ
2409 711 2525 797 τὴν

184 809 455 891 σύναξιν
484 815 617 878 τῶν
650 807 875 895 άσωμ
895 810 1108 880 άτων
1148 813 1520 878 τελεῖσθαι.
1581 815 1688 878 καὶ
1718 808 1758 898 ἡ
1789 811 1905 894 κη’,
1955 811 2068 877 διὰ
2090 811 2170 877 τὸ
2196 812 2313 880 τὸν
2342 809 2527 880 ὃσισ-
2583 841 2588 846 ·

184 913 489 1000 μάρτυρα
532 919 946 999 στέφανον
988 911 1105 980 τὸν
1148 918 1296 980 νέον
1339 914 1930 999 παντγγυρίζεσθαι.

349 1010 436 1082 Ἡ
461 1014 527 1082 δ’
574 1018 691 1080 τοῦ
725 1011 1247 1100 δεκεμβρίου,
1292 1015 1543 1102 διὰτὴν
1571 1013 2534 1108 καλλιμάρτυραβαρβάραν.

180 1118 293 1184 καὶ
346 1113 388 1202 ἡ
448 1141 537 1197 ς,
608 1115 720 1183 διὰ
772 1115 889 1182 τὸν
955 1115 1025 1184 ἐν
1077 1116 1389 1200 θαύμασι
1449 1117 1871 1204 περιώνυμον
1939 1119 2051 1183 καὶ
2113 1116 2526 1205 μυροβλύτην

186 1217 597 1286 νικόλαον.

351 1315 436 1386 Ἠ
462 1318 502 1386 ι’
527 1322 645 1385 τοῦ
671 1319 1194 1404 ἶανουαρίου,
1241 1317 2032 1405 διὰτὸννύσσηςθεῒον
2062 1319 2523 1407 γρηγόριον.

180 1416 225 1508 ἡ
275 1421 378 1502 ις’,
425 1419 539 1487 διὰ
579 1419 696 1507 τὴν
734 1418 1179 1508 προσκύνησιν
1220 1424 1339 1504 τῆς
1378 1427 1608 1504 τιμίας
1644 1423 1762 1486 τοῦ
1792 1426 2159 1508 κορυφαίου
2187 1425 2322 1489 τῶν
2353 1417 2529 1488 ἄπο-

186 1521 444 1590 στόλων
487 1527 793 1606 πέτρου
837 1517 1148 1601 ἁλύσεως.
1236 1518 1277 1607 ἡ
1322 1521 1444 1601 ιθ’,
1502 1520 1615 1589 διὰ
1655 1521 1772 1609 τὴν
1818 1517 2219 1610 ἀνακομιδὴν
2262 1527 2381 1589 τοῦ
2421 1549 2528 1590 τι-

183 1631 345 1710 μίου
369 1627 592 1708 νεκροῦ
622 1626 741 1690 τοῦ
771 1622 1185 1708 θεολόγον
1214 1619 1675 1710 γρηγορίου.
1733 1627 1839 1690 καὶ
1870 1620 1910 1710 ἡ
1940 1623 2057 1703 κζ,
2082 1623 2196 1691 διά
2217 1624 2336 1712 τὴν
2365 1619 2528 1691 ἀνα*

184 1724 460 1813 κομιδὴν
503 1728 621 1792 τοῦ
666 1731 1031 1810 σεβασμίου
1076 1725 1400 1808 λειψάνου
1443 1729 1564 1790 τοῦ
1603 1713 2198 1809 χρυσοστόμου.

351 1823 431 1891 ‘H
454 1826 505 1907 ζ’
528 1830 647 1894 τοῦ
672 1851 724 1913 φ
742 1852 774 1893 ε
784 1834 879 1911 βρ
895 1850 1092 1911 ουαρ
1110 1834 1238 1893 ίου
1254 1878 1270 1906 ,
1320 1826 1437 1893 διὰ
1456 1826 1571 1893 τὸν
1592 1827 2139 1912 μεγαλομάρτυρα
2162 1827 2528 1912 στρατηλά-

186 1954 305 2015 την
348 1926 797 2014 θεόδωρον.
884 1923 924 2014 ἦ
973 1928 1077 2008 ιζ’,
1133 1927 1246 1995 διὰ
1298 1927 1417 1994 τὸν
1471 1923 1865 2015 ἆθλοφόρον
1921 1927 2356 2012 θεόδωρον
2411 1927 2526 1993 τὸν

186 2029 530 2115 τήρωνα.

351 2125 434 2196 Ἡ
457 2129 528 2196 θ’
575 2133 694 2196 τοῦ
738 2137 1133 2215 μαρτίου,
1180 2125 1270 2208 ὥς
1312 2132 1429 2218 τῆς
1457 2128 1711 2216 μνήμης
1739 2131 2134 2215 τελουμένης
2157 2131 2291 2196 τῶν
2322 2124 2525 2214 ἁγίων

186 2231 536 2317 μαρτύρων
580 2237 698 2300 τοῦ
740 2235 1078 2317 χριστοῦ
1121 2230 1211 2316 μ’.

351 2330 542 2419 Ἡκγ’
567 2337 685 2400 τοῦ
731 2329 1213 2420 ἂπριλλίου,
1262 2328 1353 2411 ὥς
1380 2335 1500 2401 τοῦ
1529 2332 2527 2418 μεγαλομάρτυροςγεωργίου

184 2440 578 2521 τιμωμένου.

351 2533 437 2601 ‘H
474 2536 533 2622 β’
579 2538 698 2603 τοῦ
740 2538 1025 2619 μαΐου,
1075 2536 1188 2603 διὰ
1229 2535 1346 2602 τὸν
1387 2542 1592 2622 μέγαν
1637 2531 2128 2603 ἅθανάσιον.

353 2634 436 2703 ‘H
461 2637 520 2725 η’
550 2641 670 2704 τοῦ
703 2638 1055 2717 ἰουνίου,
1105 2637 1218 2707 διὰ
1246 2637 1361 2707 τὸν
1388 2636 2382 2724 μεγαλομάρτυραθεόδωρον
2410 2634 2528 2704 τὸν
2615 2652 2626 2663 “

188 2739 656 2826 στρατηλάτην.
744 2734 785 2825 ἦ
844 2738 936 2817 θ’,
998 2737 1111 2805 διὰ
1163 2738 1279 2804 τὸν
1334 2734 1523 2805 ὅσιον
1580 2744 1838 2821 πατέρα
1891 2735 2076 2824 ἡμῶν
2138 2738 2277 2823 κύρ
2298 2738 2528 2805 ιλλον

188 2836 805 2926 ἆλεξανδρείας.
893 2841 1001 2906 καὶ
1045 2835 1085 2927 ἦ
1129 2838 1243 2919 κζ’,
1304 2838 1417 2905 διὰ
1459 2837 1576 2905 τὸν
1624 2835 1812 2905 ὅσιον
1853 2843 1960 2905 καὶ
2015 2840 2526 2926 θαυματουργὸν

188 2941 555 3025 σαμψών.

354 3039 441 3108 ‘H
478 3042 538 3109 α’
569 3045 690 3109 τοῦ
736 3042 1088 3121 lovi-lov,
1138 3037 1242 3107 ὅτι
1269 3040 1335 3107 ἐν
1361 3035 1525 3130 αὖτῇ
1554 3042 1687 3107 τῶν
1719 3036 1922 3127 ἁγίων
1949 3042 2061 3106 καὶ
2098 3046 2529 3128 θαυματουρ-

185 3148 321 3232 γῶν
364 3138 891 3231 ἆναργύρων““
929 3142 1047 3229 τὴν
1089 3143 1345 3229 μνήμην
1389 3142 1719 3224 τελοῦμεν.
1808 3136 1848 3228 ἦ
1893 3140 1977 3227 β’,
2025 3137 2133 3208 ὅτι
2172 3144 2290 3228 τῆς
2331 3167 2531 3207 κατα-

184 3252 449 3326 θέσεως
487 3250 604 3334 τῆς
644 3251 870 3329 τιμίας
925 3243 1214 3331 ἐσθῆτος
1266 3246 1382 3331 τῆς
1429 3241 1845 3330 θεομήτσρος
1892 3240 2399 3327 μνημονεύομεν.
2487 3238 2529 3329 ἦ

186 3346 269 3435 η’,
330 3343 435 3415 ὅτι
490 3346 606 3413 τὸν
669 3344 1217 3431 μεγαλομάρτυρα
1278 3342 1753 3428 προκόπιον
1820 3341 2230 3428 ἑορτάζομεν.
2317 3340 2356 3433 ἡ
2417 3342 2527 3425 ια’,

188 3445 298 3516 ὅτι
346 3449 465 3537 τὴν
520 3448 1019 3533 καλλιμάρτυρα
1066 3442 1484 3533 εὖφημὲαν
1546 3446 2086 3534 πανηγυρίζομεν.
2175 3441 2213 3534 ἦ
2278 3444 2354 3526 κ’,
2424 3441 2534 3514 ὅτι

184 3549 305 3617 τὸν
346 3548 697 3637 προφήτην
739 3544 980 3636 ἢλίαν
1020 3550 1334 3633 τιμῶμεν.
1422 3574 1465 3634 η
1443 3543 1662 3628 ‘Q
1711 3544 1817 3615 ὅτι
1844 3546 1962 3617 τὸν
1991 3542 2385 3639 άθλοφόρον
2420 3549 2533 3617 καὶ

184 3649 698 3736 θαυματουργὸν
742 3649 1377 3737 παντελεήμονα
1422 3650 1831 3736 ἑορτάζομεν.

359 3756 496 3819 Καὶ
535 3748 575 3842 ἦ
622 3750 721 3819 λα’
753 3756 871 3819 τοῦ
917 3746 1008 3819 αὖ
1025 3752 1326 3838 γούστο
1344 3778 1410 3831 υ,
1461 3751 1574 3818 διὰ
1616 3751 1734 3839 τὴν
1763 3755 1880 3838 τῆς
1910 3759 2135 3836 τιμίας
2183 3748 2388 3841 ζώνης
2415 3752 2531 3834 τῆς

187 3850 511 3940 ἇχράντου
553 3853 879 3921 θεοτόκου
920 3853 1307 3922 κατάθεσιν.

355 3946 586 4023 Αὗται
630 3956 708 4045 δὴ
754 3956 825 4023 αἱ
869 3958 1021 4033 πῶς
1057 3956 1179 4039 μὲν
1224 3952 1575 4040 ἄπρακτοι,
1621 3956 1771 4032 πῶς
1815 3955 1888 4020 δὲ
1933 3954 2317 4037 ἔμπρακτοι.
2408 3948 2528 4039 τὰς

324 4210 362 4240 '⁶
396 4213 520 4263 Bals.
554 4206 1018 4279 μεγαλομᾶρτυρα
1049 4205 1143 4260 καὶ
1174 4201 1536 4276 μυρόβλητον.
1647 4207 1682 4234 ¹⁷
1716 4211 1839 4261 Buls-
1875 4204 1968 4258 καὶ
2002 4202 2199 4274 «impr.
2309 4208 2347 4235 Μ
2383 4212 2530 4265 Labb,

184 4296 301 4347 τῶν
336 4289 533 4363 ἀναργ.
731 4297 769 4325 ¹⁹
806 4301 934 4351 Haec
969 4297 1107 4349 verba
1143 4286 1233 4347 ὅτι
1267 4290 1364 4344 τὸν
1396 4284 1697 4360 προφήτην
1730 4320 1792 4333 -
1825 4288 1890 4343 Ἡ
1920 4291 2011 4354 κζ’
2047 4310 2100 4346 ex
2138 4295 2265 4347 ΒιΙε.
2302 4296 2532 4360 supplevi,

182 4396 335 4446 quum
372 4382 501 4445 apud
537 4384 682 4434 Labb.
720 4385 963 4435 defluent.
