<?xml version="1.0" encoding="UTF-8"?>
<!DOCTYPE html PUBLIC "-//W3C//DTD XHTML 1.0 Transitional//EN"
    "http://www.w3.org/TR/xhtml1/DTD/xhtml1-transitional.dtd">
<html xmlns="http://www.w3.org/1999/xhtml" xml:lang="en" lang="en">
 <head>
  <title>
</title>
<meta http-equiv="Content-Type" content="text/html;charset=utf-8" />
  <meta name='ocr-system' content='tesseract 3.04.00' />
  <meta name='ocr-capabilities' content='ocr_page ocr_carea ocr_par ocr_line ocrx_word'/>
</head>
<body>
  <div class='ocr_page' id='page_1' title='image "./jusgraecoromanu00linggoog_0479.png"; bbox 0 0 2900 4950; ppageno 0'>
   <div class='ocr_carea' id='block_1_1' title="bbox 1119 249 2547 326">
    <p class='ocr_par' dir='ltr' id='par_1_1' title="bbox 1119 249 2547 326">
     <span class='ocr_line' id='line_1_1' title="bbox 1119 249 2547 326; baseline -0.001 -14"><span class='ocrx_word' id='word_1_1' title='bbox 1119 260 1239 326; x_wconf 77' lang='lat' dir='ltr'><strong>Imp.</strong></span> <span class='ocrx_word' id='word_1_2' title='bbox 1275 260 1422 312; x_wconf 67' lang='lat' dir='ltr'>Alexii</span> <span class='ocrx_word' id='word_1_3' title='bbox 1461 261 1708 313; x_wconf 80' lang='lat' dir='ltr'>Comneni.</span> <span class='ocrx_word' id='word_1_4' title='bbox 2423 249 2547 312; x_wconf 76' lang='lat'><strong><em>425</em></strong></span> 
     </span>
    </p>
   </div>
   <div class='ocr_carea' id='block_1_2' title="bbox 203 404 2552 1504">
    <p class='ocr_par' dir='ltr' id='par_1_2' title="bbox 205 404 2548 593">
     <span class='ocr_line' id='line_1_2' title="bbox 210 404 2548 498; baseline 0.002 -21"><span class='ocrx_word' id='word_1_5' title='bbox 210 404 637 487; x_wconf 75' lang='grc' dir='ltr'><strong><em>εξάλλακτον’</em></strong></span> <span class='ocrx_word' id='word_1_6' title='bbox 689 407 816 487; x_wconf 73' lang='grc' dir='ltr'><strong><em>ἕως</em></strong></span> <span class='ocrx_word' id='word_1_7' title='bbox 867 409 990 476; x_wconf 78' lang='grc' dir='ltr'><strong><em>τοῦ</em></strong></span> <span class='ocrx_word' id='word_1_8' title='bbox 1029 410 1144 477; x_wconf 75' lang='grc' dir='ltr'><strong><em>νῦν</em></strong></span> <span class='ocrx_word' id='word_1_9' title='bbox 1184 407 1628 494; x_wconf 80' lang='grc' dir='ltr'><strong><em>μεταβάσεσιν</em></strong></span> <span class='ocrx_word' id='word_1_10' title='bbox 1672 408 2244 496; x_wconf 70' lang='grc' dir='ltr'><strong><em>ἐπικυρωθεῖσαν8</em></strong></span> <span class='ocrx_word' id='word_1_11' title='bbox 2286 415 2392 478; x_wconf 75' lang='grc' dir='ltr'><strong><em>καὶ</em></strong></span> <span class='ocrx_word' id='word_1_12' title='bbox 2437 418 2548 498; x_wconf 82' lang='grc' dir='ltr'><strong><em>βε·-</em></strong></span> 
     </span>
     <span class='ocr_line' id='line_1_3' title="bbox 205 507 902 593; baseline -0.001 -17"><span class='ocrx_word' id='word_1_13' title='bbox 205 507 626 593; x_wconf 81' lang='grc' dir='ltr'><strong><em>βαιωθεῖσαν</em></strong></span> <span class='ocrx_word' id='word_1_14' title='bbox 666 508 902 587; x_wconf 80' lang='grc' dir='ltr'><strong><em>καλῶς.</em></strong></span> 
     </span>
    </p>

    <p class='ocr_par' dir='ltr' id='par_1_3' title="bbox 203 603 2552 1504">
     <span class='ocr_line' id='line_1_4' title="bbox 378 603 2550 698; baseline 0 -22"><span class='ocrx_word' id='word_1_15' title='bbox 378 607 459 676; x_wconf 85' lang='grc' dir='ltr'><strong><em>α’.</em></strong></span> <span class='ocrx_word' id='word_1_16' title='bbox 542 603 720 678; x_wconf 80' lang='grc' dir='ltr'><strong><em>Ἐπεὶ</em></strong></span> <span class='ocrx_word' id='word_1_17' title='bbox 767 611 838 677; x_wconf 78' lang='grc' dir='ltr'><strong><em>δὲ</em></strong></span> <span class='ocrx_word' id='word_1_18' title='bbox 881 613 996 678; x_wconf 83' lang='grc' dir='ltr'><strong><em>νῦν</em></strong></span> <span class='ocrx_word' id='word_1_19' title='bbox 1037 606 1077 697; x_wconf 84' lang='grc' dir='ltr'>ἡ</span> <span class='ocrx_word' id='word_1_20' title='bbox 1119 611 1428 694; x_wconf 81' lang='grc' dir='ltr'><strong><em>βασιλεία</em></strong></span> <span class='ocrx_word' id='word_1_21' title='bbox 1470 634 1600 693; x_wconf 93' lang='grc' dir='ltr'><strong><em>μου</em></strong></span> <span class='ocrx_word' id='word_1_22' title='bbox 1643 609 1880 695; x_wconf 98' lang='grc' dir='ltr'><strong><em>μάθοι,</em></strong></span> <span class='ocrx_word' id='word_1_23' title='bbox 1928 608 2020 690; x_wconf 76' lang='grc' dir='ltr'><strong><em>ὥς</em></strong></span> <span class='ocrx_word' id='word_1_24' title='bbox 2059 637 2235 690; x_wconf 86' lang='grc' dir='ltr'><strong><em>τινες</em></strong></span> <span class='ocrx_word' id='word_1_25' title='bbox 2267 613 2401 677; x_wconf 82' lang='grc' dir='ltr'><strong><em>τῶν</em></strong></span> <span class='ocrx_word' id='word_1_26' title='bbox 2432 606 2550 698; x_wconf 83' lang='grc' dir='ltr'><strong><em>ἆρ-</em></strong></span> 
     </span>
     <span class='ocr_line' id='line_1_5' title="bbox 203 705 2550 800; baseline 0.001 -24"><span class='ocrx_word' id='word_1_27' title='bbox 203 715 475 796; x_wconf 77' lang='grc' dir='ltr'><strong><em>χιερέων</em></strong></span> <span class='ocrx_word' id='word_1_28' title='bbox 539 705 1238 800; x_wconf 68' lang='grc' dir='ltr'><strong><em>ἇπιφιλοτᾳιούμενοι</em></strong></span> <span class='ocrx_word' id='word_1_29' title='bbox 1301 715 1670 797; x_wconf 81' lang='grc' dir='ltr'><strong><em>πειρῶνται</em></strong></span> <span class='ocrx_word' id='word_1_30' title='bbox 1730 711 1810 778; x_wconf 87' lang='grc' dir='ltr'><strong><em>τὸ</em></strong></span> <span class='ocrx_word' id='word_1_31' title='bbox 1874 715 1992 780; x_wconf 83' lang='grc' dir='ltr'><strong><em>τοῦ</em></strong></span> <span class='ocrx_word' id='word_1_32' title='bbox 2051 712 2550 799; x_wconf 85' lang='grc' dir='ltr'><strong><em>χαρτοφύλακος</em></strong></span> 
     </span>
     <span class='ocr_line' id='line_1_6' title="bbox 211 805 2552 902; baseline 0.001 -26"><span class='ocrx_word' id='word_1_33' title='bbox 211 805 629 896; x_wconf 81' lang='grc' dir='ltr'><strong><em>ὖποβιβάσαι</em></strong></span> <span class='ocrx_word' id='word_1_34' title='bbox 671 812 1059 898; x_wconf 74' lang='grc' dir='ltr'><strong><em>προνόμιον,</em></strong></span> <span class='ocrx_word' id='word_1_35' title='bbox 1105 815 1210 880; x_wconf 84' lang='grc' dir='ltr'><strong><em>καὶ</em></strong></span> <span class='ocrx_word' id='word_1_36' title='bbox 1257 812 1535 891; x_wconf 76' lang='grc' dir='ltr'><strong><em>κανόνας</em></strong></span> <span class='ocrx_word' id='word_1_37' title='bbox 1579 812 1671 892; x_wconf 75' lang='grc' dir='ltr'><strong><em>εἷς</em></strong></span> <span class='ocrx_word' id='word_1_38' title='bbox 1711 818 1915 897; x_wconf 83' lang='grc' dir='ltr'><strong><em>μέσον</em></strong></span> <span class='ocrx_word' id='word_1_39' title='bbox 1959 820 2408 902; x_wconf 78' lang='grc' dir='ltr'><strong><em>προφέροντες</em></strong></span> <span class='ocrx_word' id='word_1_40' title='bbox 2439 813 2552 880; x_wconf 79' lang='grc' dir='ltr'><strong><em>διὰ</em></strong></span> 
     </span>
     <span class='ocr_line' id='line_1_7' title="bbox 210 908 2547 1002; baseline 0.002 -26"><span class='ocrx_word' id='word_1_41' title='bbox 210 910 498 979; x_wconf 65' lang='grc' dir='ltr'><strong><em>τούτων’</em></strong></span> <span class='ocrx_word' id='word_1_42' title='bbox 555 914 1024 1001; x_wconf 80' lang='grc' dir='ltr'><strong><em>φιλονεικοῦσι,</em></strong></span> <span class='ocrx_word' id='word_1_43' title='bbox 1077 911 1168 1000; x_wconf 84' lang='grc' dir='ltr'><strong><em>μὴ</em></strong></span> <span class='ocrx_word' id='word_1_44' title='bbox 1225 917 1716 1000; x_wconf 71' lang='grc' dir='ltr'><strong><em>προκαθῆσθαι</em></strong></span> <span class='ocrx_word' id='word_1_45' title='bbox 1758 908 1957 981; x_wconf 71' lang='grc' dir='ltr'><strong><em>αὐτὸν</em></strong></span> <span class='ocrx_word' id='word_1_46' title='bbox 1999 918 2133 984; x_wconf 77' lang='grc' dir='ltr'><strong><em>τῶν</em></strong></span> <span class='ocrx_word' id='word_1_47' title='bbox 2176 910 2547 1002; x_wconf 73' lang='grc' dir='ltr'><strong><em>ἀρχιερέων,</em></strong></span> 
     </span>
     <span class='ocr_line' id='line_1_8' title="bbox 211 1007 2551 1101; baseline 0.003 -23"><span class='ocrx_word' id='word_1_48' title='bbox 211 1007 496 1099; x_wconf 79' lang='grc' dir='ltr'><strong><em>ὁπηνίκα</em></strong></span> <span class='ocrx_word' id='word_1_49' title='bbox 555 1014 697 1081; x_wconf 80' lang='grc' dir='ltr'><strong><em>δέοι</em></strong></span> <span class='ocrx_word' id='word_1_50' title='bbox 749 1013 1023 1094; x_wconf 80' lang='grc' dir='ltr'><strong><em>τούτους</em></strong></span> <span class='ocrx_word' id='word_1_51' title='bbox 1065 1020 1507 1101; x_wconf 82' lang='grc' dir='ltr'><strong><em>συνέρχεσθαι</em></strong></span> <span class='ocrx_word' id='word_1_52' title='bbox 1545 1014 1712 1081; x_wconf 88' lang='grc' dir='ltr'><strong><em>κατά</em></strong></span> <span class='ocrx_word' id='word_1_53' title='bbox 1753 1039 1906 1081; x_wconf 83' lang='grc' dir='ltr'><strong><em>τινα</em></strong></span> <span class='ocrx_word' id='word_1_54' title='bbox 1943 1021 2164 1100; x_wconf 83' lang='grc' dir='ltr'><strong><em>χρείαν</em></strong></span> <span class='ocrx_word' id='word_1_55' title='bbox 2207 1019 2316 1083; x_wconf 84' lang='grc' dir='ltr'><strong><em>καὶ</em></strong></span> <span class='ocrx_word' id='word_1_56' title='bbox 2362 1040 2551 1085; x_wconf 81' lang='grc' dir='ltr'><strong><em>συνε-</em></strong></span> 
     </span>
     <span class='ocr_line' id='line_1_9' title="bbox 214 1109 2550 1203; baseline 0.003 -24"><span class='ocrx_word' id='word_1_57' title='bbox 214 1112 502 1197; x_wconf 82' lang='grc' dir='ltr'><strong><em>δριάζειν</em></strong></span> <span class='ocrx_word' id='word_1_58' title='bbox 558 1114 724 1182; x_wconf 86' lang='grc' dir='ltr'><strong><em>κατὰ</em></strong></span> <span class='ocrx_word' id='word_1_59' title='bbox 765 1109 1006 1183; x_wconf 81' lang='grc' dir='ltr'><strong><em>ταῦτὸν</em></strong></span> <span class='ocrx_word' id='word_1_60' title='bbox 1048 1113 1184 1200; x_wconf 86' lang='grc' dir='ltr'><strong><em>πρὸ</em></strong></span> <span class='ocrx_word' id='word_1_61' title='bbox 1226 1118 1343 1201; x_wconf 87' lang='grc' dir='ltr'><strong><em>τῆς</em></strong></span> <span class='ocrx_word' id='word_1_62' title='bbox 1388 1114 1484 1194; x_wconf 74' lang='grc' dir='ltr'><strong><em>εἰς</em></strong></span> <span class='ocrx_word' id='word_1_63' title='bbox 1525 1115 1642 1203; x_wconf 85' lang='grc' dir='ltr'><strong><em>τὴν</em></strong></span> <span class='ocrx_word' id='word_1_64' title='bbox 1689 1111 2057 1202; x_wconf 76' lang='grc' dir='ltr'><strong><em>ἁγιωσύνην</em></strong></span> <span class='ocrx_word' id='word_1_65' title='bbox 2102 1139 2222 1183; x_wconf 91' lang='grc' dir='ltr'><strong><em>σου</em></strong></span> <span class='ocrx_word' id='word_1_66' title='bbox 2265 1116 2550 1186; x_wconf 76' lang='grc' dir='ltr'><strong><em>εἰσελεύ-</em></strong></span> 
     </span>
     <span class='ocr_line' id='line_1_10' title="bbox 213 1208 2551 1303; baseline 0.002 -23"><span class='ocrx_word' id='word_1_67' title='bbox 213 1235 401 1294; x_wconf 84' lang='grc' dir='ltr'><strong><em>σεως,</em></strong></span> <span class='ocrx_word' id='word_1_68' title='bbox 460 1208 577 1281; x_wconf 78' lang='grc' dir='ltr'><strong><em>οὔκ</em></strong></span> <span class='ocrx_word' id='word_1_69' title='bbox 632 1209 985 1299; x_wconf 74' lang='grc' dir='ltr'><strong><em>ἀνασχετὸν</em></strong></span> <span class='ocrx_word' id='word_1_70' title='bbox 1040 1219 1120 1303; x_wconf 86' lang='grc' dir='ltr'><strong><em>τῇ</em></strong></span> <span class='ocrx_word' id='word_1_71' title='bbox 1162 1215 1473 1303; x_wconf 77' lang='grc' dir='ltr'><strong><em>βασιλείᾳ</em></strong></span> <span class='ocrx_word' id='word_1_72' title='bbox 1513 1238 1643 1300; x_wconf 86' lang='grc' dir='ltr'><strong><em>μου</em></strong></span> <span class='ocrx_word' id='word_1_73' title='bbox 1688 1216 1900 1296; x_wconf 73' lang='grc' dir='ltr'><strong><em>ἔδοξε,</em></strong></span> <span class='ocrx_word' id='word_1_74' title='bbox 1966 1219 2238 1302; x_wconf 80' lang='grc' dir='ltr'><strong><em>πρᾶγμα</em></strong></span> <span class='ocrx_word' id='word_1_75' title='bbox 2283 1218 2395 1285; x_wconf 77' lang='grc' dir='ltr'><strong><em>διὰ</em></strong></span> <span class='ocrx_word' id='word_1_76' title='bbox 2436 1241 2551 1285; x_wconf 88' lang='grc' dir='ltr'><strong><em>το-</em></strong></span> 
     </span>
     <span class='ocr_line' id='line_1_11' title="bbox 214 1312 2551 1404; baseline 0.002 -24"><span class='ocrx_word' id='word_1_77' title='bbox 214 1312 455 1381; x_wconf 87' lang='grc' dir='ltr'><strong><em>σούτου</em></strong></span> <span class='ocrx_word' id='word_1_78' title='bbox 493 1315 732 1402; x_wconf 86' lang='grc' dir='ltr'><strong><em>χρόνου</em></strong></span> <span class='ocrx_word' id='word_1_79' title='bbox 773 1318 1188 1402; x_wconf 78' lang='grc' dir='ltr'><strong><em>βασανισθὲν</em></strong></span> <span class='ocrx_word' id='word_1_80' title='bbox 1228 1319 1337 1385; x_wconf 75' lang='grc' dir='ltr'><strong><em>καὶ</em></strong></span> <span class='ocrx_word' id='word_1_81' title='bbox 1380 1327 1529 1395; x_wconf 84' lang='grc' dir='ltr'><strong><em>τοῖς</em></strong></span> <span class='ocrx_word' id='word_1_82' title='bbox 1570 1320 1730 1403; x_wconf 80' lang='grc' dir='ltr'><strong><em>πρὶν</em></strong></span> <span class='ocrx_word' id='word_1_83' title='bbox 1771 1316 2213 1404; x_wconf 87' lang='grc' dir='ltr'><strong><em>πατριάρχαις</em></strong></span> <span class='ocrx_word' id='word_1_84' title='bbox 2255 1342 2365 1385; x_wconf 91' lang='grc' dir='ltr'><strong><em>και</em></strong></span> <span class='ocrx_word' id='word_1_85' title='bbox 2405 1328 2551 1397; x_wconf 84' lang='grc' dir='ltr'><strong><em>τοῖς</em></strong></span> 
     </span>
     <span class='ocr_line' id='line_1_12' title="bbox 214 1410 2552 1504; baseline 0.001 -21"><span class='ocrx_word' id='word_1_86' title='bbox 214 1412 444 1496; x_wconf 80' lang='grc' dir='ltr'><strong><em>αλλοις</em></strong></span> <span class='ocrx_word' id='word_1_87' title='bbox 501 1410 941 1502; x_wconf 74' lang='grc' dir='ltr'><strong><em>ἀρχιερεῦσιν,</em></strong></span> <span class='ocrx_word' id='word_1_88' title='bbox 1001 1411 1170 1484; x_wconf 73' lang='grc' dir='ltr'><strong><em>ἀλλὰ</em></strong></span> <span class='ocrx_word' id='word_1_89' title='bbox 1226 1416 1305 1504; x_wconf 82' lang='grc' dir='ltr'><strong><em>δὴ</em></strong></span> <span class='ocrx_word' id='word_1_90' title='bbox 1361 1420 1475 1484; x_wconf 81' lang='grc' dir='ltr'><strong><em>καὶ</em></strong></span> <span class='ocrx_word' id='word_1_91' title='bbox 1516 1411 1746 1497; x_wconf 78' lang='grc' dir='ltr'><strong><em>αὖτοῖς</em></strong></span> <span class='ocrx_word' id='word_1_92' title='bbox 1785 1428 1932 1497; x_wconf 82' lang='grc' dir='ltr'><strong><em>τοῖς</em></strong></span> <span class='ocrx_word' id='word_1_93' title='bbox 1975 1421 2088 1485; x_wconf 84' lang='grc' dir='ltr'><strong><em>νῦν</em></strong></span> <span class='ocrx_word' id='word_1_94' title='bbox 2132 1414 2249 1485; x_wconf 76' lang='grc' dir='ltr'><strong><em>οὐκ</em></strong></span> <span class='ocrx_word' id='word_1_95' title='bbox 2292 1413 2394 1484; x_wconf 74' lang='grc' dir='ltr'><strong><em>ἐπ’</em></strong></span> <span class='ocrx_word' id='word_1_96' title='bbox 2444 1412 2552 1486; x_wconf 72' lang='grc' dir='ltr'><strong><em>εὖ·</em></strong></span> 
     </span>
    </p>
   </div>
   <div class='ocr_carea' id='block_1_3' title="bbox 211 1516 2552 1708">
    <p class='ocr_par' dir='ltr' id='par_1_4' title="bbox 211 1516 2552 1708">
     <span class='ocr_line' id='line_1_13' title="bbox 213 1516 2548 1607; baseline 0 -22"><span class='ocrx_word' id='word_1_97' title='bbox 213 1516 387 1604; x_wconf 80' lang='grc' dir='ltr'><strong><em>λόγῳ</em></strong></span> <span class='ocrx_word' id='word_1_98' title='bbox 444 1516 765 1603; x_wconf 71' lang='grc' dir='ltr'><strong><em>ἒρίζουσι”</em></strong></span> <span class='ocrx_word' id='word_1_99' title='bbox 815 1518 1160 1604; x_wconf 79' lang='grc' dir='ltr'><strong><em>πράγματι</em></strong></span> <span class='ocrx_word' id='word_1_100' title='bbox 1201 1516 1315 1585; x_wconf 73' lang='grc' dir='ltr'><strong><em>διὰ</em></strong></span> <span class='ocrx_word' id='word_1_101' title='bbox 1356 1522 1475 1606; x_wconf 88' lang='grc' dir='ltr'><strong><em>τῆς</em></strong></span> <span class='ocrx_word' id='word_1_102' title='bbox 1517 1520 1936 1607; x_wconf 82' lang='grc' dir='ltr'><strong><em>πολυημέρου</em></strong></span> <span class='ocrx_word' id='word_1_103' title='bbox 1982 1520 2219 1603; x_wconf 81' lang='grc' dir='ltr'><strong><em>δεχθὲν</em></strong></span> <span class='ocrx_word' id='word_1_104' title='bbox 2265 1521 2548 1607; x_wconf 86' lang='grc' dir='ltr'><strong><em>σιωπῆς,</em></strong></span> 
     </span>
     <span class='ocr_line' id='line_1_14' title="bbox 211 1614 2552 1708; baseline 0 -22"><span class='ocrx_word' id='word_1_105' title='bbox 211 1618 379 1686; x_wconf 83' lang='grc' dir='ltr'><strong><em>κατὰ</em></strong></span> <span class='ocrx_word' id='word_1_106' title='bbox 419 1618 498 1685; x_wconf 87' lang='grc' dir='ltr'><strong><em>τὸ</em></strong></span> <span class='ocrx_word' id='word_1_107' title='bbox 539 1620 868 1706; x_wconf 78' lang='grc' dir='ltr'><strong><em>παρέλκον</em></strong></span> <span class='ocrx_word' id='word_1_108' title='bbox 913 1614 1335 1707; x_wconf 82' lang='grc' dir='ltr'><strong><em>ἇθετηθῆναι</em></strong></span> <span class='ocrx_word' id='word_1_109' title='bbox 1374 1622 1484 1687; x_wconf 84' lang='grc' dir='ltr'><strong><em>καὶ</em></strong></span> <span class='ocrx_word' id='word_1_110' title='bbox 1530 1616 1622 1700; x_wconf 77' lang='grc' dir='ltr'><strong><em>ὥς</em></strong></span> <span class='ocrx_word' id='word_1_111' title='bbox 1660 1646 1729 1687; x_wconf 89' lang='grc' dir='ltr'><strong><em>τι</em></strong></span> <span class='ocrx_word' id='word_1_112' title='bbox 1770 1624 1902 1689; x_wconf 82' lang='grc' dir='ltr'><strong><em>τῶν</em></strong></span> <span class='ocrx_word' id='word_1_113' title='bbox 1952 1615 2372 1708; x_wconf 73' lang='grc' dir='ltr'><strong><em>ἠμελημένων</em></strong></span> <span class='ocrx_word' id='word_1_114' title='bbox 2415 1644 2552 1686; x_wconf 84' lang='grc' dir='ltr'><strong><em>πα-</em></strong></span> 
     </span>
    </p>
   </div>
   <div class='ocr_carea' id='block_1_4' title="bbox 212 1718 2665 1809">
    <p class='ocr_par' dir='ltr' id='par_1_5' title="bbox 212 1718 2665 1809">
     <span class='ocr_line' id='line_1_15' title="bbox 212 1718 2665 1809; baseline 0 -22"><span class='ocrx_word' id='word_1_115' title='bbox 212 1723 594 1808; x_wconf 86' lang='grc' dir='ltr'><strong><em>ρασυρῆναι.</em></strong></span> <span class='ocrx_word' id='word_1_116' title='bbox 659 1727 881 1789; x_wconf 79' lang='grc' dir='ltr'><strong><em>τοίνυν</em></strong></span> <span class='ocrx_word' id='word_1_117' title='bbox 923 1723 1032 1788; x_wconf 79' lang='grc' dir='ltr'><strong><em>καὶ</em></strong></span> <span class='ocrx_word' id='word_1_118' title='bbox 1078 1721 1436 1808; x_wconf 81' lang='grc' dir='ltr'><strong><em>διορίζεται</em></strong></span> <span class='ocrx_word' id='word_1_119' title='bbox 1478 1719 1753 1809; x_wconf 81' lang='grc' dir='ltr'><strong><em>πρᾶγμά</em></strong></span> <span class='ocrx_word' id='word_1_120' title='bbox 1795 1748 1863 1788; x_wconf 91' lang='grc' dir='ltr'><strong><em>τι</em></strong></span> <span class='ocrx_word' id='word_1_121' title='bbox 1906 1719 2175 1807; x_wconf 67' lang='grc' dir='ltr'><strong><em>εὔλογον</em></strong></span> <span class='ocrx_word' id='word_1_122' title='bbox 2217 1723 2324 1788; x_wconf 84' lang='grc' dir='ltr'><strong><em>καὶ</em></strong></span> <span class='ocrx_word' id='word_1_123' title='bbox 2371 1718 2551 1788; x_wconf 90' lang='grc' dir='ltr'><strong><em>πάνυ</em></strong></span> <span class='ocrx_word' id='word_1_124' title='bbox 2652 1767 2665 1780; x_wconf 75' lang='lat'><em>,</em></span> 
     </span>
    </p>
   </div>
   <div class='ocr_carea' id='block_1_5' title="bbox 212 1816 2556 4026">
    <p class='ocr_par' dir='ltr' id='par_1_6' title="bbox 212 1816 2556 4026">
     <span class='ocr_line' id='line_1_16' title="bbox 213 1816 2548 1909; baseline 0.001 -22"><span class='ocrx_word' id='word_1_125' title='bbox 213 1821 469 1888; x_wconf 80' lang='grc' dir='ltr'><strong><em>δίκαιον</em></strong></span> <span class='ocrx_word' id='word_1_126' title='bbox 510 1820 728 1888; x_wconf 82' lang='grc' dir='ltr'><strong><em>τοῦτο.</em></strong></span> <span class='ocrx_word' id='word_1_127' title='bbox 816 1821 876 1888; x_wconf 77' lang='grc' dir='ltr'><strong><em>εἰ</em></strong></span> <span class='ocrx_word' id='word_1_128' title='bbox 914 1823 1036 1906; x_wconf 82' lang='grc' dir='ltr'><strong><em>μὲν</em></strong></span> <span class='ocrx_word' id='word_1_129' title='bbox 1078 1820 1201 1907; x_wconf 81' lang='grc' dir='ltr'><strong><em>γὰρ</em></strong></span> <span class='ocrx_word' id='word_1_130' title='bbox 1246 1823 1544 1907; x_wconf 78' lang='grc' dir='ltr'><strong><em>αἱροῖντο</em></strong></span> <span class='ocrx_word' id='word_1_131' title='bbox 1586 1826 1692 1891; x_wconf 83' lang='grc' dir='ltr'><strong><em>καὶ</em></strong></span> <span class='ocrx_word' id='word_1_132' title='bbox 1737 1821 1943 1888; x_wconf 89' lang='grc' dir='ltr'><strong><em>πάλιν</em></strong></span> <span class='ocrx_word' id='word_1_133' title='bbox 1987 1822 2053 1889; x_wconf 74' lang='grc' dir='ltr'><strong><em>οἱ</em></strong></span> <span class='ocrx_word' id='word_1_134' title='bbox 2097 1816 2419 1909; x_wconf 73' lang='grc' dir='ltr'><strong><em>ἀρχιερεῖς</em></strong></span> <span class='ocrx_word' id='word_1_135' title='bbox 2456 1821 2548 1909; x_wconf 91' lang='grc' dir='ltr'><strong><em>μὴ</em></strong></span> 
     </span>
     <span class='ocr_line' id='line_1_17' title="bbox 212 1916 2553 2009; baseline 0 -20"><span class='ocrx_word' id='word_1_136' title='bbox 212 1931 416 1990; x_wconf 79' lang='grc' dir='ltr'><strong><em>κινεῖν</em></strong></span> <span class='ocrx_word' id='word_1_137' title='bbox 457 1921 543 1989; x_wconf 84' lang='grc' dir='ltr'><strong><em>τὰ</em></strong></span> <span class='ocrx_word' id='word_1_138' title='bbox 585 1918 876 2009; x_wconf 75' lang='grc' dir='ltr'><strong><em>ἀκίνητα,</em></strong></span> <span class='ocrx_word' id='word_1_139' title='bbox 920 1924 1088 2008; x_wconf 79' lang='grc' dir='ltr'><strong><em>μηδὲ</em></strong></span> <span class='ocrx_word' id='word_1_140' title='bbox 1121 1922 1205 1989; x_wconf 87' lang='grc' dir='ltr'><strong><em>τὰ</em></strong></span> <span class='ocrx_word' id='word_1_141' title='bbox 1233 1934 1377 2000; x_wconf 88' lang='grc' dir='ltr'><strong><em>τοῖς</em></strong></span> <span class='ocrx_word' id='word_1_142' title='bbox 1405 1923 1566 2005; x_wconf 80' lang='grc' dir='ltr'><strong><em>πρὶν</em></strong></span> <span class='ocrx_word' id='word_1_143' title='bbox 1597 1922 1952 2007; x_wconf 78' lang='grc' dir='ltr'><strong><em>δεδογμένα</em></strong></span> <span class='ocrx_word' id='word_1_144' title='bbox 1982 1922 2334 2008; x_wconf 81' lang='grc' dir='ltr'><strong><em>πατράσιν,</em></strong></span> <span class='ocrx_word' id='word_1_145' title='bbox 2382 1916 2553 1989; x_wconf 77' lang='grc' dir='ltr'><strong><em>ἀλλὰ</em></strong></span> 
     </span>
     <span class='ocr_line' id='line_1_18' title="bbox 215 2017 2553 2110; baseline -0 -21"><span class='ocrx_word' id='word_1_146' title='bbox 215 2022 295 2109; x_wconf 76' lang='grc' dir='ltr'><strong><em>δὴ</em></strong></span> <span class='ocrx_word' id='word_1_147' title='bbox 337 2021 451 2090; x_wconf 84' lang='grc' dir='ltr'><strong><em>καὶ</em></strong></span> <span class='ocrx_word' id='word_1_148' title='bbox 494 2017 722 2101; x_wconf 81' lang='grc' dir='ltr'><strong><em>αὖτοῖς</em></strong></span> <span class='ocrx_word' id='word_1_149' title='bbox 765 2021 878 2090; x_wconf 78' lang='grc' dir='ltr'><strong><em>διὰ</em></strong></span> <span class='ocrx_word' id='word_1_150' title='bbox 919 2026 1037 2110; x_wconf 86' lang='grc' dir='ltr'><strong><em>τῆς</em></strong></span> <span class='ocrx_word' id='word_1_151' title='bbox 1075 2025 1330 2108; x_wconf 83' lang='grc' dir='ltr'><strong><em>μακρᾶς</em></strong></span> <span class='ocrx_word' id='word_1_152' title='bbox 1373 2021 1778 2102; x_wconf 80' lang='grc' dir='ltr'><strong><em>συνόόξαντα</em></strong></span> <span class='ocrx_word' id='word_1_153' title='bbox 1822 2026 2083 2109; x_wconf 85' lang='grc' dir='ltr'><strong><em>σιωπῆς</em></strong></span> <span class='ocrx_word' id='word_1_154' title='bbox 2125 2026 2235 2090; x_wconf 86' lang='grc' dir='ltr'><strong><em>καὶ</em></strong></span> <span class='ocrx_word' id='word_1_155' title='bbox 2275 2025 2392 2109; x_wconf 83' lang='grc' dir='ltr'><strong><em>τῆς</em></strong></span> <span class='ocrx_word' id='word_1_156' title='bbox 2427 2021 2553 2101; x_wconf 74' lang='grc' dir='ltr'><strong><em>ἕως</em></strong></span> 
     </span>
     <span class='ocr_line' id='line_1_19' title="bbox 212 2113 2548 2211; baseline -0 -21"><span class='ocrx_word' id='word_1_157' title='bbox 212 2124 335 2190; x_wconf 74' lang='grc' dir='ltr'><strong><em>τοῦ</em></strong></span> <span class='ocrx_word' id='word_1_158' title='bbox 376 2126 491 2190; x_wconf 82' lang='grc' dir='ltr'><strong><em>νῦν</em></strong></span> <span class='ocrx_word' id='word_1_159' title='bbox 533 2118 769 2211; x_wconf 81' lang='grc' dir='ltr'><strong><em>ἀνοχῆς</em></strong></span> <span class='ocrx_word' id='word_1_160' title='bbox 811 2124 882 2191; x_wconf 78' lang='grc' dir='ltr'><strong><em>ἐκ</em></strong></span> <span class='ocrx_word' id='word_1_161' title='bbox 921 2124 1370 2208; x_wconf 86' lang='grc' dir='ltr'><strong><em>παλιμβολίας</em></strong></span> <span class='ocrx_word' id='word_1_162' title='bbox 1411 2118 1639 2208; x_wconf 74' lang='grc' dir='ltr'><strong><em>ὥσπερ</em></strong></span> <span class='ocrx_word' id='word_1_163' title='bbox 1672 2118 2130 2203; x_wconf 85' lang='grc' dir='ltr'><strong><em>άναπαλαίειν,</em></strong></span> <span class='ocrx_word' id='word_1_164' title='bbox 2179 2113 2248 2191; x_wconf 75' lang='grc' dir='ltr'><strong><em>εὖ</em></strong></span> <span class='ocrx_word' id='word_1_165' title='bbox 2280 2118 2360 2189; x_wconf 79' lang='grc' dir='ltr'><strong><em>ἂν</em></strong></span> <span class='ocrx_word' id='word_1_166' title='bbox 2393 2124 2548 2206; x_wconf 68' lang='grc' dir='ltr'><strong><em>ἔχοι,</em></strong></span> 
     </span>
     <span class='ocr_line' id='line_1_20' title="bbox 214 2220 2552 2312; baseline 0 -23"><span class='ocrx_word' id='word_1_167' title='bbox 214 2222 328 2289; x_wconf 85' lang='grc' dir='ltr'><strong><em>καὶ</em></strong></span> <span class='ocrx_word' id='word_1_168' title='bbox 362 2222 571 2308; x_wconf 89' lang='grc' dir='ltr'><strong><em>χάρις,</em></strong></span> <span class='ocrx_word' id='word_1_169' title='bbox 618 2220 727 2291; x_wconf 86' lang='grc' dir='ltr'><strong><em>ότι</em></strong></span> <span class='ocrx_word' id='word_1_170' title='bbox 766 2223 844 2289; x_wconf 87' lang='grc' dir='ltr'><strong><em>τὸ</em></strong></span> <span class='ocrx_word' id='word_1_171' title='bbox 882 2222 1172 2309; x_wconf 85' lang='grc' dir='ltr'><strong><em>μάχιμον</em></strong></span> <span class='ocrx_word' id='word_1_172' title='bbox 1214 2227 1693 2307; x_wconf 71' lang='grc' dir='ltr'><strong><em>καταθέμενοι“</em></strong></span> <span class='ocrx_word' id='word_1_173' title='bbox 1734 2223 1812 2289; x_wconf 87' lang='grc' dir='ltr'><strong><em>τὸ</em></strong></span> <span class='ocrx_word' id='word_1_174' title='bbox 1847 2224 2212 2312; x_wconf 72' lang='grc' dir='ltr'><strong><em>εἰρηναῒον7</em></strong></span> <span class='ocrx_word' id='word_1_175' title='bbox 2241 2247 2552 2309; x_wconf 54' lang='grc' dir='ltr'><strong><em>προτετιι</em></strong></span> 
     </span>
     <span class='ocr_line' id='line_1_21' title="bbox 213 2324 2552 2444; baseline 0 -54"><span class='ocrx_word' id='word_1_176' title='bbox 213 2324 516 2412; x_wconf 88' lang='grc' dir='ltr'><strong><em>μήκασιν.</em></strong></span> <span class='ocrx_word' id='word_1_177' title='bbox 585 2324 645 2392; x_wconf 82' lang='grc' dir='ltr'><strong><em>εἰ</em></strong></span> <span class='ocrx_word' id='word_1_178' title='bbox 689 2326 762 2392; x_wconf 80' lang='grc' dir='ltr'><strong><em>δὲ</em></strong></span> <span class='ocrx_word' id='word_1_179' title='bbox 802 2325 910 2391; x_wconf 80' lang='grc' dir='ltr'><strong><em>καὶ</em></strong></span> <span class='ocrx_word' id='word_1_180' title='bbox 957 2324 1057 2394; x_wconf 73' lang='grc' dir='ltr'><strong><em>ἔτι</em></strong></span> <span class='ocrx_word' id='word_1_181' title='bbox 1097 2324 1347 2392; x_wconf 85' lang='grc' dir='ltr'><strong><em>τούτων</em></strong></span> <span class='ocrx_word' id='word_1_182' title='bbox 1388 2327 1565 2404; x_wconf 81' lang='grc' dir='ltr'><strong><em>τινὲς</em></strong></span> <span class='ocrx_word' id='word_1_183' title='bbox 1606 2329 1740 2392; x_wconf 84' lang='grc' dir='ltr'><strong><em>τῶν</em></strong></span> <span class='ocrx_word' id='word_1_184' title='bbox 1780 2330 1901 2392; x_wconf 85' lang='grc' dir='ltr'><strong><em>τοῦ</em></strong></span> <span class='ocrx_word' id='word_1_185' title='bbox 1942 2325 2214 2404; x_wconf 82' lang='grc' dir='ltr'><strong><em>κανόνος</em></strong></span> <span class='ocrx_word' id='word_1_186' title='bbox 2244 2324 2552 2444; x_wconf 40' lang='lat' dir='ltr'><strong><em>§queit-&#39;mv</em></strong></span> 
     </span>
     <span class='ocr_line' id='line_1_22' title="bbox 216 2419 2548 2547; baseline 0 -55"><span class='ocrx_word' id='word_1_187' title='bbox 216 2419 759 2512; x_wconf 77' lang='grc' dir='ltr'><strong><em>ἀντιποιούμενοι</em></strong></span> <span class='ocrx_word' id='word_1_188' title='bbox 801 2429 942 2515; x_wconf 85' lang='grc' dir='ltr'><strong><em>(τῆς</em></strong></span> <span class='ocrx_word' id='word_1_189' title='bbox 949 2426 1104 2547; x_wconf 33' lang='grc' dir='ltr'><strong><em>..γὰρ</em></strong></span> <span class='ocrx_word' id='word_1_190' title='bbox 1135 2427 1389 2507; x_wconf 79' lang='grc' dir='ltr'><strong><em>ἐννοίας</em></strong></span> <span class='ocrx_word' id='word_1_191' title='bbox 1415 2426 1651 2514; x_wconf 81' lang='grc' dir='ltr'><strong><em>πόῤῥω</em></strong></span> <span class='ocrx_word' id='word_1_192' title='bbox 1682 2422 2227 2513; x_wconf 79' lang='grc' dir='ltr'><strong><em>ἀποόιεστήκασι)</em></strong></span> <span class='ocrx_word' id='word_1_193' title='bbox 2259 2428 2548 2510; x_wconf 80' lang='grc' dir='ltr'><strong><em>πειρῶν-</em></strong></span> 
     </span>
     <span class='ocr_line' id='line_1_23' title="bbox 215 2522 2553 2616; baseline 0 -22"><span class='ocrx_word' id='word_1_194' title='bbox 215 2553 328 2594; x_wconf 91' lang='grc' dir='ltr'><strong><em>ται</em></strong></span> <span class='ocrx_word' id='word_1_195' title='bbox 369 2527 446 2594; x_wconf 87' lang='grc' dir='ltr'><strong><em>τὸ</em></strong></span> <span class='ocrx_word' id='word_1_196' title='bbox 491 2528 731 2596; x_wconf 80' lang='grc' dir='ltr'><strong><em>οἰκεῖον</em></strong></span> <span class='ocrx_word' id='word_1_197' title='bbox 776 2532 1100 2616; x_wconf 86' lang='grc' dir='ltr'><strong><em>συστῆσαι</em></strong></span> <span class='ocrx_word' id='word_1_198' title='bbox 1141 2531 1423 2616; x_wconf 83' lang='grc' dir='ltr'><strong><em>θέλημα,</em></strong></span> <span class='ocrx_word' id='word_1_199' title='bbox 1471 2528 1581 2595; x_wconf 86' lang='grc' dir='ltr'><strong><em>καὶ</em></strong></span> <span class='ocrx_word' id='word_1_200' title='bbox 1624 2528 1738 2595; x_wconf 75' lang='grc' dir='ltr'><strong><em>ἐπὶ</em></strong></span> <span class='ocrx_word' id='word_1_201' title='bbox 1783 2528 1862 2595; x_wconf 87' lang='grc' dir='ltr'><strong><em>τὸ</em></strong></span> <span class='ocrx_word' id='word_1_202' title='bbox 1906 2527 2186 2596; x_wconf 78' lang='grc' dir='ltr'><strong><em>ἄτακτον</em></strong></span> <span class='ocrx_word' id='word_1_203' title='bbox 2231 2522 2307 2595; x_wconf 83' lang='grc' dir='ltr'><strong><em>οὗ</em></strong></span> <span class='ocrx_word' id='word_1_204' title='bbox 2336 2529 2553 2606; x_wconf 83' lang='grc' dir='ltr'><strong><em>καλῶς</em></strong></span> 
     </span>
     <span class='ocr_line' id='line_1_24' title="bbox 216 2625 2553 2718; baseline -0 -23"><span class='ocrx_word' id='word_1_205' title='bbox 216 2627 333 2715; x_wconf 82' lang='grc' dir='ltr'><strong><em>τὴν</em></strong></span> <span class='ocrx_word' id='word_1_206' title='bbox 387 2627 572 2709; x_wconf 84' lang='grc' dir='ltr'><strong><em>τάξιν</em></strong></span> <span class='ocrx_word' id='word_1_207' title='bbox 624 2630 1209 2716; x_wconf 85' lang='grc' dir='ltr'><strong><em>μεταβιβάζουσιν,</em></strong></span> <span class='ocrx_word' id='word_1_208' title='bbox 1268 2631 1344 2718; x_wconf 74' lang='grc' dir='ltr'><strong><em>ἐᾷ</em></strong></span> <span class='ocrx_word' id='word_1_209' title='bbox 1397 2632 1519 2715; x_wconf 87' lang='grc' dir='ltr'><strong><em>μὲν</em></strong></span> <span class='ocrx_word' id='word_1_210' title='bbox 1575 2633 1724 2697; x_wconf 66' lang='grc' dir='ltr'><strong><em>νῦν8</em></strong></span> <span class='ocrx_word' id='word_1_211' title='bbox 1773 2625 1812 2717; x_wconf 84' lang='grc' dir='ltr'><em>ἦ</em></span> <span class='ocrx_word' id='word_1_212' title='bbox 1870 2631 2179 2715; x_wconf 87' lang='grc' dir='ltr'><strong><em>βασιλεία</em></strong></span> <span class='ocrx_word' id='word_1_213' title='bbox 2234 2654 2363 2715; x_wconf 90' lang='grc' dir='ltr'><strong><em>μου</em></strong></span> <span class='ocrx_word' id='word_1_214' title='bbox 2432 2626 2553 2716; x_wconf 84' lang='grc' dir='ltr'><strong><em>τὴν</em></strong></span> 
     </span>
     <span class='ocr_line' id='line_1_25' title="bbox 215 2719 2551 2819; baseline 0 -23"><span class='ocrx_word' id='word_1_215' title='bbox 215 2733 333 2797; x_wconf 79' lang='grc' dir='ltr'><strong><em>τοῦ</em></strong></span> <span class='ocrx_word' id='word_1_216' title='bbox 397 2731 670 2809; x_wconf 85' lang='grc' dir='ltr'><strong><em>κανόνος</em></strong></span> <span class='ocrx_word' id='word_1_217' title='bbox 730 2731 1123 2816; x_wconf 76' lang='grc' dir='ltr'><strong><em>ἑρμηνεῦσαι</em></strong></span> <span class='ocrx_word' id='word_1_218' title='bbox 1184 2735 1287 2798; x_wconf 81' lang='grc' dir='ltr'><strong><em>καὶ</em></strong></span> <span class='ocrx_word' id='word_1_219' title='bbox 1347 2737 1715 2818; x_wconf 84' lang='grc' dir='ltr'><strong><em>σαφηνίσαι</em></strong></span> <span class='ocrx_word' id='word_1_220' title='bbox 1769 2726 1973 2818; x_wconf 74' lang='grc' dir='ltr'><strong><em>ὑφὴν,</em></strong></span> <span class='ocrx_word' id='word_1_221' title='bbox 2040 2730 2288 2819; x_wconf 82' lang='grc' dir='ltr'><strong><em>ῥᾴστην</em></strong></span> <span class='ocrx_word' id='word_1_222' title='bbox 2346 2719 2551 2798; x_wconf 71' lang='grc' dir='ltr'><strong><em>οὖσαν</em></strong></span> 
     </span>
     <span class='ocr_line' id='line_1_26' title="bbox 216 2827 2554 2918; baseline 0 -21"><span class='ocrx_word' id='word_1_223' title='bbox 216 2831 727 2918; x_wconf 82' lang='grc' dir='ltr'><strong><em>καταληφθῆναι</em></strong></span> <span class='ocrx_word' id='word_1_224' title='bbox 758 2833 864 2898; x_wconf 86' lang='grc' dir='ltr'><strong><em>καὶ</em></strong></span> <span class='ocrx_word' id='word_1_225' title='bbox 898 2831 1395 2917; x_wconf 81' lang='grc' dir='ltr'><strong><em>ὁιαγνωσθῆναι</em></strong></span> <span class='ocrx_word' id='word_1_226' title='bbox 1423 2833 1639 2910; x_wconf 83' lang='grc' dir='ltr'><strong><em>καλῶς</em></strong></span> <span class='ocrx_word' id='word_1_227' title='bbox 1666 2841 1810 2909; x_wconf 83' lang='grc' dir='ltr'><strong><em>τοῖς</em></strong></span> <span class='ocrx_word' id='word_1_228' title='bbox 1838 2830 2213 2916; x_wconf 82' lang='grc' dir='ltr'><strong><em>βάπτουσιν</em></strong></span> <span class='ocrx_word' id='word_1_229' title='bbox 2245 2832 2339 2912; x_wconf 75' lang='grc' dir='ltr'><strong><em>εἷς</em></strong></span> <span class='ocrx_word' id='word_1_230' title='bbox 2369 2827 2554 2916; x_wconf 78' lang='grc' dir='ltr'><strong><em>άκρί·</em></strong></span> 
     </span>
     <span class='ocr_line' id='line_1_27' title="bbox 215 2926 2554 3018; baseline -0.001 -19"><span class='ocrx_word' id='word_1_231' title='bbox 215 2937 405 3017; x_wconf 79' lang='grc' dir='ltr'><strong><em>βειαν</em></strong></span> <span class='ocrx_word' id='word_1_232' title='bbox 457 2933 565 2998; x_wconf 82' lang='grc' dir='ltr'><strong><em>καὶ</em></strong></span> <span class='ocrx_word' id='word_1_233' title='bbox 619 2934 960 3018; x_wconf 88' lang='grc' dir='ltr'><strong><em>κανονικῆς</em></strong></span> <span class='ocrx_word' id='word_1_234' title='bbox 1017 2931 1270 3009; x_wconf 70' lang='grc' dir='ltr'><strong><em>ἐννοίας</em></strong></span> <span class='ocrx_word' id='word_1_235' title='bbox 1323 2931 1787 3016; x_wconf 87' lang='grc' dir='ltr'><strong><em>θιγγάνουσιν,</em></strong></span> <span class='ocrx_word' id='word_1_236' title='bbox 1847 2926 2008 2998; x_wconf 82' lang='grc' dir='ltr'><strong><em>αὐτὸ</em></strong></span> <span class='ocrx_word' id='word_1_237' title='bbox 2054 2933 2127 2999; x_wconf 80' lang='grc' dir='ltr'><strong><em>δὲ</em></strong></span> <span class='ocrx_word' id='word_1_238' title='bbox 2169 2935 2365 2997; x_wconf 81' lang='grc' dir='ltr'><strong><em>τοῦτο</em></strong></span> <span class='ocrx_word' id='word_1_239' title='bbox 2408 2941 2554 3010; x_wconf 85' lang='grc' dir='ltr'><strong><em>τοῖς</em></strong></span> 
     </span>
     <span class='ocr_line' id='line_1_28' title="bbox 219 3027 2554 3118; baseline -0.002 -18"><span class='ocrx_word' id='word_1_240' title='bbox 219 3027 625 3118; x_wconf 73' lang='grc' dir='ltr'><strong><em>ἀρχιερεῦσιν</em></strong></span> <span class='ocrx_word' id='word_1_241' title='bbox 670 3030 967 3118; x_wconf 76' lang='grc' dir='ltr'><strong><em>ἐπιτιμᾷ,</em></strong></span> <span class='ocrx_word' id='word_1_242' title='bbox 1010 3038 1078 3097; x_wconf 89' lang='grc' dir='ltr'><strong><em>τί</em></strong></span> <span class='ocrx_word' id='word_1_243' title='bbox 1122 3029 1369 3117; x_wconf 81' lang='grc' dir='ltr'><strong><em>δήποτε</em></strong></span> <span class='ocrx_word' id='word_1_244' title='bbox 1410 3030 1527 3096; x_wconf 86' lang='grc' dir='ltr'><strong><em>τὸν</em></strong></span> <span class='ocrx_word' id='word_1_245' title='bbox 1569 3030 1812 3099; x_wconf 90' lang='grc' dir='ltr'><strong><em>κανόνα</em></strong></span> <span class='ocrx_word' id='word_1_246' title='bbox 1857 3031 2103 3111; x_wconf 78' lang='grc' dir='ltr'><strong><em>εἰδότες</em></strong></span> <span class='ocrx_word' id='word_1_247' title='bbox 2144 3034 2254 3098; x_wconf 83' lang='grc' dir='ltr'><strong><em>καὶ</em></strong></span> <span class='ocrx_word' id='word_1_248' title='bbox 2311 3030 2394 3097; x_wconf 87' lang='grc' dir='ltr'><strong><em>τὰ</em></strong></span> <span class='ocrx_word' id='word_1_249' title='bbox 2437 3030 2554 3118; x_wconf 82' lang='grc' dir='ltr'><strong><em>ῥή-</em></strong></span> 
     </span>
     <span class='ocr_line' id='line_1_29' title="bbox 215 3129 2556 3220; baseline -0.001 -20"><span class='ocrx_word' id='word_1_250' title='bbox 215 3158 398 3219; x_wconf 90' lang='grc' dir='ltr'><strong><em>ματα</em></strong></span> <span class='ocrx_word' id='word_1_251' title='bbox 436 3131 673 3200; x_wconf 86' lang='grc' dir='ltr'><strong><em>τούτου</em></strong></span> <span class='ocrx_word' id='word_1_252' title='bbox 716 3130 1248 3216; x_wconf 77' lang='grc' dir='ltr'><strong><em>ἐξακριβούμενοι</em></strong></span> <span class='ocrx_word' id='word_1_253' title='bbox 1310 3129 1426 3220; x_wconf 85' lang='grc' dir='ltr'><strong><em>τήν</em></strong></span> <span class='ocrx_word' id='word_1_254' title='bbox 1472 3132 1720 3198; x_wconf 78' lang='grc' dir='ltr'><strong><em>ἑαυτῶν</em></strong></span> <span class='ocrx_word' id='word_1_255' title='bbox 1764 3135 2137 3219; x_wconf 81' lang='grc' dir='ltr'><strong><em>συνείδησιν</em></strong></span> <span class='ocrx_word' id='word_1_256' title='bbox 2189 3129 2556 3217; x_wconf 79' lang='grc' dir='ltr'><strong><em>ἀνευλόγως</em></strong></span> 
     </span>
     <span class='ocr_line' id='line_1_30' title="bbox 218 3227 2548 3321; baseline -0.002 -19"><span class='ocrx_word' id='word_1_257' title='bbox 218 3233 609 3321; x_wconf 55' lang='grc' dir='ltr'><strong><em>ἐπάτησανζ</em></strong></span> <span class='ocrx_word' id='word_1_258' title='bbox 667 3235 779 3300; x_wconf 84' lang='grc' dir='ltr'><strong><em>καὶ</em></strong></span> <span class='ocrx_word' id='word_1_259' title='bbox 833 3235 951 3299; x_wconf 81' lang='grc' dir='ltr'><strong><em>τοῦ</em></strong></span> <span class='ocrx_word' id='word_1_260' title='bbox 1007 3231 1279 3311; x_wconf 88' lang='grc' dir='ltr'><strong><em>κανόνος</em></strong></span> <span class='ocrx_word' id='word_1_261' title='bbox 1332 3233 2024 3320; x_wconf 66' lang='grc' dir='ltr'><strong><em>παραῤῥιπτομένουό</em></strong></span> <span class='ocrx_word' id='word_1_262' title='bbox 2062 3227 2394 3318; x_wconf 81' lang='grc' dir='ltr'><strong><em>ἠνείχοντο</em></strong></span> <span class='ocrx_word' id='word_1_263' title='bbox 2438 3235 2548 3298; x_wconf 77' lang='grc' dir='ltr'><strong><em>καὶ</em></strong></span> 
     </span>
     <span class='ocr_line' id='line_1_31' title="bbox 216 3328 2551 3424; baseline -0.001 -22"><span class='ocrx_word' id='word_1_264' title='bbox 216 3334 334 3424; x_wconf 75' lang='grc' dir='ltr'><strong><em>τήν</em></strong></span> <span class='ocrx_word' id='word_1_265' title='bbox 388 3330 764 3423; x_wconf 77' lang='grc' dir='ltr'><strong><em>ὖφεδρίαν“</em></strong></span> <span class='ocrx_word' id='word_1_266' title='bbox 819 3334 934 3402; x_wconf 70' lang='grc' dir='ltr'><strong><em>ἐπὶ</em></strong></span> <span class='ocrx_word' id='word_1_267' title='bbox 990 3337 1123 3400; x_wconf 82' lang='grc' dir='ltr'><strong><em>τῶν</em></strong></span> <span class='ocrx_word' id='word_1_268' title='bbox 1176 3335 1338 3419; x_wconf 79' lang='grc' dir='ltr'><strong><em>πρὶν</em></strong></span> <span class='ocrx_word' id='word_1_269' title='bbox 1387 3332 1905 3421; x_wconf 86' lang='grc' dir='ltr'><strong><em>χαρτοφυλάκων</em></strong></span> <span class='ocrx_word' id='word_1_270' title='bbox 1957 3328 2370 3420; x_wconf 69' lang='grc' dir='ltr'><strong><em>ἠσπάζοντος</em></strong></span> <span class='ocrx_word' id='word_1_271' title='bbox 2442 3335 2551 3399; x_wconf 81' lang='grc' dir='ltr'><strong><em>καὶ</em></strong></span> 
     </span>
     <span class='ocr_line' id='line_1_32' title="bbox 215 3432 2552 3523; baseline -0.001 -21"><span class='ocrx_word' id='word_1_272' title='bbox 215 3435 471 3521; x_wconf 85' lang='grc' dir='ltr'><strong><em>μισθὸν</em></strong></span> <span class='ocrx_word' id='word_1_273' title='bbox 512 3435 773 3515; x_wconf 84' lang='grc' dir='ltr'><strong><em>τούτοις</em></strong></span> <span class='ocrx_word' id='word_1_274' title='bbox 813 3438 931 3523; x_wconf 85' lang='grc' dir='ltr'><strong><em>τῆς</em></strong></span> <span class='ocrx_word' id='word_1_275' title='bbox 971 3438 1104 3502; x_wconf 84' lang='grc' dir='ltr'><strong><em>τῶν</em></strong></span> <span class='ocrx_word' id='word_1_276' title='bbox 1149 3435 1340 3521; x_wconf 80' lang='grc' dir='ltr'><strong><em>ἱερῶν</em></strong></span> <span class='ocrx_word' id='word_1_277' title='bbox 1382 3434 1674 3502; x_wconf 84' lang='grc' dir='ltr'><strong><em>κανόνων</em></strong></span> <span class='ocrx_word' id='word_1_278' title='bbox 1718 3433 2260 3523; x_wconf 85' lang='grc' dir='ltr'><strong><em>περιφρονήσεως</em></strong></span> <span class='ocrx_word' id='word_1_279' title='bbox 2290 3432 2407 3521; x_wconf 80' lang='grc' dir='ltr'><strong><em>τὴν</em></strong></span> <span class='ocrx_word' id='word_1_280' title='bbox 2436 3432 2552 3500; x_wconf 76' lang='grc' dir='ltr'><strong><em>ἐπὶ</em></strong></span> 
     </span>
     <span class='ocr_line' id='line_1_33' title="bbox 216 3531 2554 3623; baseline -0 -19"><span class='ocrx_word' id='word_1_281' title='bbox 216 3536 339 3617; x_wconf 81' lang='grc' dir='ltr'><strong><em>τὰς</em></strong></span> <span class='ocrx_word' id='word_1_282' title='bbox 378 3536 704 3620; x_wconf 79' lang='grc' dir='ltr'><strong><em>λαχούσας</em></strong></span> <span class='ocrx_word' id='word_1_283' title='bbox 744 3534 981 3615; x_wconf 76' lang='grc' dir='ltr'><strong><em>αὐτοὺς</em></strong></span> <span class='ocrx_word' id='word_1_284' title='bbox 1024 3536 1363 3623; x_wconf 76' lang='grc' dir='ltr'><strong><em>ἐκκλησίας</em></strong></span> <span class='ocrx_word' id='word_1_285' title='bbox 1405 3531 1733 3606; x_wconf 81' lang='grc' dir='ltr'><strong><em>ἇπέλασιν</em></strong></span> <span class='ocrx_word' id='word_1_286' title='bbox 1779 3536 2033 3616; x_wconf 79' lang='grc' dir='ltr'><strong><em>δίδωσι,</em></strong></span> <span class='ocrx_word' id='word_1_287' title='bbox 2099 3533 2327 3602; x_wconf 87' lang='grc' dir='ltr'><strong><em>κανόνι</em></strong></span> <span class='ocrx_word' id='word_1_288' title='bbox 2368 3557 2554 3603; x_wconf 88' lang='grc' dir='ltr'><strong><em>στοι-</em></strong></span> 
     </span>
     <span class='ocr_line' id='line_1_34' title="bbox 213 3633 2552 3724; baseline -0.001 -20"><span class='ocrx_word' id='word_1_289' title='bbox 213 3641 424 3723; x_wconf 83' lang='grc' dir='ltr'><strong><em>χοῦσα</em></strong></span> <span class='ocrx_word' id='word_1_290' title='bbox 476 3633 820 3705; x_wconf 75' lang='grc' dir='ltr'><strong><em>κάνταῦθα</em></strong></span> <span class='ocrx_word' id='word_1_291' title='bbox 872 3637 1409 3724; x_wconf 75' lang='grc' dir='ltr'><strong><em>ἑκκλησιαστικῷ,</em></strong></span> <span class='ocrx_word' id='word_1_292' title='bbox 1477 3642 1587 3706; x_wconf 82' lang='grc' dir='ltr'><strong><em>καὶ</em></strong></span> <span class='ocrx_word' id='word_1_293' title='bbox 1641 3649 1787 3719; x_wconf 84' lang='grc' dir='ltr'><strong><em>τοῖς</em></strong></span> <span class='ocrx_word' id='word_1_294' title='bbox 1842 3645 2364 3724; x_wconf 84' lang='grc' dir='ltr'><strong><em>περιφρονηταῖς</em></strong></span> <span class='ocrx_word' id='word_1_295' title='bbox 2417 3638 2552 3702; x_wconf 80' lang='grc' dir='ltr'><strong><em>τῶν</em></strong></span> 
     </span>
     <span class='ocr_line' id='line_1_35' title="bbox 218 3731 2553 3824; baseline -0.002 -17"><span class='ocrx_word' id='word_1_296' title='bbox 218 3738 509 3808; x_wconf 87' lang='grc' dir='ltr'><strong><em>κανόνων</em></strong></span> <span class='ocrx_word' id='word_1_297' title='bbox 563 3739 845 3816; x_wconf 77' lang='grc' dir='ltr'><strong><em>ἐκείνους</em></strong></span> <span class='ocrx_word' id='word_1_298' title='bbox 897 3733 1134 3816; x_wconf 81' lang='grc' dir='ltr'><strong><em>αὐτοὺς</em></strong></span> <span class='ocrx_word' id='word_1_299' title='bbox 1186 3737 1343 3816; x_wconf 84' lang='grc' dir='ltr'><strong><em>τοὺς</em></strong></span> <span class='ocrx_word' id='word_1_300' title='bbox 1387 3738 1601 3824; x_wconf 76' lang='grc' dir='ltr'><strong><em>ἱεροὺς</em></strong></span> <span class='ocrx_word' id='word_1_301' title='bbox 1642 3738 1921 3817; x_wconf 86' lang='grc' dir='ltr'><strong><em>κανόνας</em></strong></span> <span class='ocrx_word' id='word_1_302' title='bbox 1965 3737 2059 3816; x_wconf 79' lang='grc' dir='ltr'><strong><em>εἰς</em></strong></span> <span class='ocrx_word' id='word_1_303' title='bbox 2103 3735 2354 3822; x_wconf 73' lang='grc' dir='ltr'><strong><em>ἄμυναν</em></strong></span> <span class='ocrx_word' id='word_1_304' title='bbox 2399 3731 2553 3802; x_wconf 80' lang='grc' dir='ltr'><strong><em>άντ-</em></strong></span> 
     </span>
     <span class='ocr_line' id='line_1_36' title="bbox 224 3834 2553 3927; baseline -0.003 -19"><span class='ocrx_word' id='word_1_305' title='bbox 224 3841 560 3927; x_wconf 84' lang='grc' dir='ltr'><strong><em>εξάγουσα.</em></strong></span> <span class='ocrx_word' id='word_1_306' title='bbox 650 3834 803 3907; x_wconf 77' lang='grc' dir='ltr'><strong><em>οὐδὲ</em></strong></span> <span class='ocrx_word' id='word_1_307' title='bbox 848 3837 989 3925; x_wconf 84' lang='grc' dir='ltr'><strong><em>γὰρ</em></strong></span> <span class='ocrx_word' id='word_1_308' title='bbox 1059 3865 1140 3905; x_wconf 87' lang='grc' dir='ltr'><strong><em>αν</em></strong></span> <span class='ocrx_word' id='word_1_309' title='bbox 1206 3837 1411 3920; x_wconf 82' lang='grc' dir='ltr'><strong><em>ε’χοιεν</em></strong></span> <span class='ocrx_word' id='word_1_310' title='bbox 1479 3839 1686 3923; x_wconf 83' lang='grc' dir='ltr'><strong><em>λέγειν</em></strong></span> <span class='ocrx_word' id='word_1_311' title='bbox 1742 3840 1807 3905; x_wconf 79' lang='grc' dir='ltr'><strong><em>οἱ</em></strong></span> <span class='ocrx_word' id='word_1_312' title='bbox 1863 3842 1995 3905; x_wconf 81' lang='grc' dir='ltr'><strong><em>τῶν</em></strong></span> <span class='ocrx_word' id='word_1_313' title='bbox 2052 3838 2330 3903; x_wconf 82' lang='grc' dir='ltr'><strong><em>όυτικῶν</em></strong></span> <span class='ocrx_word' id='word_1_314' title='bbox 2382 3858 2553 3921; x_wconf 86' lang='grc' dir='ltr'><strong><em>προ-</em></strong></span> 
     </span>
     <span class='ocr_line' id='line_1_37' title="bbox 222 3929 2555 4026; baseline -0.004 -17"><span class='ocrx_word' id='word_1_315' title='bbox 222 3945 500 4021; x_wconf 83' lang='grc' dir='ltr'><strong><em>εστῶτες</em></strong></span> <span class='ocrx_word' id='word_1_316' title='bbox 541 3936 881 4026; x_wconf 78' lang='grc' dir='ltr'><strong><em>ἀρχιερεῖς,</em></strong></span> <span class='ocrx_word' id='word_1_317' title='bbox 928 3937 1046 4004; x_wconf 77' lang='grc' dir='ltr'><strong><em>ἐπὶ</em></strong></span> <span class='ocrx_word' id='word_1_318' title='bbox 1085 3936 1317 4022; x_wconf 84' lang='grc' dir='ltr'><strong><em>χρόνον</em></strong></span> <span class='ocrx_word' id='word_1_319' title='bbox 1358 3937 1607 4023; x_wconf 86' lang='grc' dir='ltr'><strong><em>μακρὸν</em></strong></span> <span class='ocrx_word' id='word_1_320' title='bbox 1650 3941 1782 4004; x_wconf 78' lang='grc' dir='ltr'><strong><em>τῶν</em></strong></span> <span class='ocrx_word' id='word_1_321' title='bbox 1827 3938 2405 4022; x_wconf 80' lang='grc' dir='ltr'><strong><em>ἒμπιστευθέντων</em></strong></span> <span class='ocrx_word' id='word_1_322' title='bbox 2436 3929 2555 4001; x_wconf 81' lang='grc' dir='ltr'><strong><em>αὗ-</em></strong></span> 
     </span>
    </p>
   </div>
   <div class='ocr_carea' id='block_1_6' title="bbox 222 4098 2554 4343">
    <p class='ocr_par' dir='ltr' id='par_1_7' title="bbox 222 4098 2554 4343">
     <span class='ocr_line' id='line_1_38' title="bbox 358 4098 2553 4173; baseline -0.003 -12.823"><span class='ocrx_word' id='word_1_323' title='bbox 358 4108 483 4161; x_wconf 86' lang='lat' dir='ltr'>².Al</span> <span class='ocrx_word' id='word_1_324' title='bbox 517 4104 909 4167; x_wconf 75' lang='grc' dir='ltr'><strong><em>ἂνεξάλειπτον.</em></strong></span> <span class='ocrx_word' id='word_1_325' title='bbox 1070 4105 1091 4136; x_wconf 81' lang='lat'>⁸</span> <span class='ocrx_word' id='word_1_326' title='bbox 1121 4108 1192 4160; x_wconf 87' lang='lat' dir='ltr'><strong><em>Al.</em></strong></span> <span class='ocrx_word' id='word_1_327' title='bbox 1229 4101 1619 4173; x_wconf 68' lang='grc' dir='ltr'><strong><em>ἐπικριθεῖσαν.</em></strong></span> <span class='ocrx_word' id='word_1_328' title='bbox 1776 4106 1904 4158; x_wconf 81' lang='lat' dir='ltr'><strong><em>⁴.Al</em></strong></span> <span class='ocrx_word' id='word_1_329' title='bbox 1940 4104 2121 4155; x_wconf 78' lang='grc' dir='ltr'><strong><em>τοῦτο.</em></strong></span> <span class='ocrx_word' id='word_1_330' title='bbox 2276 4103 2403 4156; x_wconf 73' lang='lat' dir='ltr'><strong><em>&#39;AL</em></strong></span> <span class='ocrx_word' id='word_1_331' title='bbox 2440 4098 2553 4173; x_wconf 76' lang='grc' dir='ltr'><strong><em>ὁρί-</em></strong></span> 
     </span>
     <span class='ocr_line' id='line_1_39' title="bbox 225 4185 2554 4261; baseline -0 -20"><span class='ocrx_word' id='word_1_332' title='bbox 225 4190 392 4250; x_wconf 71' lang='grc' dir='ltr'><strong><em>ζουσι.</em></strong></span> <span class='ocrx_word' id='word_1_333' title='bbox 530 4191 554 4222; x_wconf 81' lang='lat'>⁸</span> <span class='ocrx_word' id='word_1_334' title='bbox 585 4195 659 4245; x_wconf 88' lang='lat' dir='ltr'><strong><em>Al.</em></strong></span> <span class='ocrx_word' id='word_1_335' title='bbox 692 4189 1013 4261; x_wconf 76' lang='grc' dir='ltr'><strong><em>κατατιθέμ.</em></strong></span> <span class='ocrx_word' id='word_1_336' title='bbox 1153 4188 1174 4218; x_wconf 82' lang='lat'>’</span> <span class='ocrx_word' id='word_1_337' title='bbox 1206 4193 1278 4243; x_wconf 83' lang='lat' dir='ltr'><strong><em>Al.</em></strong></span> <span class='ocrx_word' id='word_1_338' title='bbox 1313 4185 1596 4259; x_wconf 79' lang='grc' dir='ltr'><strong><em>ἧρεμαῖον.</em></strong></span> <span class='ocrx_word' id='word_1_339' title='bbox 1736 4189 1760 4219; x_wconf 85' lang='lat'>⁸</span> <span class='ocrx_word' id='word_1_340' title='bbox 1793 4191 1883 4241; x_wconf 80' lang='lat' dir='ltr'>Alii</span> <span class='ocrx_word' id='word_1_341' title='bbox 1918 4189 2020 4239; x_wconf 80' lang='grc' dir='ltr'><strong><em>νῦν</em></strong></span> <span class='ocrx_word' id='word_1_342' title='bbox 2054 4190 2292 4253; x_wconf 75' lang='lat' dir='ltr'><strong>omittunt,</strong></span> <span class='ocrx_word' id='word_1_343' title='bbox 2326 4190 2408 4242; x_wconf 76' lang='lat' dir='ltr'>alii</span> <span class='ocrx_word' id='word_1_344' title='bbox 2442 4197 2554 4255; x_wconf 73' lang='lat' dir='ltr'><strong><em>post</em></strong></span> 
     </span>
     <span class='ocr_line' id='line_1_40' title="bbox 222 4267 2550 4343; baseline 0 -19"><span class='ocrx_word' id='word_1_345' title='bbox 222 4270 469 4340; x_wconf 77' lang='grc' dir='ltr'><strong><em>βασιλεία</em></strong></span> <span class='ocrx_word' id='word_1_346' title='bbox 499 4291 609 4342; x_wconf 83' lang='grc' dir='ltr'><strong><em>μου</em></strong></span> <span class='ocrx_word' id='word_1_347' title='bbox 644 4288 842 4342; x_wconf 73' lang='lat' dir='ltr'>ponunt.</span> <span class='ocrx_word' id='word_1_348' title='bbox 1012 4275 1035 4303; x_wconf 78' lang='lat'><strong>⁰</strong></span> <span class='ocrx_word' id='word_1_349' title='bbox 1069 4277 1139 4327; x_wconf 85' lang='lat' dir='ltr'><strong><em>Al.</em></strong></span> <span class='ocrx_word' id='word_1_350' title='bbox 1177 4267 1477 4336; x_wconf 78' lang='grc' dir='ltr'><strong><em>ἧπάτησαν.</em></strong></span> <span class='ocrx_word' id='word_1_351' title='bbox 1621 4273 1660 4302; x_wconf 82' lang='lat'><strong><em>¹⁰</em></strong></span> <span class='ocrx_word' id='word_1_352' title='bbox 1688 4277 1765 4327; x_wconf 85' lang='lat' dir='ltr'><strong><em>Al.</em></strong></span> <span class='ocrx_word' id='word_1_353' title='bbox 1799 4270 2240 4343; x_wconf 76' lang='grc' dir='ltr'><strong><em>παραρριπτουμ.</em></strong></span> <span class='ocrx_word' id='word_1_354' title='bbox 2411 4273 2441 4301; x_wconf 89' lang='lat'><strong><em>¹¹</em></strong></span> <span class='ocrx_word' id='word_1_355' title='bbox 2477 4275 2550 4325; x_wconf 82' lang='lat' dir='ltr'><strong><em>Al.</em></strong></span> 
     </span>
    </p>
   </div>
   <div class='ocr_carea' id='block_1_7' title="bbox 223 4351 538 4425">
    <p class='ocr_par' dir='ltr' id='par_1_8' title="bbox 223 4351 538 4425">
     <span class='ocr_line' id='line_1_41' title="bbox 223 4351 538 4425; baseline -0.006 -17"><span class='ocrx_word' id='word_1_356' title='bbox 223 4351 538 4425; x_wconf 76' lang='grc' dir='ltr'><strong><em>ὗφιδρείαν.</em></strong></span> 
     </span>
    </p>
   </div>
  </div>
 </body>
</html>
