2900 4950
360 245 442 304 50
1250 246 1369 296 con.
1410 247 1444 295 1.
1514 245 1812 295 Nov.xxv1.

357 403 571 488 μελῶς
612 401 760 475 ταῖς
804 401 1148 482 φροντίσιν
1195 392 1638 479 ἐπαγρυπνεῖν
1690 416 1799 456 και
1857 389 2078 456 πάντα
2121 388 2237 456 τὸν
2283 389 2493 454 πόνον
2538 382 2711 454 ἀνα-

359 502 712 589 δεχθῆναιῦ
754 497 1002 580 νύκτωρ
1049 520 1122 561 τε
1163 496 1271 559 καὶ
1315 487 1470 577 μεθ’
1518 489 1765 578 ἡμέραν
1817 490 2409 579 προεθυμήθημεν,
2458 515 2712 556 πεπει-

359 605 562 681 θότες
606 601 673 667 ἰν
715 598 928 683 τούτω
970 597 1263 681 μάλιστα
1304 592 1842 660 κατευθύνεσθαι
1881 590 2000 678 τὴν
2033 594 2149 677 τῆς
2181 597 2511 677 σωτηρίας
2542 586 2708 656 ὁδὸν

360 707 466 770 καὶ
511 701 627 768 τὸν
672 704 916 785 στέφος
968 694 1124 783 ἡμῖν
1181 694 1649 782 δωρησάμενον
1703 692 2237 777 μεγαλοκράτορα
2294 693 2573 778 βασιλέα
2615 690 2712 757 τὰ

360 793 638 891 μέγιστα
682 798 1079 884 θεραπεύειν
1124 801 1229 863 καὶ
1276 799 1393 882 τῆς
1448 790 1603 881 παρ’
1655 788 1854 859 αὐτοῦ
1902 788 2266 860 ἀπολαύειν
2313 792 2713 880 φιλανθρώ-

365 931 499 972 που
529 904 933 989 κηδεμονίας.
1024 893 1290 980 ἀμέλει“
1332 903 1554 963 τοίνυν
1597 898 1702 962 καὶ
1736 898 1848 960 νῦν
1883 898 1999 981 τῆς
2040 894 2372 980 συνήθους
2407 892 2713 976 ἐχόμενοι

367 1002 823 1093 φιλαγρύπνου
869 999 1279 1083 ἐπιμελείας,
1338 996 1612 1083 πρᾶγμά
1661 1023 1728 1062 τι
1773 995 2001 1062 σκαιὸν
2043 997 2150 1061 καὶ
2197 993 2417 1080 πάσης
2460 989 2712 1076 ἀναμέ-

365 1129 602 1194 τρητον
646 1105 1094 1186 παρανομίας,
1157 1094 1384 1184 ῶσπερ
1441 1101 1504 1163 τὶ
1568 1095 2032 1185 φθοροποιὸνΊ
2076 1099 2181 1163 καὶ
2230 1096 2549 1180 λοιμῶδες
2592 1094 2714 1159 νό-

369 1233 546 1293 σημα
589 1200 1066 1287 παρεισπεσὸν,
1117 1198 1513 1286 ἐξαφανίσαι
1549 1201 1652 1265 καὶ
1700 1202 1816 1286 τῆς
1860 1200 2204 1275 πολιτείας
2231 1201 2348 1284 τῆς
2387 1193 2713 1284 ἡμετέρας

368 1308 778 1393 ποῤῥωτάτω
810 1299 1144 1368 ἀπελάσαι
1178 1300 1630 1387 διενοήθημεν.
1703 1294 1965 1366 ἀνόσιοι
1994 1300 2116 1384 γάρ
2148 1323 2317 1376 τινες
2345 1300 2451 1362 καὶ
2485 1321 2712 1380 παρα-

368 1415 566 1494 νομίᾳ
613 1405 947 1485 συζῶντες,
996 1395 1111 1466 ούκ
1151 1398 1381 1484 ἄνδρες
1409 1400 1612 1484 μόνον
1645 1395 1812 1467 ἀλλὰ
1854 1403 1960 1467 καὶ
2004 1410 2319 1486 γυναῖκες,
2364 1401 2480 1483 τῆς
2512 1403 2713 1476 θείας

372 1504 810 1594 ἀλογήσαντες
866 1502 1161 1588 ἐντολῆς,
1232 1496 1553 1586 ἀλλήλους
1616 1496 2140 1587 ἀποστυγοῦντες
2193 1499 2276 1566 τὰ
2330 1504 2713 1565 συνοικέσια

312 1617 325 1622 “
373 1609 550 1674 λύειν
597 1603 1058 1691 διενοήθησαν,
1107 1602 1173 1668 οἱ
1213 1603 1335 1686 μὲν
1379 1597 1516 1667 ὖπό
1544 1628 1617 1668 τε
1643 1611 1924 1688 γυναίων
1956 1598 2255 1686 ἀσέμνων
2283 1603 2389 1665 καὶ
2430 1603 2544 1686 τῆς
2571 1602 2713 1665 τῶν

368 1705 622 1797 ἡδονῶν
654 1702 1207 1790 οἰστρηλατούσης
1237 1698 1593 1780 ἀκολασίας
1624 1702 2185 1787 συνελαυνόμενοι,
2223 1701 2294 1768 αἱ
2325 1704 2398 1768 δὲ
2429 1699 2714 1786 σκήψεις

369 1808 554 1886 τινὰς
599 1801 714 1872 οῦκ
757 1801 1085 1889 ἀπρεπεῖς
1128 1803 1293 1869 κατὰ
1322 1803 1438 1890 τὴν
1467 1808 1599 1869 τῶν
1634 1798 1891 1888 ἀνδρῶν
1922 1801 2454 1890 προβαλλόμενοι
2482 1808 2714 1887 κοίτην

374 1907 465 1988 ῶς
509 1912 716 1996 δῆθεν
771 1906 866 1983 εἰς
920 1904 1036 1990 τὴν
1082 1905 1330 1971 ἑαυτῶν
1376 1899 1562 1988 εύνὴν
1608 1904 2136 1990 ἔξυβρισάντωνθ,
2198 1904 2500 1970 ἐπίνοιάν
2553 1928 2715 1969 τινα

374 2007 464 2090 ῶς
508 2007 723 2095 δεινὴν
766 2008 871 2072 καὶ
918 2004 1328 2089 κακότροπον
1382 2000 1494 2069 ὑπ’
1544 2000 1745 2071 αὐτοῦ
1787 2009 1905 2071 τοῦ
1951 2009 2277 2093 σοφιστοῦ
2321 2008 2437 2092 τῆς
2478 2010 2716 2084 κακίας

374 2107 878 2197 ἐμηχανήσαντο.
968 2103 1051 2171 τὰ
1096 2110 1383 2192 σφέτερα
1436 2104 1559 2190 γὰρ
1614 2111 1803 2172 τέκνα
1860 2107 1927 2173 ἔκ
1971 2110 2088 2172 τοῦ
2131 2109 2280 2192 ‘erig’
2323 2107 2715 2192 παλιγγενε-

374 2218 525 2288 σίας
569 2210 863 2292 λουτροῦ,
909 2209 1027 2293 τρῦ
1073 2202 1260 2290 ἁγίου
1307 2207 1525 2292 φαμὲν
1568 2208 1674 2271 καὶ
1723 2208 2182 2293 σωτηριώδους
2220 2214 2710 2292 βαπτίσματος,

373 2305 778 2388 ἀνεδέξαντο,
824 2301 943 2372 κάκ
985 2306 1220 2372 τούτου
1263 2304 1434 2389 πρὸς
1478 2312 1800 2389 θέσμιτον
1847 2297 2056 2392 ἦλθον
2100 2308 2443 2389 διάζευξιν,
2487 2306 2602 2395 τὴν
2639 2308 2716 2388 ἒξ

374 2408 628 2498 ἀμφοῖν
676 2413 832 2493 θείᾳ
868 2407 1092 2492 χάριτι
1133 2411 1292 2490 μίαν
1337 2406 1545 2490 σάρκα
1597 2414 2015 2496 γεγενημένην
2063 2410 2404 2497 τολμηρῶς
2458 2405 2711 2476 ἀποτε-

372 2512 606 2596 μόντες
647 2510 752 2575 καὶ
799 2508 916 2594 τὴν
947 2506 1295 2592 ἐπαινετὴν
1327 2509 1561 2574 ἕνωσιν
1594 2503 1990 2597 ἀτοπωτάτῃ
2023 2509 2332 2588 λύσαντες
2363 2511 2705 2594 διαιρέσει,

373 2616 478 2679 καὶ
527 2607 864 2687 ἀπωλείας
916 2610 1037 2692 μὲν
1082 2608 1290 2673 α’ίτιοι
1334 2612 1449 2696 τῆς
1494 2607 1744 2676 ἑαυτῶν
1790 2616 2314 2697 φαντασθέντες,
2379 2606 2710 2678 ἀπευκτὸν

375 2714 447 2779 δὲ
489 2715 568 2797 τῇ
600 2710 908 2796 πολιτείᾳ
937 2707 1273 2794 γενόμενοι
1302 2706 1620 2792 ἄκουσμα.
1694 2707 1935 2797 ταύτην
1964 2715 2313 2797 τοιγαροῦν
2341 2712 2455 2799 τήν
2487 2737 2711 2797 παρα-

373 2818 608 2896 νομίαν
653 2809 919 2887 ἐνδίκως
961 2806 1214 2877 ἀνελεῖν
1262 2811 1706 2896 βουληθέντες
1759 2810 1869 2878 καὶ
1922 2811 2039 2898 τὴν
2097 2812 2557 2899 προσήκουσαν
2608 2816 2709 2899 τῷ

374 2912 717 2999 σφάλματι
747 2909 1115 2994 διόρθωσιν
1147 2910 1592 2978 ἐπιτίθεσθαι
1620 2910 2043 2991 σπεύσαντες,
2089 2914 2435 3000 συμβούλῳ
2465 2910 2706 2999 ἀγαθῷ

372 3023 516 3091 τοῖς
534 3015 650 3076 τοῦ
684 3014 847 3078 θεοῦ
868 3011 1263 3097 χρησάμενοι
1287 3009 1746 3094 δικαιώμασιν,
1764 3011 2114 3098 -καὶγὰρ
2134 3012 2222 3098 μὴ
2243 3016 2472 3100 χρῆναι
2495 3013 2706 3100 ἄνδρα

371 3113 673 3200 γυναικὸς
717 3112 1221 3198 διαζεύγνυσθαι
1268 3111 1593 3196 παρεκτὸς
1649 3112 1844 3199 λόγου
1889 3120 2203 3198 πορνείας
2257 3110 2294 3201 ἡ
2339 3119 2468 3180 τῶν
2514 3116 2706 3198 ἱερω-

371 3214 585 3280 τάτων
630 3216 869 3298 λογίων
911 3214 1319 3296 κυριόλεκτος
1365 3212 1778 3300 διαῤῥήδηνό
1820 3214 2188 3282 ἐκδιδάσκει
2230 3213 2412 3301 φωνὴ
2441 3252 2539 3295 -,
2587 3215 2706 3284 ἐπὶ

371 3315 562 3400 τήνδε
607 3314 834 3380 ἐλθεῖν
876 3312 992 3398 τὴν
1039 3308 1269 3401 εύσεβῆ
1324 3320 1732 3398 νομοθεσίαν
1775 3319 1908 3381 τῶν
1954 3313 2481 3402 ἀναγκαιοτάτων
2536 3315 2712 3401 ἐκρί-

372 3439 572 3496 ναμεν
628 3424 882 3491 ποιεῖν,
943 3408 1308 3500 ὡρισμένην
1366 3414 1629 3493 ἐντάξαι
1684 3415 1924 3503 ταύτην
1984 3419 2238 3483 δίκαιον
2287 3412 2706 3502 ἡγησάμενοι,

373 3511 463 3590 ὥς
508 3507 588 3577 ἄν
630 3512 747 3598 τὴν
792 3513 1075 3599 λοίμην”
1133 3517 1251 3579 τοῦ
1309 3509 1826 3603 ἀῤῥωστήματος
1884 3517 2241 3604 στήσαιμεν
2297 3516 2386 3603 μὴ
2442 3519 2712 3603 ποῤῥω-

370 3615 596 3695 τέρω“’
652 3616 998 3699 προβῆναι.
1089 3615 1148 3681 εἰ
1203 3612 1324 3700 γάρ
1380 3618 1670 3703 μηδεμία
1724 3620 1844 3701 μὲν
1887 3621 1966 3706 τῇ
2026 3614 2221 3706 ἀρετῇ
2272 3624 2714 3704 παριέψεταιω

369 3714 525 3802 τιμή
571 3739 642 3781 τε
684 3716 790 3780 καὶ
839 3711 1113 3794 εῦκλεια,
1159 3710 1492 3782 ἀκόλαστα
1537 3721 1612 3786 δὲ’
1652 3719 1735 3786 τὰ
1777 3723 1951 3806 τῆς“
1995 3727 2224 3798 κακίας
2268 3714 2555 3807 ἀφεθείη
2597 3725 2710 3788 καὶ

507 3917 527 3943 ⁵
561 3919 676 3968 Cod.
714 3909 1125 3985 ἀναδειχθῆναι.
1302 3917 1324 3945 '⁸
1361 3921 1477 3971 eod.
1516 3924 1575 3971 nd
1612 3924 1901 3984 marginem:
1940 3924 2256 3990 τοιγαροῦν.
2433 3923 2452 3951 ⁴¹
2488 3925 2604 3974 Cod.
2641 3928 2704 3976 nd

372 4002 662 4059 marginem:
701 3998 945 4067 πονηρὸν
977 4000 1066 4052 καὶ
1090 3997 1287 4070 μωρὸν
1300 4000 1393 4053 καὶ
1427 3997 1742 4069 ἀβούλητον.
1885 4007 1906 4035 ⁰
1943 4006 2060 4058 Cod.
2087 4016 2311 4072 corrupte
2338 4012 2438 4058 sic:
2479 4004 2711 4069 σκήψεις

373 4079 432 4130 δέ
468 4096 620 4136 τινας·
655 4112 711 4120 -—
750 4083 889 4133 κατὰ
924 4087 1039 4135 τῶν
1071 4080 1294 4152 ἀνδρῶν
1327 4115 1389 4124 -
1427 4082 1824 4158 ἔξυβρίσαντας.
1978 4090 2000 4118 ⁹
2037 4094 2182 4143 Deest
2217 4096 2264 4142 in
2304 4094 2422 4144 Cod.
2458 4094 2707 4145 uniendus·

371 4164 411 4193 ’⁰
446 4167 561 4215 Cod.
601 4168 646 4215 in
684 4182 859 4231 marga
900 4170 1170 4235 φανερῶς.
1326 4169 1357 4198 ¹¹
1393 4174 1526 4223 Idem
1564 4175 1769 4225 ibidem:
1808 4169 2026 4239 βλάβην.
2183 4176 2221 4203 ¹²
2258 4178 2334 4226 Vel
2371 4172 2698 4242 περαιτέρω.

373 4250 489 4300 Cod.
507 4241 632 4313 παρ’
670 4244 851 4317 ἑτέρῳ.
994 4251 1029 4280 '³
1067 4255 1182 4305 Cod.
1204 4262 1454 4318 corrupte:
1496 4249 1527 4316 ἦ
1560 4251 1669 4323 γὰρ
1702 4258 1782 4325 μῆ
1818 4255 1878 4310 δὲ
1910 4257 1987 4327 μὴ
2027 4253 2227 4328 ἀμένος
2259 4260 2325 4327 τῇ
2362 4251 2527 4328 ἀρετῇ
2561 4275 2704 4325 παρ-

373 4326 587 4396 όψεται.
731 4332 767 4362 ¹⁴
803 4337 1063 4386 Armenium
1104 4338 1219 4387 Cod.
1258 4354 1351 4386 non
1391 4340 1549 4389 hahet.
