2900 4950
324 207 333 216 ’
369 244 493 306 292
1270 256 1389 306 con.
1425 255 1507 307 m.
1576 255 1690 306 nov.
1726 255 1840 306 m.

1278 507 1285 515 ·
1357 473 1531 535 Nov.
1574 472 1726 535 XlX.

1048 591 1199 672 Imp.
1266 590 1677 672 Nicephori
1745 589 2035 652 Phocae

1113 693 1189 755 de
1219 693 1593 755 monasteriis
1611 694 1647 753 ¹.
1695 694 1784 767 (Α.
1801 695 1972 770 964.)

375 875 626 973 Νεαρὰ
691 873 1156 975 νικηφόρου2
1217 875 1621 974 βασιλέως,
1686 877 1782 973 ἢν
1846 876 2038 950 κατὰ
2111 876 2197 951 τὸ
2251 874 2335 983 α’,
2373 878 2536 963 ἔτος
2583 887 2719 975 τῆς

372 998 609 1071 αὐτοῦ
656 995 1038 1093 βασιλείας
1084 996 1248 1092 ἤτοι
1297 993 1489 1068 κατὰ
1543 994 1681 1090 τὴν
1736 989 1807 1084 ζ’
1862 994 2008 1070 ivd.
2062 1003 2198 1070 τοῦ
2243 993 2471 1100 Ιςυοβ
2505 997 2719 1079 ἔτους

369 1111 827 1216 ὑπηγόρευσε
891 1112 1228 1200 ’συμειὺν
1261 1115 1293 1161 3
1374 1112 1756 1207 πατρίκιος
1852 1112 1979 1186 καὶ
2081 1122 2713 1210 πρωτασηκρῆτις,

371 1231 534 1329 περὶ
582 1239 721 1307 τοῦ
767 1230 871 1327 μὴ
921 1230 1273 1335 γίνεσθαι
1317 1229 1506 1304 νέα4
1551 1237 2018 1327 μοναστήρια
2069 1229 2196 1305 καὶ
2237 1238 2712 1331 γηροκομεῖα,

490 1345 672 1447 μήτε
721 1348 1235 1426 πλατύνεσθαι
1287 1347 1526 1432 ὅλωςὸ
1579 1347 1707 1423 διὰ
1759 1354 1916 1422 τῶν
1965 1347 2369 1444 κτημάτων
2422 1348 2594 1433 τοὺς

1236 1467 1521 1567 εὐαγεῖς
1572 1470 1839 1550 οἴκους.

534 1614 608 1685 Ὁ
635 1620 754 1684 τοῦ
796 1620 965 1685 θεοῦ
1009 1617 1266 1704 πατρὸς
1309 1615 1502 1702 λόγος
1552 1615 1765 1683 πολύν
1792 1641 1943 1683 τινα
1972 1616 2166 1703 λόγον
2194 1620 2311 1705 τῆς
2337 1612 2522 1706 ἡμῶν
2550 1641 2718 1684 ποι-

374 1718 647 1804 ούμενος
716 1726 1074 1807 σωτηρίας,
1140 1721 1248 1786 καὶ
1308 1716 1561 1796 δεικνύς
1615 1713 1803 1797 όπως
1858 1713 2016 1806 ἡμῖν
2074 1719 2292 1799 ἔσται,
2348 1720 2456 1785 καὶ
2512 1724 2715 1786 τίνων

370 1822 491 1905 μὲν
547 1809 1019 1905 ἀπεχομένους,
1088 1827 1305 1887 ποίων
1367 1821 1438 1887 δὲ
1497 1820 1601 1886 δεῖ
1661 1820 2007 1904 ἐχομένους
2059 1820 2300 1906 ταύτης
2355 1819 2711 1903 επιτυχεῒν,

369 1920 485 1988 τὸν
542 1923 834 1989 πλοῦτον
888 1925 996 1989 καὶ
1052 1920 1170 2009 τὴν
1225 1925 1357 1990 τῶν
1401 1922 1673 1988 πολλῶν
1714 1925 1943 2009 κτῆσιν
1987 1919 2298 2001 ἐπιεικῶς
2341 1921 2515 2008 πρὸς
2555 1920 2716 1989 ταύ-

369 2049 487 2111 την
532 2023 775 2102 ἔδειξεν
818 2021 1277 2107 ἐμποδίζοντα,
1327 2021 1645 2091 δύσκολον
1691 2018 1862 2092 εἶναι
1898 2034 2043 2101 τοῖς
2072 2025 2425 2101 πλουσίοις
2453 2021 2569 2109 τὴν
2599 2026 2717 2110 τῆς

368 2127 712 2212 βασιλείας
755 2124 964 2193 εἰπὼν
1009 2126 1291 2206 εἴσοδον,
1336 2127 1444 2192 καὶ
1490 2127 1811 2193 τοσοῦτον
1855 2120 2249 2212 ἆπερίττους
2281 2119 2451 2192 εἶναι
2478 2122 2718 2210 βουλό-

369 2250 593 2311 μενος,
652 2221 743 2305 ὥς
796 2225 885 2314 μὴ
942 2226 1147 2311 μόνον
1203 2226 1449 2313 ῥάβδον
1502 2222 1661 2315 ἡμῖν
1715 2230 1823 2293 καὶ
1884 2225 2103 2314 πήραν
2157 2229 2266 2293 καὶ
2300 2228 2562 2309 χιτῶνα
2598 2224 2713 2291 τὸν

374 2327 694 2413 δεύτερον,
741 2324 911 2394 ἀλλὰ
950 2330 1058 2394 καὶ
1105 2323 1305 2416 αὖτήν
1354 2353 1527 2418 φημι
1569 2328 1685 2416 τὴν
1730 2329 1826 2408 εἰς
1854 2325 2083 2414 αὔριον
2115 2321 2570 2413 ἀπαγορεῦσαι
2598 2331 2715 2414 τῆς

369 2432 623 2520 τροφῆς
663 2433 1002 2516 μέριμναν.
1065 2426 1217 2516 ἄρτι
1260 2432 1333 2499 δὲ
1374 2431 1644 2516 βλέπων
1684 2429 1802 2519 τὴν
1846 2432 2002 2517 περὶ
2047 2429 2135 2498 τὰ
2163 2428 2575 2516 μοναστήρια
2603 2435 2711 2497 καὶ

370 2532 456 2599 τὰ
511 2530 655 2619 ἱερὰ
708 2534 918 2599 ταῦτα
970 2543 1241 2617 σεμνεῒα
1296 2537 1634 2621 περιφανῆ
1690 2532 1890 2601 νόσον
1955 2532 2177 2611 (νόσον
2231 2532 2353 2619 γὰρ
2414 2531 2539 2618 ἐγὼ
2595 2531 2714 2619 τὴν

374 2628 746 2719 ἆπληστίαν
800 2634 1040 2718 ταύτην
1094 2636 1328 2715 καλῶ),
1387 2629 1504 2701 οὐκ
1562 2629 1714 2701 οἶδα
1767 2641 1915 2701 τίνα
1974 2633 2053 2722 δὴ
2096 2637 2215 2701 τοῦ
2258 2637 2457 2701 κακοῦ
2504 2639 2716 2720 θερα-

372 2741 572 2802 πείαν
626 2734 990 2824 ἐπινοήσω,
1049 2728 1093 2823 ἢ
1135 2738 1284 2814 πῶς
1323 2735 1586 2803 κολάσω
1629 2735 1747 2824 τὴν
1791 2730 2124 2822 ἀμετρίαν.
2212 2743 2352 2803 τίσι
2392 2734 2516 2855 γὰρ
2560 2760 2714 2803 πει-

372 2834 658 2921 θόμενοι
711 2840 843 2904 τῶν
897 2842 1203 2923 πατέρων
1257 2831 1302 2926 ἢ
1357 2838 1578 2905 πόθεν
1623 2837 1936 2925 λαβόντες
1978 2837 2097 2917 τὰς
2141 2831 2479 2926 ἇφορμας,
2540 2837 2714 2923 πρὸς

370 2936 694 3069 τοσαύτην
737 2937 1178 3027 περιττότητα
1219 2943 1326 3007 καὶ
1370 2946 1613 3024 μανίας
1658 2942 1929 3027 ψευδεῖς
1973 2940 2164 3020 (κατὰ
2204 2940 2319 3007 τὸν
2349 2945 2548 3006 θεῖον
2578 2941 2713 3026 φᾶ-

505 3195 521 3223 ¹
561 3198 687 3247 Haec
724 3197 911 3248 Novella
949 3199 1186 3262 reperitur
1222 3200 1269 3249 in
1305 3200 1573 3263 appendice
1609 3201 1721 3264 Syn.
1760 3201 1794 3262 l,
1830 3200 1870 3249 ΙΙ
1908 3207 1954 3249 et
1992 3200 2054 3248 111
2091 3198 2183 3260 cl.;
2224 3198 2335 3248 inde
2372 3198 2521 3248 edidit
2556 3197 2713 3248 Leun-

371 3282 483 3333 clev.
517 3283 680 3332 sesti
718 3297 763 3346 p.
795 3282 902 3345 113,
940 3291 987 3332 et
1022 3297 1074 3332 ex
1113 3297 1171 3331 eo
1207 3298 1381 3334 recusa
1417 3292 1491 3334 est
1529 3284 1577 3334 in
1601 3284 1799 3335 Collect.
1836 3298 1941 3334 can.
1969 3283 2027 3333 ed
2065 3284 2216 3334 Rhalli
2255 3282 2492 3333 etPotliV
2529 3298 2575 3347 p.
2593 3284 2710 3334 261.

251 3408 260 3415 .
371 3366 622 3417 Praeterea
666 3366 717 3416 in
765 3367 1030 3429 appendice
1077 3368 1189 3431 Syn.
1225 3369 1244 3418 1
1282 3368 1341 3417 cl.
1391 3368 1608 3433 ejusdem
1659 3370 1866 3432 epitome
1916 3369 2193 3434 exhibetur,
2241 3371 2328 3418 hnc
2363 3366 2708 3430 inscriptione:

371 3444 603 3514 Νεαρὰ
636 3443 688 3513 β’
724 3443 1122 3515 νικηφόρου
1156 3445 1314 3517 περὶ
1344 3448 1890 3519 μοναστηρίων,
1926 3445 2245 3509 ξενώνων
2276 3446 2390 3501 καὶ
2422 3466 2712 3517 γηροκο-

369 3529 636 3598 paeleum*
678 3529 1036 3600 (Θεσπίζομεν
1069 3525 1193 3583 ὅσοι
1233 3559 1290 3570 -—
1333 3530 1597 3600 τίθεμεν.)
1668 3536 1822 3595 Quam
1871 3537 2110 3600 epitomen
2162 3539 2310 3588 edidit
2358 3538 2550 3588 Leuncl.
2600 3547 2713 3603 post

372 3618 484 3682 Syn.
519 3617 648 3680 p.47
689 3624 737 3666 ct
770 3618 816 3666 in
851 3618 976 3668 JGR.
1013 3619 1032 3667 1
1068 3635 1113 3683 p.
1156 3618 1266 3670 113.
1339 3620 1559 3684 Denique
1606 3620 1824 3670 laudatur
1858 3621 2045 3672 affluis.
2082 3624 2143 3671 nd
2179 3637 2219 3671 c.
2248 3622 2269 3671 1
2311 3638 2413 3687 syn.
2451 3623 2710 3675 Primosec.

372 3701 448 3751 ed.
488 3700 637 3751 Rballi
675 3701 716 3750 lt
753 3716 800 3765 p.
822 3702 947 3765 652,
997 3718 1138 3767 quem
1187 3703 1344 3754 locum
1382 3704 1596 3755 Bonefid.
1632 3720 1680 3770 p.
1710 3703 1769 3754 31
1812 3713 1860 3756 et
1894 3706 2087 3757 Leuncl.
2121 3706 2247 3756 mn.
2285 3708 2298 3755 Ι
2340 3722 2386 3771 p.
2417 3708 2508 3757 113
2546 3709 2711 3758 edide-

371 3792 497 3836 runt.
532 3810 601 3821 -
635 3784 687 3835 ln
727 3785 844 3836 Cod.
867 3786 1062 3836 vindob.
1100 3789 1345 3851 supplem.
1381 3790 1443 3840 47
1486 3797 1533 3840 et
1567 3789 1633 3840 48
1671 3790 1781 3839 huic
1809 3790 2028 3841 Novellae
2064 3792 2110 3840 in
2149 3791 2244 3841 line
2281 3791 2576 3853 adscriptum
2602 3800 2707 3842 est:

371 3862 509 3938 ὅρα·
544 3862 677 3932 αὕτη
715 3863 744 3931 ἧ
780 3865 951 3937 νεαρὰ
985 3866 1304 3937 κατηργῆθη
1339 3869 1494 3941 παρὰ
1527 3873 1626 3923 τοῦ
1660 3872 1927 3942 τζυμιοχῆ
1945 3892 1957 3905 ·
2002 3873 2180 3928 κακῶς
2215 3871 2289 3924 δέ.
2366 3875 2462 3926 Sed
2498 3876 2603 3926 vide
2636 3877 2712 3927 in-

370 3954 442 4004 l'ra
475 3955 589 4005 Nov.
623 3956 774 4006 xxvl.
937 3954 958 3983 ²
992 3958 1073 4007 Sic
1110 3958 1200 4008 edo
1238 3974 1292 4008 ex
1329 3959 1440 4023 Syn.
1480 3960 1520 4008 11
1558 3967 1606 4010 et
1641 3960 1703 4009 111
1740 3959 1799 4011 cl.
1871 3961 1923 4010 ln
1961 3960 2117 4025 Syml
2154 3959 2212 4009 cl.
2251 3960 2559 4012 inscribitur:
2600 3960 2711 4011 Τοῦ

369 4037 537 4104 κυροῦ
583 4033 891 4108 νικηφόρου
937 4040 1034 4090 τοῦ
1078 4038 1342 4106 βασιλέως·
1387 4034 1416 4102 ἦ
1467 4038 1563 4091 νέα
1597 4040 1903 4108 νομοθεσία
1947 4045 2017 4095 vel
2052 4038 2243 4112 Νεαρὰ
2277 4059 2403 4110 νομ.
2447 4044 2544 4094 τοῦ
2576 4047 2705 4110 pac.

371 4121 540 4188 πυροῦ
573 4118 893 4191 νικηφόρου.
1068 4124 1088 4152 ³
1125 4127 1316 4177 Leunoi.
1354 4124 1550 4193 σιμαίν.
1627 4128 1670 4176 [s
1706 4128 1892 4178 seilicet
1927 4129 2126 4179 eandem
2165 4130 2528 4192 inscriptionem
2566 4131 2712 4180 babet

375 4219 527 4268 seque
563 4205 679 4256 baec
717 4222 772 4257 ex
806 4210 1154 4273 antiquissimis
1189 4212 1481 4261 membranis
1518 4211 1786 4263 electoralis
1820 4213 2143 4265 bibliothecae
2163 4213 2402 4264 Palatinae
2436 4214 2583 4265 edere
2600 4229 2713 4278 pro·

375 4289 551 4351 litetur,
585 4291 699 4340 licet
733 4290 856 4340 inter
892 4294 1127 4344 Palatinos
1162 4295 1273 4359 Syn.
1310 4295 1351 4343 11
1386 4303 1471 4345 aut
1506 4295 1569 4347 111
1603 4298 1662 4346 cl.
1700 4297 1860 4350 nullus
1896 4299 1959 4347 eit
1986 4298 2163 4349 Codex.
2372 4296 2393 4324 ⁴
2430 4298 2623 4349 Leuncl.
2664 4308 2713 4350 et

375 4372 486 4435 Syn.
522 4372 588 4423 ΙΙΙ
623 4374 682 4423 cl.
717 4375 910 4423 verbum
942 4371 1040 4424 νέα
1074 4391 1171 4426 non
1206 4385 1486 4438 agnoscunt.
1622 4377 1643 4407 ⁸
1677 4380 1780 4431 Del'.
1818 4381 1944 4444 apud
1980 4383 2176 4433 Leuucl.
