<?xml version="1.0" encoding="UTF-8"?>
<!DOCTYPE html PUBLIC "-//W3C//DTD XHTML 1.0 Transitional//EN"
    "http://www.w3.org/TR/xhtml1/DTD/xhtml1-transitional.dtd">
<html xmlns="http://www.w3.org/1999/xhtml" xml:lang="en" lang="en">
 <head>
  <title>
</title>
<meta http-equiv="Content-Type" content="text/html;charset=utf-8" />
  <meta name='ocr-system' content='tesseract 3.04.00' />
  <meta name='ocr-capabilities' content='ocr_page ocr_carea ocr_par ocr_line ocrx_word'/>
</head>
<body>
  <div class='ocr_page' id='page_1' title='image "./jusgraecoromanu00linggoog_0071.png"; bbox 0 0 2900 4950; ppageno 0'>
   <div class='ocr_carea' id='block_1_1' title="bbox 887 257 2543 330">
    <p class='ocr_par' dir='ltr' id='par_1_1' title="bbox 887 257 2543 330">
     <span class='ocr_line' id='line_1_1' title="bbox 887 257 2543 330; baseline 0.002 -16"><span class='ocrx_word' id='word_1_1' title='bbox 887 267 1033 330; x_wconf 86' lang='lat' dir='ltr'><strong>Impp.</strong></span> <span class='ocrx_word' id='word_1_2' title='bbox 1071 266 1265 330; x_wconf 78' lang='lat' dir='ltr'>Tiberii,</span> <span class='ocrx_word' id='word_1_3' title='bbox 1301 264 1516 316; x_wconf 65' lang='lat' dir='ltr'>mauricii</span> <span class='ocrx_word' id='word_1_4' title='bbox 1553 273 1601 316; x_wconf 83' lang='lat' dir='ltr'>et</span> <span class='ocrx_word' id='word_1_5' title='bbox 1633 264 1859 317; x_wconf 77' lang='lat' dir='ltr'>Heraclii.</span> <span class='ocrx_word' id='word_1_6' title='bbox 2465 257 2543 317; x_wconf 85' lang='lat'>33</span> 
     </span>
    </p>
   </div>
   <div class='ocr_carea' id='block_1_2' title="bbox 1190 450 1560 513">
    <p class='ocr_par' dir='ltr' id='par_1_2' title="bbox 1190 450 1560 513">
     <span class='ocr_line' id='line_1_2' title="bbox 1190 450 1560 513; baseline -0.003 -2"><span class='ocrx_word' id='word_1_7' title='bbox 1190 450 1362 513; x_wconf 83' lang='lat' dir='ltr'>Nov.</span> <span class='ocrx_word' id='word_1_8' title='bbox 1410 450 1560 512; x_wconf 84' lang='lat' dir='ltr'><strong>XXI.</strong></span> 
     </span>
    </p>
   </div>
   <div class='ocr_carea' id='block_1_3' title="bbox 361 568 2357 756">
    <p class='ocr_par' dir='ltr' id='par_1_3' title="bbox 361 568 2357 756">
     <span class='ocr_line' id='line_1_3' title="bbox 1052 568 1648 648; baseline 0 -20"><span class='ocrx_word' id='word_1_9' title='bbox 1052 625 1057 635; x_wconf 78' lang='grc'><strong><em>,</em></strong></span> <span class='ocrx_word' id='word_1_10' title='bbox 1100 569 1246 648; x_wconf 87' lang='lat' dir='ltr'><strong>Imp.</strong></span> <span class='ocrx_word' id='word_1_11' title='bbox 1306 568 1648 630; x_wconf 83' lang='lat' dir='ltr'>Maurioii</span> 
     </span>
     <span class='ocr_line' id='line_1_4' title="bbox 361 669 2357 756; baseline 0.001 -27"><span class='ocrx_word' id='word_1_12' title='bbox 361 669 726 748; x_wconf 81' lang='lat' dir='ltr'>rescriptum</span> <span class='ocrx_word' id='word_1_13' title='bbox 775 669 848 729; x_wconf 86' lang='lat' dir='ltr'>de</span> <span class='ocrx_word' id='word_1_14' title='bbox 895 688 985 743; x_wconf 89' lang='lat' dir='ltr'>eo,</span> <span class='ocrx_word' id='word_1_15' title='bbox 1034 671 1131 750; x_wconf 92' lang='lat' dir='ltr'>qui</span> <span class='ocrx_word' id='word_1_16' title='bbox 1176 690 1247 732; x_wconf 83' lang='lat' dir='ltr'>ex</span> <span class='ocrx_word' id='word_1_17' title='bbox 1290 671 1565 732; x_wconf 83' lang='lat' dir='ltr'>fluctibus</span> <span class='ocrx_word' id='word_1_18' title='bbox 1609 670 1888 756; x_wconf 71' lang='lat' dir='ltr'>salyatum</span> <span class='ocrx_word' id='word_1_19' title='bbox 1935 672 2357 733; x_wconf 49' lang='lat' dir='ltr'>interfecerat&amp;</span> 
     </span>
    </p>
   </div>
   <div class='ocr_carea' id='block_1_4' title="bbox 438 836 1807 961">
    <p class='ocr_par' dir='ltr' id='par_1_4' title="bbox 438 836 1807 961">
     <span class='ocr_line' id='line_1_5' title="bbox 438 836 1807 961; baseline 0.001 -52"><span class='ocrx_word' id='word_1_20' title='bbox 438 884 466 909; x_wconf 69' lang='lat'>0</span> <span class='ocrx_word' id='word_1_21' title='bbox 934 841 1029 907; x_wconf 88' lang='lat' dir='ltr'><em>M</em></span> <span class='ocrx_word' id='word_1_22' title='bbox 1034 837 1373 928; x_wconf 85' lang='grc' dir='ltr'><strong><em>αυρικίου</em></strong></span> <span class='ocrx_word' id='word_1_23' title='bbox 1423 836 1807 961; x_wconf 64' lang='grc' dir='ltr'><strong><em>βαᾷζλὲως.</em></strong></span> 
     </span>
    </p>
   </div>
   <div class='ocr_carea' id='block_1_5' title="bbox 186 980 2542 1582">
    <p class='ocr_par' dir='ltr' id='par_1_5' title="bbox 186 980 2542 1582">
     <span class='ocr_line' id='line_1_6' title="bbox 362 980 2542 1074; baseline 0.002 -22"><span class='ocrx_word' id='word_1_24' title='bbox 362 986 452 1053; x_wconf 80' lang='grc' dir='ltr'>Εἰ</span> <span class='ocrx_word' id='word_1_25' title='bbox 494 985 575 1052; x_wconf 86' lang='grc' dir='ltr'><strong><em>τὸ</em></strong></span> <span class='ocrx_word' id='word_1_26' title='bbox 623 984 926 1072; x_wconf 76' lang='grc' dir='ltr'><strong><em>φονεύειν</em></strong></span> <span class='ocrx_word' id='word_1_27' title='bbox 958 980 1221 1074; x_wconf 71' lang='grc' dir='ltr'><strong><em>ἀγαπᾷς</em></strong></span> <span class='ocrx_word' id='word_1_28' title='bbox 1263 990 1545 1067; x_wconf 82' lang='grc' dir='ltr'><strong><em>καὶτοῖς</em></strong></span> <span class='ocrx_word' id='word_1_29' title='bbox 1591 988 1864 1071; x_wconf 74' lang='grc' dir='ltr'><strong><em>αἵμασιν</em></strong></span> <span class='ocrx_word' id='word_1_30' title='bbox 1898 988 2164 1072; x_wconf 65' lang='grc' dir='ltr'><strong><em>ἔχαιρες,</em></strong></span> <span class='ocrx_word' id='word_1_31' title='bbox 2213 992 2361 1068; x_wconf 80' lang='grc' dir='ltr'>πῶς</span> <span class='ocrx_word' id='word_1_32' title='bbox 2390 990 2542 1069; x_wconf 79' lang='grc' dir='ltr'><strong><em>τοὺς</em></strong></span> 
     </span>
     <span class='ocr_line' id='line_1_7' title="bbox 186 1083 2538 1175; baseline 0.002 -22"><span class='ocrx_word' id='word_1_33' title='bbox 186 1091 564 1172; x_wconf 81' lang='grc' dir='ltr'><strong><em>πολεμίους</em></strong></span> <span class='ocrx_word' id='word_1_34' title='bbox 620 1086 1010 1166; x_wconf 73' lang='grc' dir='ltr'><strong><em>ἐλάνθανες,</em></strong></span> <span class='ocrx_word' id='word_1_35' title='bbox 1072 1083 1245 1154; x_wconf 82' lang='grc' dir='ltr'><strong><em>ὅπου</em></strong></span> <span class='ocrx_word' id='word_1_36' title='bbox 1301 1092 1409 1155; x_wconf 84' lang='grc' dir='ltr'>καὶ</span> <span class='ocrx_word' id='word_1_37' title='bbox 1456 1089 1532 1154; x_wconf 87' lang='grc' dir='ltr'><strong><em>τὸ</em></strong></span> <span class='ocrx_word' id='word_1_38' title='bbox 1580 1086 1881 1175; x_wconf 79' lang='grc' dir='ltr'><strong><em>φονεύειν</em></strong></span> <span class='ocrx_word' id='word_1_39' title='bbox 1927 1085 2266 1156; x_wconf 72' lang='grc' dir='ltr'><strong><em>ἀκίνδυνον</em></strong></span> <span class='ocrx_word' id='word_1_40' title='bbox 2308 1094 2416 1157; x_wconf 81' lang='grc' dir='ltr'>καὶ</span> <span class='ocrx_word' id='word_1_41' title='bbox 2460 1092 2538 1157; x_wconf 89' lang='grc' dir='ltr'><strong><em>τὸ</em></strong></span> 
     </span>
     <span class='ocr_line' id='line_1_8' title="bbox 188 1184 2541 1275; baseline 0.002 -20"><span class='ocrx_word' id='word_1_42' title='bbox 188 1184 592 1272; x_wconf 74' lang='grc' dir='ltr'><strong><em>ἆποτολμᾶν</em></strong></span> <span class='ocrx_word' id='word_1_43' title='bbox 639 1187 1150 1270; x_wconf 76' lang='grc' dir='ltr'><strong><em>ἐπαινέστατον,·</em></strong></span> <span class='ocrx_word' id='word_1_44' title='bbox 1198 1186 1366 1257; x_wconf 79' lang='grc' dir='ltr'><strong><em>ἀλλὰ</em></strong></span> <span class='ocrx_word' id='word_1_45' title='bbox 1408 1190 1524 1257; x_wconf 88' lang='grc' dir='ltr'><strong><em>τὸν</em></strong></span> <span class='ocrx_word' id='word_1_46' title='bbox 1558 1191 1981 1256; x_wconf 71' lang='grc' dir='ltr'><strong><em>διασωθέντα</em></strong></span> <span class='ocrx_word' id='word_1_47' title='bbox 2016 1194 2131 1275; x_wconf 76' lang='grc' dir='ltr'><strong><em>τῆς</em></strong></span> <span class='ocrx_word' id='word_1_48' title='bbox 2176 1192 2367 1271; x_wconf 83' lang='grc' dir='ltr'><strong><em>ζαλὸς</em></strong></span> <span class='ocrx_word' id='word_1_49' title='bbox 2409 1196 2541 1259; x_wconf 83' lang='grc' dir='ltr'><strong><em>τῶν</em></strong></span> 
     </span>
     <span class='ocr_line' id='line_1_9' title="bbox 190 1281 2541 1379; baseline 0.002 -24"><span class='ocrx_word' id='word_1_50' title='bbox 190 1290 502 1373; x_wconf 68' lang='grc' dir='ltr'><strong><em>κτμάτων</em></strong></span> <span class='ocrx_word' id='word_1_51' title='bbox 546 1292 784 1356; x_wconf 77' lang='grc' dir='ltr'><strong><em>τοῦτον</em></strong></span> <span class='ocrx_word' id='word_1_52' title='bbox 830 1283 1254 1373; x_wconf 78' lang='grc' dir='ltr'><strong><em>ἆπέκτεινας;</em></strong></span> <span class='ocrx_word' id='word_1_53' title='bbox 1318 1281 1370 1357; x_wconf 77' lang='grc' dir='ltr'><strong><em>ὦ</em></strong></span> <span class='ocrx_word' id='word_1_54' title='bbox 1417 1293 1922 1376; x_wconf 80' lang='grc' dir='ltr'><strong><em>ὁυσσεβέστατε·</em></strong></span> <span class='ocrx_word' id='word_1_55' title='bbox 1984 1291 2042 1357; x_wconf 79' lang='grc' dir='ltr'><strong><em>εἰ</em></strong></span> <span class='ocrx_word' id='word_1_56' title='bbox 2095 1291 2212 1377; x_wconf 89' lang='grc' dir='ltr'><strong><em>τὴν</em></strong></span> <span class='ocrx_word' id='word_1_57' title='bbox 2254 1294 2541 1379; x_wconf 81' lang='grc' dir='ltr'><strong><em>κεφαλήν</em></strong></span> 
     </span>
     <span class='ocr_line' id='line_1_10' title="bbox 189 1385 2540 1478; baseline 0.001 -22"><span class='ocrx_word' id='word_1_58' title='bbox 189 1414 317 1456; x_wconf 84' lang='grc' dir='ltr'>σου</span> <span class='ocrx_word' id='word_1_59' title='bbox 348 1385 811 1475; x_wconf 75' lang='grc' dir='ltr'><strong><em>ἆποτέμωμεν,</em></strong></span> <span class='ocrx_word' id='word_1_60' title='bbox 840 1385 1029 1458; x_wconf 78' lang='grc' dir='ltr'><strong><em>οὐδὲν</em></strong></span> <span class='ocrx_word' id='word_1_61' title='bbox 1054 1387 1379 1472; x_wconf 78' lang='grc' dir='ltr'><strong><em>ἀντάξιον.</em></strong></span> <span class='ocrx_word' id='word_1_62' title='bbox 1468 1396 1815 1478; x_wconf 78' lang='grc' dir='ltr'><strong><em>τοιγαροῦν</em></strong></span> <span class='ocrx_word' id='word_1_63' title='bbox 1852 1392 2063 1460; x_wconf 62' lang='grc' dir='ltr'><strong><em>σὲεὸν</em></strong></span> <span class='ocrx_word' id='word_1_64' title='bbox 2089 1393 2298 1471; x_wconf 81' lang='grc' dir='ltr'><strong><em>ζῶντα</em></strong></span> <span class='ocrx_word' id='word_1_65' title='bbox 2328 1418 2540 1478; x_wconf 77' lang='grc' dir='ltr'><strong><em>προσ-</em></strong></span> 
     </span>
     <span class='ocr_line' id='line_1_11' title="bbox 187 1488 2493 1582; baseline 0.001 -24"><span class='ocrx_word' id='word_1_66' title='bbox 187 1491 523 1575; x_wconf 77' lang='grc' dir='ltr'><strong><em>τάττομαι</em></strong></span> <span class='ocrx_word' id='word_1_67' title='bbox 564 1493 661 1575; x_wconf 72' lang='grc' dir='ltr'><strong><em>τῷ</em></strong></span> <span class='ocrx_word' id='word_1_68' title='bbox 708 1496 909 1579; x_wconf 78' lang='grc' dir='ltr'><strong><em>νεκρῷ</em></strong></span> <span class='ocrx_word' id='word_1_69' title='bbox 956 1496 1385 1582; x_wconf 81' lang='grc' dir='ltr'><strong><em>συνταφῆναι,</em></strong></span> <span class='ocrx_word' id='word_1_70' title='bbox 1433 1494 1545 1561; x_wconf 78' lang='grc' dir='ltr'>ἵνα</span> <span class='ocrx_word' id='word_1_71' title='bbox 1587 1488 1771 1563; x_wconf 77' lang='grc' dir='ltr'><strong><em>κάκεῖ</em></strong></span> <span class='ocrx_word' id='word_1_72' title='bbox 1814 1492 1931 1561; x_wconf 75' lang='grc' dir='ltr'>σύν</span> <span class='ocrx_word' id='word_1_73' title='bbox 1977 1488 2154 1581; x_wconf 74' lang='grc' dir='ltr'><strong><em>αὐτῷ</em></strong></span> <span class='ocrx_word' id='word_1_74' title='bbox 2200 1490 2493 1582; x_wconf 73' lang='grc' dir='ltr'><strong><em>εὖρεθῇς.</em></strong></span> 
     </span>
    </p>
   </div>
   <div class='ocr_carea' id='block_1_6' title="bbox 1171 1900 1566 1965">
    <p class='ocr_par' dir='ltr' id='par_1_6' title="bbox 1171 1900 1566 1965">
     <span class='ocr_line' id='line_1_12' title="bbox 1171 1900 1566 1965; baseline 0 -4"><span class='ocrx_word' id='word_1_75' title='bbox 1171 1900 1342 1965; x_wconf 80' lang='lat' dir='ltr'>Nov.</span> <span class='ocrx_word' id='word_1_76' title='bbox 1388 1900 1566 1963; x_wconf 86' lang='lat' dir='ltr'><strong>XXII.</strong></span> 
     </span>
    </p>
   </div>
   <div class='ocr_carea' id='block_1_7' title="bbox 452 2018 2283 2198">
    <p class='ocr_par' dir='ltr' id='par_1_7' title="bbox 452 2018 2283 2198">
     <span class='ocr_line' id='line_1_13' title="bbox 1099 2018 1642 2099; baseline -0.004 -19"><span class='ocrx_word' id='word_1_77' title='bbox 1099 2020 1246 2099; x_wconf 87' lang='lat' dir='ltr'><strong>Imp.</strong></span> <span class='ocrx_word' id='word_1_78' title='bbox 1308 2018 1642 2080; x_wconf 81' lang='lat' dir='ltr'>Heraclii</span> 
     </span>
     <span class='ocr_line' id='line_1_14' title="bbox 452 2119 2283 2198; baseline 0 -17"><span class='ocrx_word' id='word_1_79' title='bbox 452 2120 530 2181; x_wconf 80' lang='lat' dir='ltr'>de</span> <span class='ocrx_word' id='word_1_80' title='bbox 574 2138 825 2183; x_wconf 82' lang='lat' dir='ltr'>numero</span> <span class='ocrx_word' id='word_1_81' title='bbox 868 2121 1212 2183; x_wconf 77' lang='lat' dir='ltr'>clericorum</span> <span class='ocrx_word' id='word_1_82' title='bbox 1257 2138 1504 2198; x_wconf 78' lang='lat' dir='ltr'>maguae</span> <span class='ocrx_word' id='word_1_83' title='bbox 1548 2119 1847 2182; x_wconf 78' lang='lat' dir='ltr'>ecclesiae.</span> <span class='ocrx_word' id='word_1_84' title='bbox 1935 2122 2025 2195; x_wconf 84' lang='grc' dir='ltr'>(Α.</span> <span class='ocrx_word' id='word_1_85' title='bbox 2071 2124 2242 2197; x_wconf 82' lang='lat'>612.)</span> <span class='ocrx_word' id='word_1_86' title='bbox 2268 2122 2283 2151; x_wconf 90' lang='lat'>¹</span> 
     </span>
    </p>
   </div>
   <div class='ocr_carea' id='block_1_8' title="bbox 184 2283 2539 3098">
    <p class='ocr_par' dir='ltr' id='par_1_8' title="bbox 184 2283 2539 3098">
     <span class='ocr_line' id='line_1_15' title="bbox 197 2283 2537 2384; baseline 0.002 -27"><span class='ocrx_word' id='word_1_87' title='bbox 197 2286 391 2382; x_wconf 77' lang='grc' dir='ltr'><strong><em>Περὶ</em></strong></span> <span class='ocrx_word' id='word_1_88' title='bbox 458 2294 599 2360; x_wconf 82' lang='grc' dir='ltr'><strong><em>τοῦ</em></strong></span> <span class='ocrx_word' id='word_1_89' title='bbox 669 2284 1083 2383; x_wconf 74' lang='grc' dir='ltr'><strong><em>ιῦρισμὲνον</em></strong></span> <span class='ocrx_word' id='word_1_90' title='bbox 1136 2284 1324 2360; x_wconf 79' lang='grc' dir='ltr'><strong><em>εἶναι</em></strong></span> <span class='ocrx_word' id='word_1_91' title='bbox 1389 2283 1525 2360; x_wconf 79' lang='grc' dir='ltr'><strong><em>τὸν</em></strong></span> <span class='ocrx_word' id='word_1_92' title='bbox 1578 2285 1917 2382; x_wconf 76' lang='grc' dir='ltr'><strong><em>ἀριθμὸν</em></strong></span> <span class='ocrx_word' id='word_1_93' title='bbox 1965 2294 2120 2361; x_wconf 80' lang='grc' dir='ltr'><strong><em>τῶν</em></strong></span> <span class='ocrx_word' id='word_1_94' title='bbox 2171 2294 2537 2384; x_wconf 80' lang='grc' dir='ltr'><strong><em>κληρικῶν</em></strong></span> 
     </span>
     <span class='ocr_line' id='line_1_16' title="bbox 193 2401 2539 2506; baseline 0.001 -29"><span class='ocrx_word' id='word_1_95' title='bbox 193 2412 322 2500; x_wconf 76' lang='grc' dir='ltr'><strong><em>τῆς</em></strong></span> <span class='ocrx_word' id='word_1_96' title='bbox 392 2402 811 2505; x_wconf 78' lang='grc' dir='ltr'><strong><em>ἁγιωτάτης</em></strong></span> <span class='ocrx_word' id='word_1_97' title='bbox 873 2401 1195 2506; x_wconf 71' lang='grc' dir='ltr'><strong><em>μεγάλης</em></strong></span> <span class='ocrx_word' id='word_1_98' title='bbox 1260 2402 1643 2500; x_wconf 80' lang='grc' dir='ltr'><strong><em>ἐκκλησίας</em></strong></span> <span class='ocrx_word' id='word_1_99' title='bbox 1703 2402 2539 2490; x_wconf 77' lang='grc' dir='ltr'><strong><em>κωνσταντινουπόλεως</em></strong></span> 
     </span>
     <span class='ocr_line' id='line_1_17' title="bbox 189 2520 2536 2623; baseline 0 -27"><span class='ocrx_word' id='word_1_100' title='bbox 189 2523 316 2596; x_wconf 81' lang='grc' dir='ltr'>καὶ</span> <span class='ocrx_word' id='word_1_101' title='bbox 372 2532 504 2618; x_wconf 80' lang='grc' dir='ltr'><strong><em>τῆς</em></strong></span> <span class='ocrx_word' id='word_1_102' title='bbox 554 2521 773 2623; x_wconf 73' lang='grc' dir='ltr'><strong><em>ἁγίας</em></strong></span> <span class='ocrx_word' id='word_1_103' title='bbox 838 2520 1200 2597; x_wconf 73' lang='grc' dir='ltr'><strong><em>θεοτόκου</em></strong></span> <span class='ocrx_word' id='word_1_104' title='bbox 1265 2526 1348 2596; x_wconf 76' lang='grc' dir='ltr'>ἐν</span> <span class='ocrx_word' id='word_1_105' title='bbox 1396 2524 1843 2619; x_wconf 74' lang='grc' dir='ltr'><strong><em>βλαχέρναις</em></strong></span> <span class='ocrx_word' id='word_1_106' title='bbox 1906 2524 2356 2619; x_wconf 74' lang='grc' dir='ltr'><strong><em>τιμωμένης,</em></strong></span> <span class='ocrx_word' id='word_1_107' title='bbox 2431 2526 2536 2597; x_wconf 77' lang='grc' dir='ltr'>ἔτι</span> 
     </span>
     <span class='ocr_line' id='line_1_18' title="bbox 190 2640 2536 2740; baseline 0.002 -30"><span class='ocrx_word' id='word_1_108' title='bbox 190 2640 344 2735; x_wconf 82' lang='grc' dir='ltr'>μὴν</span> <span class='ocrx_word' id='word_1_109' title='bbox 395 2640 523 2714; x_wconf 82' lang='grc' dir='ltr'>καὶ</span> <span class='ocrx_word' id='word_1_110' title='bbox 578 2648 735 2714; x_wconf 82' lang='grc' dir='ltr'><strong><em>τῶν</em></strong></span> <span class='ocrx_word' id='word_1_111' title='bbox 785 2644 867 2714; x_wconf 73' lang='grc' dir='ltr'>ἐν</span> <span class='ocrx_word' id='word_1_112' title='bbox 916 2648 1070 2723; x_wconf 86' lang='grc' dir='ltr'><strong><em>τοῖς</em></strong></span> <span class='ocrx_word' id='word_1_113' title='bbox 1131 2641 1512 2740; x_wconf 67' lang='grc' dir='ltr'><strong><em>ὖᾳφικίοις</em></strong></span> <span class='ocrx_word' id='word_1_114' title='bbox 1573 2640 2266 2736; x_wconf 78' lang='grc' dir='ltr'><strong><em>ἐξυπηρετουμένων</em></strong></span> <span class='ocrx_word' id='word_1_115' title='bbox 2315 2649 2408 2737; x_wconf 81' lang='grc' dir='ltr'><strong><em>τῇ</em></strong></span> <span class='ocrx_word' id='word_1_116' title='bbox 2457 2671 2536 2715; x_wconf 84' lang='grc' dir='ltr'>τε</span> 
     </span>
     <span class='ocr_line' id='line_1_19' title="bbox 230 2756 2499 2860; baseline 0.001 -30"><span class='ocrx_word' id='word_1_117' title='bbox 230 2758 579 2853; x_wconf 78' lang='grc' dir='ltr'><strong><em>εἷρημὲνῃ</em></strong></span> <span class='ocrx_word' id='word_1_118' title='bbox 610 2756 890 2860; x_wconf 74' lang='grc' dir='ltr'><strong><em>μεγάλῃ</em></strong></span> <span class='ocrx_word' id='word_1_119' title='bbox 922 2759 1261 2856; x_wconf 79' lang='grc' dir='ltr'><strong><em>ἐκκλησίᾳ</em></strong></span> <span class='ocrx_word' id='word_1_120' title='bbox 1289 2758 1413 2832; x_wconf 83' lang='grc' dir='ltr'>καὶ</span> <span class='ocrx_word' id='word_1_121' title='bbox 1444 2768 1552 2856; x_wconf 72' lang='grc' dir='ltr'><strong><em>τῷ</em></strong></span> <span class='ocrx_word' id='word_1_122' title='bbox 1583 2756 1976 2859; x_wconf 74' lang='grc' dir='ltr'><strong><em>ἁγιωτάτῳ</em></strong></span> <span class='ocrx_word' id='word_1_123' title='bbox 2008 2756 2421 2857; x_wconf 76' lang='grc' dir='ltr'><strong><em>πατριάρχῃ</em></strong></span> <span class='ocrx_word' id='word_1_124' title='bbox 2447 2765 2499 2833; x_wconf 79' lang='lat'>².</span> 
     </span>
     <span class='ocr_line' id='line_1_20' title="bbox 184 2902 2531 2997; baseline 0.001 -23"><span class='ocrx_word' id='word_1_125' title='bbox 184 2903 293 2975; x_wconf 85' lang='grc' dir='ltr'>Ἐν</span> <span class='ocrx_word' id='word_1_126' title='bbox 356 2902 708 2992; x_wconf 77' lang='grc' dir='ltr'><strong><em>ὀνόματι</em></strong></span> <span class='ocrx_word' id='word_1_127' title='bbox 761 2911 903 2975; x_wconf 80' lang='grc' dir='ltr'><strong><em>τοῦ</em></strong></span> <span class='ocrx_word' id='word_1_128' title='bbox 963 2907 1379 2977; x_wconf 83' lang='grc' dir='ltr'><strong><em>δεσπότου</em></strong></span> <span class='ocrx_word' id='word_1_129' title='bbox 1439 2909 1676 2997; x_wconf 60' lang='lat' dir='ltr'>iquos}</span> <span class='ocrx_word' id='word_1_130' title='bbox 1734 2912 2076 2993; x_wconf 78' lang='grc' dir='ltr'><strong><em>χριστοῦ</em></strong></span> <span class='ocrx_word' id='word_1_131' title='bbox 2131 2912 2270 2974; x_wconf 82' lang='grc' dir='ltr'><strong><em>τοῦ</em></strong></span> <span class='ocrx_word' id='word_1_132' title='bbox 2327 2914 2531 2976; x_wconf 73' lang='grc' dir='ltr'><strong><em>θεοῦ</em></strong></span> 
     </span>
     <span class='ocr_line' id='line_1_21' title="bbox 188 3004 2532 3098; baseline 0.001 -22"><span class='ocrx_word' id='word_1_133' title='bbox 188 3005 409 3096; x_wconf 65' lang='grc' dir='ltr'>ἡμῶν</span> <span class='ocrx_word' id='word_1_134' title='bbox 480 3005 1005 3098; x_wconf 78' lang='grc' dir='ltr'><strong><em>αὐτοκράτωρ</em></strong></span> <span class='ocrx_word' id='word_1_135' title='bbox 1091 3021 1393 3095; x_wconf 86' lang='grc' dir='ltr'><strong><em>καῒσαρ</em></strong></span> <span class='ocrx_word' id='word_1_136' title='bbox 1470 3009 1824 3097; x_wconf 81' lang='grc' dir='ltr'><strong><em>φλάβιος</em></strong></span> <span class='ocrx_word' id='word_1_137' title='bbox 1887 3004 2326 3094; x_wconf 81' lang='grc' dir='ltr'><strong><em>ἡράκλειος</em></strong></span> <span class='ocrx_word' id='word_1_138' title='bbox 2390 3035 2532 3078; x_wconf 81' lang='grc' dir='ltr'><strong><em>πι-</em></strong></span> 
     </span>
    </p>
   </div>
   <div class='ocr_carea' id='block_1_9' title="bbox 180 3143 315 3150">
    <p class='ocr_par' dir='ltr' id='par_1_9' title="bbox 180 3143 315 3150">
     <span class='ocr_line' id='line_1_22' title="bbox 180 3143 315 3150; baseline 0.007 -1"><span class='ocrx_word' id='word_1_139' title='bbox 180 3143 315 3150; x_wconf 70' lang='lat'>--—.—.</span> 
     </span>
    </p>
   </div>
   <div class='ocr_carea' id='block_1_10' title="bbox 318 3144 663 3151">
    <p class='ocr_par' dir='ltr' id='par_1_10' title="bbox 318 3144 663 3151">
     <span class='ocr_line' id='line_1_23' title="bbox 318 3144 663 3151; baseline 0 1799"><span class='ocrx_word' id='word_1_140' title='bbox 318 3144 663 3151; x_wconf 95' lang='lat' dir='ltr'> </span> 
     </span>
    </p>
   </div>
   <div class='ocr_carea' id='block_1_11' title="bbox 182 3194 2534 4526">
    <p class='ocr_par' dir='ltr' id='par_1_11' title="bbox 189 3194 2531 3346">
     <span class='ocr_line' id='line_1_24' title="bbox 322 3194 2531 3264; baseline 0 -18"><span class='ocrx_word' id='word_1_141' title='bbox 322 3195 337 3223; x_wconf 83' lang='lat'>¹</span> <span class='ocrx_word' id='word_1_142' title='bbox 377 3199 479 3246; x_wconf 84' lang='lat' dir='ltr'>Hoc</span> <span class='ocrx_word' id='word_1_143' title='bbox 516 3200 802 3262; x_wconf 85' lang='lat' dir='ltr'>rescriptum</span> <span class='ocrx_word' id='word_1_144' title='bbox 838 3201 1018 3262; x_wconf 76' lang='lat' dir='ltr'>passim</span> <span class='ocrx_word' id='word_1_145' title='bbox 1054 3201 1293 3264; x_wconf 83' lang='lat' dir='ltr'>reperitur</span> <span class='ocrx_word' id='word_1_146' title='bbox 1328 3200 1374 3247; x_wconf 88' lang='lat' dir='ltr'>in</span> <span class='ocrx_word' id='word_1_147' title='bbox 1426 3197 1771 3262; x_wconf 77' lang='lat' dir='ltr'><strong>appendicibus</strong></span> <span class='ocrx_word' id='word_1_148' title='bbox 1808 3194 2097 3244; x_wconf 76' lang='lat' dir='ltr'>manualium</span> <span class='ocrx_word' id='word_1_149' title='bbox 2128 3195 2281 3258; x_wconf 74' lang='lat' dir='ltr'>jur-ie,</span> <span class='ocrx_word' id='word_1_150' title='bbox 2329 3213 2367 3246; x_wconf 82' lang='lat' dir='ltr'>v.</span> <span class='ocrx_word' id='word_1_151' title='bbox 2405 3213 2446 3246; x_wconf 93' lang='lat' dir='ltr'>c.</span> <span class='ocrx_word' id='word_1_152' title='bbox 2484 3201 2531 3247; x_wconf 88' lang='lat' dir='ltr'>in</span> 
     </span>
     <span class='ocr_line' id='line_1_25' title="bbox 189 3279 2530 3346; baseline 0 -15"><span class='ocrx_word' id='word_1_153' title='bbox 189 3283 335 3338; x_wconf 70' lang='lat' dir='ltr'>Baris.</span> <span class='ocrx_word' id='word_1_154' title='bbox 365 3281 512 3344; x_wconf 80' lang='lat'>1384,</span> <span class='ocrx_word' id='word_1_155' title='bbox 550 3283 693 3332; x_wconf 73' lang='lat' dir='ltr'>Marc.</span> <span class='ocrx_word' id='word_1_156' title='bbox 736 3284 847 3346; x_wconf 82' lang='lat'>172,</span> <span class='ocrx_word' id='word_1_157' title='bbox 886 3284 979 3334; x_wconf 82' lang='lat' dir='ltr'>Pal.</span> <span class='ocrx_word' id='word_1_158' title='bbox 1018 3286 1097 3334; x_wconf 82' lang='lat'>55.</span> <span class='ocrx_word' id='word_1_159' title='bbox 1172 3283 1357 3334; x_wconf 81' lang='lat' dir='ltr'><strong>Primus</strong></span> <span class='ocrx_word' id='word_1_160' title='bbox 1386 3282 1512 3331; x_wconf 87' lang='lat' dir='ltr'>edidi</span> <span class='ocrx_word' id='word_1_161' title='bbox 1539 3281 1585 3330; x_wconf 86' lang='lat' dir='ltr'>in</span> <span class='ocrx_word' id='word_1_162' title='bbox 1616 3281 1746 3330; x_wconf 77' lang='lat' dir='ltr'>calce</span> <span class='ocrx_word' id='word_1_163' title='bbox 1772 3280 2010 3329; x_wconf 76' lang='lat' dir='ltr'>Historiae</span> <span class='ocrx_word' id='word_1_164' title='bbox 2030 3279 2154 3327; x_wconf 82' lang='lat' dir='ltr'>JGR.</span> <span class='ocrx_word' id='word_1_165' title='bbox 2182 3279 2530 3331; x_wconf 67' lang='lat' dir='ltr'>delineationiS.</span> 
     </span>
    </p>

    <p class='ocr_par' dir='ltr' id='par_1_12' title="bbox 182 3364 2534 4446">
     <span class='ocr_line' id='line_1_26' title="bbox 320 3364 2534 3433; baseline -0 -17"><span class='ocrx_word' id='word_1_166' title='bbox 320 3365 335 3391; x_wconf 91' lang='lat'>¹</span> <span class='ocrx_word' id='word_1_167' title='bbox 375 3368 517 3424; x_wconf 79' lang='lat' dir='ltr'>Quae</span> <span class='ocrx_word' id='word_1_168' title='bbox 554 3376 824 3431; x_wconf 81' lang='lat' dir='ltr'>sequuntur</span> <span class='ocrx_word' id='word_1_169' title='bbox 870 3378 1077 3433; x_wconf 78' lang='lat' dir='ltr'>quatuor</span> <span class='ocrx_word' id='word_1_170' title='bbox 1122 3367 1325 3418; x_wconf 79' lang='lat' dir='ltr'>Heraclii</span> <span class='ocrx_word' id='word_1_171' title='bbox 1363 3366 1582 3417; x_wconf 80' lang='lat' dir='ltr'>Novellae</span> <span class='ocrx_word' id='word_1_172' title='bbox 1621 3364 1900 3415; x_wconf 78' lang='lat' dir='ltr'><strong>collectioni</strong></span> <span class='ocrx_word' id='word_1_173' title='bbox 1949 3364 2342 3413; x_wconf 69' lang='lat' dir='ltr'>constitutionum</span> <span class='ocrx_word' id='word_1_174' title='bbox 2381 3365 2534 3415; x_wconf 86' lang='lat' dir='ltr'>eccle-</span> 
     </span>
     <span class='ocr_line' id='line_1_27' title="bbox 187 3449 2533 3515; baseline -0.001 -15"><span class='ocrx_word' id='word_1_175' title='bbox 187 3451 510 3512; x_wconf 67' lang='lat' dir='ltr'>siasticarum,</span> <span class='ocrx_word' id='word_1_176' title='bbox 550 3467 693 3515; x_wconf 77' lang='lat' dir='ltr'>quarn</span> <span class='ocrx_word' id='word_1_177' title='bbox 728 3462 912 3514; x_wconf 78' lang='lat' dir='ltr'>vocant,</span> <span class='ocrx_word' id='word_1_178' title='bbox 948 3456 997 3503; x_wconf 87' lang='lat' dir='ltr'>in</span> <span class='ocrx_word' id='word_1_179' title='bbox 1025 3453 1174 3503; x_wconf 84' lang='lat' dir='ltr'>Codd.</span> <span class='ocrx_word' id='word_1_180' title='bbox 1200 3454 1311 3502; x_wconf 76' lang='lat' dir='ltr'><strong>Mss.</strong></span> <span class='ocrx_word' id='word_1_181' title='bbox 1347 3452 1447 3503; x_wconf 78' lang='lat' dir='ltr'>fere</span> <span class='ocrx_word' id='word_1_182' title='bbox 1485 3450 1762 3514; x_wconf 79' lang='lat' dir='ltr'>appendicis</span> <span class='ocrx_word' id='word_1_183' title='bbox 1783 3449 1892 3498; x_wconf 88' lang='lat' dir='ltr'>Ioco</span> <span class='ocrx_word' id='word_1_184' title='bbox 1931 3449 2181 3499; x_wconf 83' lang='lat' dir='ltr'>accedunt.</span> <span class='ocrx_word' id='word_1_185' title='bbox 2253 3449 2326 3498; x_wconf 74' lang='lat' dir='ltr'>De·</span> <span class='ocrx_word' id='word_1_186' title='bbox 2358 3450 2533 3513; x_wconf 84' lang='lat' dir='ltr'>quibus</span> 
     </span>
     <span class='ocr_line' id='line_1_28' title="bbox 186 3533 2532 3604; baseline 0 -21"><span class='ocrx_word' id='word_1_187' title='bbox 186 3535 449 3584; x_wconf 68' lang='lat' dir='ltr'>(lodicibus</span> <span class='ocrx_word' id='word_1_188' title='bbox 482 3535 697 3586; x_wconf 76' lang='lat' dir='ltr'>videatur</span> <span class='ocrx_word' id='word_1_189' title='bbox 734 3537 975 3587; x_wconf 78' lang='lat' dir='ltr'>Morti-cuii</span> <span class='ocrx_word' id='word_1_190' title='bbox 1009 3537 1027 3587; x_wconf 90' lang='lat' dir='ltr'>l</span> <span class='ocrx_word' id='word_1_191' title='bbox 1066 3554 1112 3600; x_wconf 84' lang='lat' dir='ltr'>p.</span> <span class='ocrx_word' id='word_1_192' title='bbox 1150 3537 1246 3587; x_wconf 82' lang='lat'>235</span> <span class='ocrx_word' id='word_1_193' title='bbox 1285 3544 1383 3585; x_wconf 83' lang='lat' dir='ltr'>not.</span> <span class='ocrx_word' id='word_1_194' title='bbox 1422 3536 1471 3586; x_wconf 81' lang='lat'>6.</span> <span class='ocrx_word' id='word_1_195' title='bbox 1543 3536 1663 3584; x_wconf 86' lang='lat' dir='ltr'>Hinc</span> <span class='ocrx_word' id='word_1_196' title='bbox 1700 3536 1903 3604; x_wconf 74' lang='lat' dir='ltr'>primuni</span> <span class='ocrx_word' id='word_1_197' title='bbox 1950 3535 2105 3584; x_wconf 84' lang='lat' dir='ltr'>editae</span> <span class='ocrx_word' id='word_1_198' title='bbox 2142 3539 2254 3582; x_wconf 87' lang='lat' dir='ltr'>sunt</span> <span class='ocrx_word' id='word_1_199' title='bbox 2290 3533 2336 3586; x_wconf 88' lang='lat' dir='ltr'>in</span> <span class='ocrx_word' id='word_1_200' title='bbox 2377 3534 2532 3584; x_wconf 86' lang='lat' dir='ltr'>Leun-</span> 
     </span>
     <span class='ocr_line' id='line_1_29' title="bbox 182 3617 2532 3685; baseline 0 -18"><span class='ocrx_word' id='word_1_201' title='bbox 182 3618 313 3667; x_wconf 75' lang='lat' dir='ltr'>clavii</span> <span class='ocrx_word' id='word_1_202' title='bbox 348 3619 477 3668; x_wconf 80' lang='lat' dir='ltr'>JGR.</span> <span class='ocrx_word' id='word_1_203' title='bbox 515 3620 533 3669; x_wconf 91' lang='lat' dir='ltr'>l</span> <span class='ocrx_word' id='word_1_204' title='bbox 574 3637 619 3684; x_wconf 85' lang='lat' dir='ltr'>p.</span> <span class='ocrx_word' id='word_1_205' title='bbox 658 3621 875 3685; x_wconf 75' lang='lat'><strong>73-86,</strong></span> <span class='ocrx_word' id='word_1_206' title='bbox 914 3623 1086 3671; x_wconf 85' lang='lat' dir='ltr'>deinde</span> <span class='ocrx_word' id='word_1_207' title='bbox 1124 3622 1170 3670; x_wconf 88' lang='lat' dir='ltr'>in</span> <span class='ocrx_word' id='word_1_208' title='bbox 1209 3622 1355 3670; x_wconf 87' lang='lat' dir='ltr'>Voelli</span> <span class='ocrx_word' id='word_1_209' title='bbox 1395 3629 1439 3668; x_wconf 87' lang='lat' dir='ltr'>et</span> <span class='ocrx_word' id='word_1_210' title='bbox 1473 3619 1657 3668; x_wconf 81' lang='lat' dir='ltr'>Justelli</span> <span class='ocrx_word' id='word_1_211' title='bbox 1697 3619 1813 3668; x_wconf 87' lang='lat' dir='ltr'>Bibl.</span> <span class='ocrx_word' id='word_1_212' title='bbox 1852 3635 1898 3682; x_wconf 86' lang='lat' dir='ltr'>p.</span> <span class='ocrx_word' id='word_1_213' title='bbox 1941 3617 2305 3677; x_wconf 75' lang='lat'>1361—1376‚</span> <span class='ocrx_word' id='word_1_214' title='bbox 2357 3633 2532 3681; x_wconf 80' lang='lat' dir='ltr'>nuper-</span> 
     </span>
     <span class='ocr_line' id='line_1_30' title="bbox 182 3702 2532 3764; baseline 0.001 -13"><span class='ocrx_word' id='word_1_215' title='bbox 182 3703 300 3751; x_wconf 83' lang='lat' dir='ltr'>rime</span> <span class='ocrx_word' id='word_1_216' title='bbox 337 3712 501 3752; x_wconf 85' lang='lat' dir='ltr'>autem</span> <span class='ocrx_word' id='word_1_217' title='bbox 540 3705 587 3752; x_wconf 86' lang='lat' dir='ltr'>in</span> <span class='ocrx_word' id='word_1_218' title='bbox 644 3705 760 3754; x_wconf 85' lang='lat' dir='ltr'>Coll.</span> <span class='ocrx_word' id='word_1_219' title='bbox 799 3721 1034 3755; x_wconf 76' lang='lat' dir='ltr'>canonum</span> <span class='ocrx_word' id='word_1_220' title='bbox 1072 3721 1097 3754; x_wconf 80' lang='lat' dir='ltr'>a</span> <span class='ocrx_word' id='word_1_221' title='bbox 1134 3704 1285 3754; x_wconf 81' lang='lat' dir='ltr'>Rhalti</span> <span class='ocrx_word' id='word_1_222' title='bbox 1323 3711 1370 3754; x_wconf 82' lang='lat' dir='ltr'>et</span> <span class='ocrx_word' id='word_1_223' title='bbox 1416 3704 1534 3753; x_wconf 81' lang='lat' dir='ltr'>Potli</span> <span class='ocrx_word' id='word_1_224' title='bbox 1573 3705 1768 3752; x_wconf 77' lang='lat' dir='ltr'>Athenis</span> <span class='ocrx_word' id='word_1_225' title='bbox 1817 3705 1942 3752; x_wconf 75' lang='lat' dir='ltr'>edita</span> <span class='ocrx_word' id='word_1_226' title='bbox 1991 3711 2055 3752; x_wconf 87' lang='lat' dir='ltr'>to.</span> <span class='ocrx_word' id='word_1_227' title='bbox 2093 3704 2123 3750; x_wconf 90' lang='lat' dir='ltr'>V</span> <span class='ocrx_word' id='word_1_228' title='bbox 2162 3717 2207 3764; x_wconf 88' lang='lat' dir='ltr'>p.</span> <span class='ocrx_word' id='word_1_229' title='bbox 2246 3702 2532 3753; x_wconf 79' lang='lat'>225-2-10.</span> 
     </span>
     <span class='ocr_line' id='line_1_31' title="bbox 184 3786 2532 3851; baseline -0.003 -13"><span class='ocrx_word' id='word_1_230' title='bbox 184 3812 249 3822; x_wconf 88' lang='lat'><em>-</em></span> <span class='ocrx_word' id='word_1_231' title='bbox 283 3789 435 3851; x_wconf 83' lang='lat' dir='ltr'>Ordo,</span> <span class='ocrx_word' id='word_1_232' title='bbox 473 3803 572 3851; x_wconf 89' lang='lat' dir='ltr'>quo</span> <span class='ocrx_word' id='word_1_233' title='bbox 611 3795 816 3851; x_wconf 79' lang='lat' dir='ltr'>quatuor</span> <span class='ocrx_word' id='word_1_234' title='bbox 851 3791 971 3840; x_wconf 81' lang='lat' dir='ltr'>istae</span> <span class='ocrx_word' id='word_1_235' title='bbox 1007 3789 1227 3839; x_wconf 81' lang='lat' dir='ltr'>Novettae</span> <span class='ocrx_word' id='word_1_236' title='bbox 1261 3788 1309 3837; x_wconf 89' lang='lat' dir='ltr'>in</span> <span class='ocrx_word' id='word_1_237' title='bbox 1347 3789 1611 3851; x_wconf 78' lang='lat' dir='ltr'>appendice</span> <span class='ocrx_word' id='word_1_238' title='bbox 1651 3787 1957 3837; x_wconf 76' lang='lat' dir='ltr'>collectionis</span> <span class='ocrx_word' id='word_1_239' title='bbox 1995 3787 2185 3836; x_wconf 85' lang='lat' dir='ltr'>constit.</span> <span class='ocrx_word' id='word_1_240' title='bbox 2224 3786 2397 3834; x_wconf 84' lang='lat' dir='ltr'>eccles.</span> <span class='ocrx_word' id='word_1_241' title='bbox 2437 3787 2532 3834; x_wconf 82' lang='lat' dir='ltr'>dis-</span> 
     </span>
     <span class='ocr_line' id='line_1_32' title="bbox 185 3869 2532 3938; baseline -0.002 -16"><span class='ocrx_word' id='word_1_242' title='bbox 185 3877 367 3935; x_wconf 71' lang='lat' dir='ltr'>positae</span> <span class='ocrx_word' id='word_1_243' title='bbox 404 3881 538 3934; x_wconf 74' lang='lat' dir='ltr'>sunt,</span> <span class='ocrx_word' id='word_1_244' title='bbox 575 3873 699 3923; x_wconf 81' lang='lat' dir='ltr'>alius</span> <span class='ocrx_word' id='word_1_245' title='bbox 737 3881 809 3923; x_wconf 78' lang='lat' dir='ltr'>est</span> <span class='ocrx_word' id='word_1_246' title='bbox 844 3881 990 3938; x_wconf 82' lang='lat' dir='ltr'>atque</span> <span class='ocrx_word' id='word_1_247' title='bbox 1027 3871 1393 3933; x_wconf 78' lang='lat' dir='ltr'>chronologicus</span> <span class='ocrx_word' id='word_1_248' title='bbox 1427 3872 1527 3934; x_wconf 84' lang='lat' dir='ltr'>ille,</span> <span class='ocrx_word' id='word_1_249' title='bbox 1563 3888 1704 3936; x_wconf 82' lang='lat' dir='ltr'>quem</span> <span class='ocrx_word' id='word_1_250' title='bbox 1741 3885 1831 3920; x_wconf 79' lang='lat' dir='ltr'>nos</span> <span class='ocrx_word' id='word_1_251' title='bbox 1857 3871 2135 3933; x_wconf 88' lang='lat' dir='ltr'>sequimur;</span> <span class='ocrx_word' id='word_1_252' title='bbox 2175 3869 2239 3916; x_wconf 87' lang='lat' dir='ltr'>ibi</span> <span class='ocrx_word' id='word_1_253' title='bbox 2266 3869 2415 3931; x_wconf 83' lang='lat' dir='ltr'>prima</span> <span class='ocrx_word' id='word_1_254' title='bbox 2444 3876 2532 3931; x_wconf 77' lang='lat' dir='ltr'>est,</span> 
     </span>
     <span class='ocr_line' id='line_1_33' title="bbox 186 3953 2530 4021; baseline -0.002 -14"><span class='ocrx_word' id='word_1_255' title='bbox 186 3971 301 4020; x_wconf 74' lang='lat' dir='ltr'>quae</span> <span class='ocrx_word' id='word_1_256' title='bbox 324 3959 470 4008; x_wconf 77' lang='lat' dir='ltr'>nobis</span> <span class='ocrx_word' id='word_1_257' title='bbox 494 3957 644 4008; x_wconf 78' lang='lat' dir='ltr'>XXV:</span> <span class='ocrx_word' id='word_1_258' title='bbox 686 3958 914 4021; x_wconf 79' lang='lat' dir='ltr'>secunda,</span> <span class='ocrx_word' id='word_1_259' title='bbox 954 3959 1105 4020; x_wconf 75' lang='lat' dir='ltr'>tertia,</span> <span class='ocrx_word' id='word_1_260' title='bbox 1128 3964 1311 4021; x_wconf 81' lang='lat' dir='ltr'>quarto,</span> <span class='ocrx_word' id='word_1_261' title='bbox 1338 3972 1463 4020; x_wconf 81' lang='lat' dir='ltr'>quae</span> <span class='ocrx_word' id='word_1_262' title='bbox 1490 3956 1628 4005; x_wconf 86' lang='lat' dir='ltr'>nobis</span> <span class='ocrx_word' id='word_1_263' title='bbox 1654 3957 1788 4016; x_wconf 82' lang='lat' dir='ltr'>xxn,</span> <span class='ocrx_word' id='word_1_264' title='bbox 1825 3955 1982 4014; x_wconf 79' lang='lat' dir='ltr'><strong>XXIII,</strong></span> <span class='ocrx_word' id='word_1_265' title='bbox 2019 3953 2168 4002; x_wconf 73' lang='lat' dir='ltr'>xxiv.</span> <span class='ocrx_word' id='word_1_266' title='bbox 2196 3978 2243 3988; x_wconf 86' lang='lat'>·-—</span> <span class='ocrx_word' id='word_1_267' title='bbox 2279 3955 2530 4002; x_wconf 78' lang='lat' dir='ltr'>Caeterum</span> 
     </span>
     <span class='ocr_line' id='line_1_34' title="bbox 188 4037 2533 4105; baseline -0.001 -16"><span class='ocrx_word' id='word_1_268' title='bbox 188 4040 457 4094; x_wconf 79' lang='lat' dir='ltr'>Bonefldius</span> <span class='ocrx_word' id='word_1_269' title='bbox 477 4043 611 4092; x_wconf 73' lang='lat' dir='ltr'>Iuris</span> <span class='ocrx_word' id='word_1_270' title='bbox 641 4043 823 4093; x_wconf 83' lang='lat' dir='ltr'>Orient.</span> <span class='ocrx_word' id='word_1_271' title='bbox 843 4042 924 4092; x_wconf 90' lang='lat' dir='ltr'>lib.</span> <span class='ocrx_word' id='word_1_272' title='bbox 949 4044 963 4091; x_wconf 95' lang='lat' dir='ltr'><strong>I</strong></span> <span class='ocrx_word' id='word_1_273' title='bbox 990 4058 1037 4105; x_wconf 84' lang='lat' dir='ltr'>p.</span> <span class='ocrx_word' id='word_1_274' title='bbox 1060 4044 1104 4092; x_wconf 87' lang='lat'>1.</span> <span class='ocrx_word' id='word_1_275' title='bbox 1124 4043 1159 4092; x_wconf 87' lang='lat'>2</span> <span class='ocrx_word' id='word_1_276' title='bbox 1190 4043 1325 4092; x_wconf 89' lang='lat' dir='ltr'>locos</span> <span class='ocrx_word' id='word_1_277' title='bbox 1342 4042 1558 4092; x_wconf 77' lang='lat' dir='ltr'>zonarae</span> <span class='ocrx_word' id='word_1_278' title='bbox 1580 4048 1628 4090; x_wconf 85' lang='lat' dir='ltr'>et</span> <span class='ocrx_word' id='word_1_279' title='bbox 1646 4039 1848 4090; x_wconf 85' lang='lat' dir='ltr'>Cedreni</span> <span class='ocrx_word' id='word_1_280' title='bbox 1886 4038 2038 4098; x_wconf 78' lang='lat' dir='ltr'>affert,</span> <span class='ocrx_word' id='word_1_281' title='bbox 2074 4037 2156 4085; x_wconf 81' lang='lat' dir='ltr'>ubi</span> <span class='ocrx_word' id='word_1_282' title='bbox 2194 4051 2351 4085; x_wconf 76' lang='lat' dir='ltr'>sermo</span> <span class='ocrx_word' id='word_1_283' title='bbox 2377 4046 2448 4086; x_wconf 86' lang='lat' dir='ltr'>est</span> <span class='ocrx_word' id='word_1_284' title='bbox 2473 4038 2533 4088; x_wconf 75' lang='lat' dir='ltr'>(le</span> 
     </span>
     <span class='ocr_line' id='line_1_35' title="bbox 188 4120 2533 4193; baseline -0.002 -19"><span class='ocrx_word' id='word_1_285' title='bbox 188 4125 363 4192; x_wconf 75' lang='lat' dir='ltr'>edictis,</span> <span class='ocrx_word' id='word_1_286' title='bbox 403 4143 535 4193; x_wconf 83' lang='lat' dir='ltr'>quae</span> <span class='ocrx_word' id='word_1_287' title='bbox 572 4128 884 4192; x_wconf 83' lang='lat' dir='ltr'>proposuerit</span> <span class='ocrx_word' id='word_1_288' title='bbox 920 4128 1169 4177; x_wconf 77' lang='lat' dir='ltr'>Heraclius</span> <span class='ocrx_word' id='word_1_289' title='bbox 1207 4136 1301 4176; x_wconf 78' lang='lat' dir='ltr'>tam</span> <span class='ocrx_word' id='word_1_290' title='bbox 1339 4127 1397 4175; x_wconf 86' lang='lat' dir='ltr'>de</span> <span class='ocrx_word' id='word_1_291' title='bbox 1434 4125 1530 4173; x_wconf 79' lang='lat' dir='ltr'>tide</span> <span class='ocrx_word' id='word_1_292' title='bbox 1566 4139 1707 4188; x_wconf 79' lang='lat' dir='ltr'>quam</span> <span class='ocrx_word' id='word_1_293' title='bbox 1745 4124 1804 4172; x_wconf 86' lang='lat' dir='ltr'>de</span> <span class='ocrx_word' id='word_1_294' title='bbox 1842 4137 1916 4184; x_wconf 80' lang='lat' dir='ltr'>eu,</span> <span class='ocrx_word' id='word_1_295' title='bbox 1951 4136 2011 4170; x_wconf 90' lang='lat' dir='ltr'>ne</span> <span class='ocrx_word' id='word_1_296' title='bbox 2037 4120 2267 4170; x_wconf 78' lang='lat' dir='ltr'>Hebraeis</span> <span class='ocrx_word' id='word_1_297' title='bbox 2293 4122 2414 4171; x_wconf 79' lang='lat' dir='ltr'>inti-a</span> <span class='ocrx_word' id='word_1_298' title='bbox 2439 4129 2533 4171; x_wconf 87' lang='lat' dir='ltr'>ter·</span> 
     </span>
     <span class='ocr_line' id='line_1_36' title="bbox 188 4205 2531 4277; baseline -0.002 -18"><span class='ocrx_word' id='word_1_299' title='bbox 188 4209 291 4261; x_wconf 79' lang='lat' dir='ltr'>tium</span> <span class='ocrx_word' id='word_1_300' title='bbox 326 4213 521 4263; x_wconf 80' lang='lat' dir='ltr'>miliare</span> <span class='ocrx_word' id='word_1_301' title='bbox 560 4213 892 4277; x_wconf 78' lang='lat' dir='ltr'>Hierosolyma</span> <span class='ocrx_word' id='word_1_302' title='bbox 930 4211 1163 4262; x_wconf 80' lang='lat' dir='ltr'>accedere</span> <span class='ocrx_word' id='word_1_303' title='bbox 1197 4212 1378 4261; x_wconf 84' lang='lat' dir='ltr'>liceret.</span> <span class='ocrx_word' id='word_1_304' title='bbox 1536 4206 1554 4234; x_wconf 79' lang='lat'>²</span> <span class='ocrx_word' id='word_1_305' title='bbox 1593 4209 1661 4258; x_wconf 81' lang='lat' dir='ltr'>Cf.</span> <span class='ocrx_word' id='word_1_306' title='bbox 1700 4207 1759 4258; x_wconf 85' lang='lat' dir='ltr'>de</span> <span class='ocrx_word' id='word_1_307' title='bbox 1795 4208 1883 4257; x_wconf 81' lang='lat' dir='ltr'>hac</span> <span class='ocrx_word' id='word_1_308' title='bbox 1919 4205 2107 4255; x_wconf 80' lang='lat' dir='ltr'>Novella</span> <span class='ocrx_word' id='word_1_309' title='bbox 2145 4205 2298 4255; x_wconf 77' lang='lat' dir='ltr'>Plintii</span> <span class='ocrx_word' id='word_1_310' title='bbox 2336 4207 2531 4255; x_wconf 87' lang='lat' dir='ltr'>Nomoc.</span> 
     </span>
     <span class='ocr_line' id='line_1_37' title="bbox 186 4289 2531 4362; baseline -0.004 -15"><span class='ocrx_word' id='word_1_311' title='bbox 186 4293 220 4356; x_wconf 87' lang='lat' dir='ltr'>l,</span> <span class='ocrx_word' id='word_1_312' title='bbox 265 4296 328 4347; x_wconf 83' lang='lat'>30</span> <span class='ocrx_word' id='word_1_313' title='bbox 378 4298 553 4362; x_wconf 85' lang='lat' dir='ltr'>ibique</span> <span class='ocrx_word' id='word_1_314' title='bbox 606 4312 781 4347; x_wconf 84' lang='lat' dir='ltr'>comm.</span> <span class='ocrx_word' id='word_1_315' title='bbox 830 4296 1128 4346; x_wconf 75' lang='lat' dir='ltr'>Balsamonis</span> <span class='ocrx_word' id='word_1_316' title='bbox 1178 4296 1274 4356; x_wconf 85' lang='lat' dir='ltr'>(ed.</span> <span class='ocrx_word' id='word_1_317' title='bbox 1326 4294 1476 4344; x_wconf 80' lang='lat' dir='ltr'>Rhulli</span> <span class='ocrx_word' id='word_1_318' title='bbox 1516 4294 1533 4343; x_wconf 93' lang='grc'>1</span> <span class='ocrx_word' id='word_1_319' title='bbox 1582 4308 1626 4355; x_wconf 84' lang='lat' dir='ltr'>p.</span> <span class='ocrx_word' id='word_1_320' title='bbox 1667 4293 1750 4344; x_wconf 73' lang='lat'>69)</span> <span class='ocrx_word' id='word_1_321' title='bbox 1802 4298 1848 4340; x_wconf 81' lang='lat' dir='ltr'>et</span> <span class='ocrx_word' id='word_1_322' title='bbox 1895 4290 2210 4340; x_wconf 77' lang='lat' dir='ltr'>Zonaras-ad</span> <span class='ocrx_word' id='word_1_323' title='bbox 2249 4305 2350 4353; x_wconf 77' lang='lat' dir='ltr'>syn.</span> <span class='ocrx_word' id='word_1_324' title='bbox 2387 4289 2531 4338; x_wconf 87' lang='lat' dir='ltr'>Trull.</span> 
     </span>
     <span class='ocr_line' id='line_1_38' title="bbox 185 4381 996 4446; baseline 0.001 -18"><span class='ocrx_word' id='word_1_325' title='bbox 185 4395 221 4428; x_wconf 82' lang='lat' dir='ltr'>e.</span> <span class='ocrx_word' id='word_1_326' title='bbox 260 4382 317 4433; x_wconf 78' lang='lat'>16</span> <span class='ocrx_word' id='word_1_327' title='bbox 352 4384 459 4446; x_wconf 80' lang='lat' dir='ltr'>(ed.</span> <span class='ocrx_word' id='word_1_328' title='bbox 499 4382 659 4433; x_wconf 72' lang='lat' dir='ltr'>Rheni</span> <span class='ocrx_word' id='word_1_329' title='bbox 700 4382 738 4431; x_wconf 87' lang='lat'>11</span> <span class='ocrx_word' id='word_1_330' title='bbox 777 4395 823 4445; x_wconf 82' lang='lat' dir='ltr'>p.</span> <span class='ocrx_word' id='word_1_331' title='bbox 861 4381 996 4441; x_wconf 81' lang='lat'><strong>341).</strong></span> 
     </span>
    </p>

    <p class='ocr_par' dir='ltr' id='par_1_13' title="bbox 278 4458 2126 4526">
     <span class='ocr_line' id='line_1_39' title="bbox 278 4458 2126 4526; baseline -0.002 -10"><span class='ocrx_word' id='word_1_332' title='bbox 278 4468 357 4518; x_wconf 90' lang='lat' dir='ltr'><strong>III.</strong></span> <span class='ocrx_word' id='word_1_333' title='bbox 696 4517 702 4526; x_wconf 71' lang='grc'><strong><em>,</em></strong></span> <span class='ocrx_word' id='word_1_334' title='bbox 2096 4458 2126 4504; x_wconf 81' lang='lat'><strong>3</strong></span> 
     </span>
    </p>
   </div>
   <div class='ocr_carea' id='block_1_12' title="bbox 2866 636 2877 1217">
    <p class='ocr_par' dir='ltr' id='par_1_14' title="bbox 2866 636 2877 1217">
     <span class='ocr_line' id='line_1_40' title="bbox 2866 636 2877 1217; baseline 0 0"><span class='ocrx_word' id='word_1_335' title='bbox 2866 636 2877 1217; x_wconf 95' lang='lat' dir='ltr'> </span> 
     </span>
    </p>
   </div>
  </div>
 </body>
</html>
