2900 4950
1224 212 1341 275 Imp.
1379 211 1600 261 Heraclii.
2499 206 2578 265 37

222 379 355 434 σας
416 356 516 434 εἷς
569 356 681 440 μ’,.
718 352 1201 436 ὖποδιακόνους
1252 358 1347 437 εἷς
1401 358 1480 437 ο’,
1538 354 1958 451 ἀναγνώστας
2001 362 2096 440 εἰς
2137 363 2253 448 ρξ’,
2316 363 2579 446 ψάλτας

220 457 324 534 εἰς
372 457 487 537 κε’,
534 458 887 543 πυλωροὺς
932 458 1023 537 εἷς
1069 459 1156 526 οε’
1203 463 1600 545 περιστῆναι
1639 461 1755 526 τὸν
1785 457 2096 547 ἀριθμὸν,
2144 463 2316 551 πλὴν
2357 466 2577 549 μόνων

218 561 365 624 τῶν
411 558 584 625 κατὰ
636 559 864 644 καιρὸν
918 567 1408 648 πριμμικηρίων
1460 563 1708 645 μηδένα
1751 564 2011 643 τούτοις
2052 566 2372 652 μηδαμῶς
2411 569 2578 653 μηδὲ

222 659 679 727 ἔντάττεσθαι
734 662 902 746 μηδὲ
953 668 1359 747 χειροτονίαν
1414 670 1753 749 γίνεσθαι,
1807 668 2008 749 χωρὶς
2061 666 2343 752 μεγάλης
2397 669 2577 747 τινὸς

220 755 725 850 ἀντεισαγωγῆς
782 762 849 829 ἐκ
906 763 1248 851 διαθηκῶν
1305 758 1348 849 ἢ
1404 766 1667 850 δωρεῶν
1722 770 1915 832 τοῦτο
1974 769 2578 857 καταναγκαζούσης

220 863 636 946 προελθεῖν,
686 862 835 930 ἐπεὶ
878 866 983 929 καὶ
1030 868 1226 930 τοῦτο
1275 865 1444 949 πρὸς
1494 866 1572 932 τὸ
1613 866 1929 953 χρήσιμον
1973 872 2089 954 τῆς
2132 867 2331 958 αὐτῆς
2374 867 2575 956 ἁγιω-

219 963 436 1050 τάτης
496 963 837 1050 ἐκκλησίας
894 960 1034 1052 ὅρᾷ.
1121 966 1277 1045 τοὺς
1329 969 1402 1033 δέ
1470 992 1543 1052 γε
1598 967 1665 1034 ἐν
1725 970 2076 1057 διαφόροις
2132 964 2478 1057 όφφικίοις
2533 967 2576 1058 ἢ

217 1076 376 1143 τοῖς
420 1066 801 1151 λεγομένοις
831 1065 1232 1153 ἐπιτάγμασι
1262 1070 1612 1148 τελοῦντας
1639 1071 2049 1154 θεσπίζομεν
2079 1074 2250 1156 πρὸς
2276 1071 2360 1139 τὰ
2388 1073 2576 1159 παρὰ

219 1169 348 1252 τῆς
392 1169 515 1251 σῆς
558 1173 960 1234 τυπωθέντα
999 1167 1482 1257 μακαριότητος
1521 1175 1685 1248 τέως
1714 1165 1814 1256 ἐφ’
1852 1160 1930 1237 οὗ
1974 1174 2141 1237 νῢν13
2185 1174 2310 1239 εἶσὶ
2354 1181 2574 1258 μένειν

223 1262 570 1352 ἀριθμοῦ·
617 1267 890 1335 ἐπειδὰν
934 1270 1006 1336 δὲ
1052 1277 1338 1358 συμβαίη
1383 1274 1776 1357 περιστῆναι
1826 1271 1978 1350 τοὺς
2018 1274 2138 1355 μὲν
2190 1278 2574 1357 συγκέλλους

222 1369 330 1446 εἷς
394 1368 544 1447 δύο,
604 1371 1065 1457 καγκελαρίους
1122 1373 1194 1438 δὲ
1240 1372 1334 1450 εἷς
1379 1372 1496 1458 ιβ’,
1562 1380 1905 1457 νοταρίους
1960 1373 2054 1451 εἷς
2106 1373 2193 1457 μ’,
2253 1377 2572 1463 σκευοφό-

220 1471 438 1548 λακας
481 1470 578 1550 εἷς
617 1473 739 1556 μὲν
769 1478 1250 1558 πρεσβυτέρους
1280 1472 1356 1553 δ’,
1407 1474 1502 1552 εἰς
1532 1476 1604 1541 δὲ
1645 1474 1986 1554 διακόνους
2018 1476 2103 1554 ἓξ,
2153 1470 2573 1562 ἀναγνώστας

220 1571 315 1655 β’,
360 1571 474 1637 ἐπὶ
519 1571 758 1639 τούτου
805 1574 1134 1657 διαμένειν
1178 1578 1293 1640 τοῦ
1346 1582 1619 1660 μέτρου,
1675 1576 1953 1663 μηδενὸς
2008 1571 2234 1656 αὐτοῖς
2292 1602 2571 1665 προστι-

218 1678 520 1756 θεμένου
564 1673 892 1753 καθάπαξ
932 1678 1091 1761 πρὶν
1136 1669 1214 1741 ἀν
1270 1679 1375 1743 καὶ
1438 1680 1635 1743 τοῦτο
1691 1676 2000 1763 καθάπερ
2060 1678 2231 1757 εἰκὸς
2276 1679 2571 1767 ἐλλείψει

218 1773 301 1838 τὸ
344 1779 589 1860 μέτρον
632 1778 740 1841 καὶ
786 1779 901 1863 τῆς
945 1772 1449 1864 ἀναπληροὺσης
1493 1781 1702 1867 δεηθῇ
1747 1779 2168 1867 προσθήκης·
2217 1786 2571 1867 τηνικαῦτα

214 1874 345 1962 γὰρ
396 1875 640 1954 ἐξεῖναι
681 1876 761 1941 τὸ
806 1877 1069 1956 ἐλλιπὲς
1113 1872 1645 1963 ἀντεισάγεσθαι.

395 1984 457 2060 β.
534 1973 789 2063 (Ὠσπερ
837 1969 950 2045 οὖν
992 1983 1098 2045 καὶ
1144 1980 1298 2057 τοὺς
1350 1980 1417 2045 ἐν
1467 1983 1559 2064 τῷ
1620 1984 1845 2066 σεπτῷ
1889 1984 2026 2067 ναῷ
2070 1985 2187 2069 τῆς
2231 1977 2421 2066 ἁγίας
2466 1983 2568 2048 ἐν*

218 2077 423 2157 δόξου
472 2079 829 2166 δεσποίνης
870 2076 1055 2166 ἡμῶν
1098 2079 1422 2146 θεοτόκου
1467 2083 1573 2145 καὶ
1622 2075 2073 2166 ἀειπαρθένου
2134 2088 2334 2166 μαρί
2348 2108 2439 2159 ας
2500 2083 2567 2147 ἕν

212 2180 524 2263 βλαχέρ
542 2206 576 2244 ν
594 2183 779 2257 αις“
820 2179 934 2266 τὴν
963 2186 1164 2247 θείαν
1194 2182 1609 2266 πληροῦντας
1639 2182 2045 2266 λειτουργίαν
2075 2182 2241 2247 κατὰ
2269 2182 2354 2247 τὰ
2383 2183 2568 2267 παρὰ

212 2284 333 2366 τῆς
384 2284 507 2365 σῆς
548 2282 764 2360 καλῶς
808 2276 1168 2365 ὁρισθέντα
1222 2282 1705 2369 μακαριότητος
1760 2280 1981 2368 δεήσει
2034 2287 2253 2365 μένειν
2294 2286 2414 2366 μὲν
2460 2279 2560 2372 εφ’

214 2372 294 2469 ἧς
338 2386 717 2461 καθεστᾶσι
762 2383 1162 2470 ποσότητος,
1226 2384 1475 2471 μηδένα
1533 2385 1605 2450 δὲ
1658 2381 1858 2470 ταύτῃ
1907 2385 2249 2463 παντελῶς
2293 2385 2566 2452 ἕπεισά

213 2491 501 2572 γεσθαι,
572 2487 732 2571 πρὶν
799 2485 950 2563 τοὺς
1013 2488 1133 2569 μὲν
1202 2491 1686 2571 πρεσβυτέρους
1742 2487 1836 2563 εἷς
1892 2485 1998 2571 ιβ’,
2057 2490 2163 2553 καὶ
2222 2488 2565 2565 διακόνους

214 2585 504 2675 αῤῥενας
539 2589 660 2670 μὲν
693 2587 787 2664 εἷς
820 2586 923 2673 ιη’,
971 2589 1248 2673 θηλείας
1279 2588 1351 2652 δὲ
1381 2588 1802 2666 διακονίσσας
1833 2587 1928 2664 είς
1959 2586 2035 2668 ς’,
2082 2583 2564 2667 ὖποδιακόνους

217 2689 316 2768 εἰς
360 2687 442 2774 η’,
503 2682 924 2773 ἀναγνώστας
968 2689 1062 2767 εἰς
1104 2688 1179 2766 κ’,
1242 2688 1503 2773 ψάλτας
1558 2688 1651 2766 εἷς
1696 2688 1772 2768 δ’,
1838 2688 2190 2774 πυλωροὺς
2246 2690 2320 2755 δὲ
2364 2690 2457 2768 εἷς
2504 2691 2560 2770 ς’,

215 2793 733 2877 περιενεχθῆναι
764 2795 1069 2876 συμβαίη.
1142 2784 1241 2877 ἔφ’
1278 2790 1529 2876 ἑκάστῳ
1574 2791 1644 2854 δὲ
1673 2789 1954 2875 τάγματι
1982 2790 2221 2856 τούτου
2251 2790 2561 2877 καθάπερ

220 2891 393 2970 εἰκός
438 2891 619 2958 ἐστιν
663 2890 1082 2970 ἐλλείποντος
1125 2895 1241 2956 τοῦ
1283 2900 1556 2975 μέτρου,
1601 2889 1804 2973 μόνον
1851 2892 2011 2957 δεῖ15
2053 2899 2564 2978 προστίθεσθαι

215 2994 294 3061 τὸ
341 2993 586 3060 ἐνδέον.
674 2991 925 3058 τούτων
979 2991 1100 3113 γὰρ
1159 2988 1369 3069 οὕτως
1427 2997 1898 3076 πραττομένων
1941 3018 2014 3058 τε
2068 2996 2174 3059 καὶ
2234 2996 2563 3080 φυλαττο·

217 3102 467 3181 μένων,
539 3089 691 3160 ουδὲ
761 3093 1306 3180 παρεγγράπτους
1359 3086 1401 3178 ἢ
1460 3091 1613 3170 τοὺς
1668 3091 1979 3174 τυχόντας
2033 3093 2238 3175 μόνου
2295 3096 2562 3179 κέρδους

220 3200 433 3265 ἕνεκεν
480 3190 905 3282 ὀρεγομένους
949 3191 1039 3273 ὦς
1082 3196 1341 3282 ε’ίρηται
1370 3193 1774 3280 συμβήσεται
1801 3202 1946 3271 τοῖς
1979 3194 2180 3277 ἱεροῖς
2225 3195 2563 3280 επιπηδᾶν

218 3303 321 3366 καὶ
367 3297 457 3364 τὰ
501 3297 674 3383 πρὸς
730 3291 1063 3381 εὐσέβειαν
1109 3291 1621 3383 ἀπονεμηθέντα
1672 3293 1884 3381 μάτην
1943 3291 2151 3371 οὕτως
2203 3298 2308 3360 καὶ
2363 3295 2561 3382 χύδην

220 3403 484 3479 ἑαυτοῖς
530 3408 932 3485 περιποιεῖν,
982 3392 1134 3464 οὐδὲ
1177 3397 1536 3475 ελάττωσίς
1566 3423 1670 3476 τις
1693 3397 1794 3476 εἰς
1823 3396 1938 3482 τὴν
1967 3402 2166 3463 θείαν
2197 3392 2560 3482 ὖποιργίαν

213 3504 562 3590 γενέσεται
628 3497 944 3568 ἁπάντων
1006 3498 1177 3584 πρὸς
1247 3498 1363 3587 τὴν
1429 3490 1500 3565 εῧ
1575 3500 1847 3582 εχουσαν
1915 3492 2561 3582 ἀποκαθισταμένων

216 3605 422 3685 τάξιν,
470 3606 589 3690 τῆς
632 3628 706 3669 τε
749 3597 1115 3688 ἁγιωτάτης
1146 3601 1484 3687 ἐκκλησίας
1523 3604 1602 3688 τῇ
1632 3607 1794 3687 θείᾳ
1824 3601 2194 3687 λειτουργίᾳ
2237 3597 2274 3686 ἡ
2307 3600 2561 3688 προσή-

216 3731 421 3774 κουσα
463 3704 871 3781 κατάστασις
915 3698 1441 3789 ἀποδοθήσεται.

391 3808 496 3873 Τὰ
538 3813 765 3873 τοίνυν
808 3803 1242 3890 παραστάντα
1286 3798 1441 3888 ἡμῖν
1487 3805 1597 3868 καὶ
1642 3802 1754 3868 διὰ
1782 3804 1976 3867 τοῦδε
2004 3805 2120 3867 τοῦ
2151 3806 2347 3865 θείου
2387 3825 2560 3883 πρα-

214 3913 532 3997 γματικοῦ
582 3906 950 3996 δηλούμενα
978 3905 1193 3971 τόπου
1236 3900 1389 3990 ἡσὴ
1435 3903 1839 3988 μακαριότης
1881 3905 1987 3967 καὶ
2021 3902 2085 3965 οἱ
2128 3899 2295 3984 μετὰ
2341 3902 2414 3966 σὲ
2443 3905 2560 3967 τοῦ

215 4011 409 4079 αὐτοῦ
459 4012 797 4096 ἱερατικοῦ
830 4006 1081 4095 θρόνου
1126 4003 1662 4093 προστησόμενοι
1707 3999 1744 4067 ὅ
1773 4028 1846 4068 τε
1890 3997 2120 4089 εὐαγής
2165 4024 2284 4068 σου
2329 4003 2563 4090 κλῆρος

336 4251 373 4281 ¹³
409 4251 620 4304 Lenncl.
660 4264 757 4298 non
798 4249 952 4298 babet.
1128 4244 1163 4273 ¹⁴
1203 4248 1347 4296 voell.
1387 4243 1488 4293 τοῦ
1526 4245 1598 4300 (ex
1637 4245 1762 4308 conj.
1800 4242 1895 4308 τῷ)
1932 4237 1991 4292 ἐν
2024 4240 2176 4310 βλαχ.
2359 4239 2392 4269 '⁵
2430 4243 2564 4305 Apud

212 4339 343 4394 Voess.
384 4341 549 4390 deest.
