2900 4950
358 211 489 275 456
1133 220 1361 272 c0n.1v.
1431 220 1919 273 Nonum—m.

360 370 473 440 καὶ
515 366 633 439 οὒκ
675 366 951 449 ἀπεικός
1004 368 1183 436 ἐστιν
1227 364 1654 436 ὑποπτεῦσαι
1691 369 1858 456 μηδὲ
1899 366 2020 454 τὴν
2062 362 2298 456 εύσεβη
2345 367 2725 454 διαδρᾶναι

361 468 548 560 ἡμῶν
589 469 1016 559 γαληνότητα,
1060 473 1170 537 καὶ
1214 470 1348 537 ε’ίτε
1390 467 1557 537 κατὰ
1586 468 1799 557 λήθην
1828 467 2366 555 (δυσμαχώτατον
2392 467 2517 555 γὰρ
2545 468 2726 535 ταύ-

361 598 481 662 την
526 570 816 651 άπαντες
861 571 1111 651 ἴσασιν)
1156 574 1289 638 ειτε
1340 564 1496 637 καθ’
1546 570 1766 656 ἕτερον
1818 568 2071 657 τρόπον
2127 570 2506 655 οἰκονομίας
2561 570 2724 638 διο-

366 679 699 759 ρίσασθαί
739 698 808 740 τι
851 671 1192 761 ἐγγράφως
1246 671 1363 760 τὴν
1404 672 1751 758 βασιλείαν
1803 695 1934 756 μου
1977 671 2066 759 μὴ
2118 675 2237 760 τῆς
2277 673 2396 738 τοῦ
2443 672 2718 738 δικαίου

364 770 701 862 ἀκριβείας
713 773 1068 895 καθάπαξ
1110 771 1413 893 &ficano-v
1465 774 1612 839 xa2⁹
1666 771 1883 860 πάντη
1942 766 2333 841 ἀνύποπτον
2395 776 2490 860 τῷ
2549 767 2717 841 ἀδε-

362 875 584 966 κάστῳ
627 879 746 942 τοῦ
792 874 1168 954 συνειδότος
1208 877 1414 961 κριτῇ,
1460 868 1615 941 καθ
1655 873 1929 961 ἑκάστην
1973 869 2442 963 ἀνακρινομένη
2498 870 2540 959 ἦ
2578 882 2717 960 βα-

366 980 584 1046 σιλεία
624 1001 774 1063 μου,
819 979 926 1044 καὶ
971 975 1276 1063 καθαρὰν
1320 974 1438 1064 τὴν
1484 975 1730 1044 οἰκείαν
1774 976 2148 1060 συνείδησιν
2190 978 2300 1042 καὶ
2346 975 2715 1061 ἐλευθέραν

366 1078 641 1159 πάθους
695 1073 1131 1164 ἀνθρωπίνου
1190 1076 1443 1155 παντὸς
1499 1077 1583 1145 τά
1636 1102 1709 1163 γε
1765 1077 1937 1163 πρὸς
1992 1073 2376 1144 εὐθυδικίαν
2431 1079 2541 1144 καὶ
2583 1079 2711 1143 τοῦ

368 1182 627 1249 δικαίου
656 1179 1075 1268 ’συντήρησιν
1130 1180 1226 1266 τῷ
1282 1179 1516 1265 δικαίῳ
1571 1178 1704 1244 τῶν
1758 1178 2047 1263 καρδιῶν
2101 1180 2209 1245 καὶ
2264 1181 2398 1245 τῶν
2441 1181 2711 1265 νεφρῶν

367 1282 607 1370 ἔταστῇ
651 1285 1166 1369 καρποφορῆσαι
1209 1285 1584 1367 πειρωμένη
1632 1275 1724 1359 ὥς
1765 1275 1909 1346 οἶόν
1938 1305 2011 1348 τε
2055 1276 2343 1365 ὥσπερ“’
2379 1278 2532 1347 τινὰ
2573 1285 2712 1346 θυ·

367 1390 520 1451 σίαν
564 1383 790 1470 δεκτὴν
835 1378 1011 1469 αύτῷ
1054 1385 1163 1448 καὶ
1208 1377 1591 1465 ειάρεστον,
1648 1379 1820 1467 πρὸς
1873 1381 1992 1469 τὴν
2035 1384 2382 1468 παροῦσαν
2426 1376 2711 1449 ἀπεῖδεν

365 1480 702 1553 ὖπόθεσιν
744 1479 785 1571 ἦ
826 1480 1187 1571 γαληνότης
1228 1479 1433 1570 ἡμῶν.

538 1584 622 1653 α’.
708 1584 1090 1671 Διορίζεται
1132 1581 1256 1670 γὰρ
1303 1582 1415 1650 διὰ
1457 1585 1573 1670 τῆς
1623 1581 1966 1671 παρούσης
2013 1530 2501 1671 χρυσοβούλλου
2544 1607 2711 1670 γρα-

370 1689 531 1775 φῆς,
592 1686 705 1754 ἵνα
749 1686 817 1754 εἴ
851 1711 920 1753 τι
964 1681 1046 1752 δι’
1096 1681 1256 1751 ὅλου
1309 1687 1428 1751 τοῦ
1474 1687 1759 1769 καιροῧ”
1803 1687 1920 1771 τῆς
1963 1678 2476 1772 αὐτοκρατορίας
2516 1680 2710 1773 ἡμῶν

369 1782 770 1877 ἀγράφως“”
729 1815 765 1876 η
812 1786 1154 1875 ἐγγράφως
1198 1782 1445 1874 ὁρισθῇ
1491 1784 1679 1871 παρὰ
1719 1788 1836 1873 τῆς
1862 1787 2209 1872 βασιλείας
2232 1809 2363 1871 μου
2407 1782 2711 1854 ἐναντίον

366 1892 462 1976 τῷ
506 1890 740 1978 δικαίῳ
782 1891 891 1957 καὶ
935 1891 1014 1976 τῇ
1057 1890 1190 1956 τῶν
1234 1887 1452 1974 νόμων
1499 1881 1830 1973 εὖθύτητι,
1877 1884 2117 1974 ἄκυρον
2158 1892 2356 1955 τοῦτο
2401 1889 2707 1976 διαμείνῃ

367 1993 476 2059 καὶ
518 1990 599 2067 τὸ
641 1989 979 2077 ἄπρακτον
1024 1990 1155 2070 ἕξει
1198 1988 1650 2057 παντάπασιν.
1715 1986 1868 2055 οὕτε
1908 1989 2031 2074 γάρ
2078 1985 2115 2055 ὁ
2158 1992 2462 2057 τοιοῦτον
2504 2013 2710 2075 πορι-

371 2092 657 2178 σάμενος
697 2097 815 2179 τῆς
855 2094 1201 2179 βασιλείας
1253 2115 1384 2176 μου
1441 2086 1718 2176 ὁρισμὸν
1775 2088 1843 2157 ἐν
1888 2089 2217 2178 οἶᾳδήτινι
2256 2089 2622 2175 προστάξει
2664 2085 2709 2180 ἢ

370 2194 439 2262 ἐν
480 2194 942 2280 χρυσοβούλλῳ
983 2195 1202 2280 γραφῇ
1247 2191 1711 2277 θεωρούμενον
1755 2190 1975 2258 ἔκτοτε
2028 2190 2196 2259 κατά
2235 2218 2305 2259 τι
2348 2186 2710 2280 ὠφεληθή-

371 2317 591 2376 σεται,
637 2294 789 2363 οὕτε
829 2294 908 2361 τὸ
953 2294 1024 2374 ἐξ
1065 2288 1266 2360 αὐτοῦ
1324 2288 1773 2380 ὁπωσδήποτε
1820 2298 2019 2378 μέρος
2059 2293 2519 2379 βλαπτόμενον
2563 2318 2709 2362 τοι-

370 2396 797 2484 ουτοτρόπως
841 2396 1218 2463 ἐκπεσεῖται
1260 2396 1378 2460 τοῦ
1422 2392 1795 2481 προσόντος
1824 2394 2083 2461 δικαίου
2118 2388 2380 2462 αι’)τοῢ”ι
2423 2392 2708 2485 ὁθενδή-

368 2522 573 2578 ποτε,
637 2492 756 2565 κᾶν
811 2496 1182 2583 πρόσωπον
1199 2499 1240 2532 ¹³
1304 2497 1403 2584 εἴη
1460 2494 1653 2580 τυχὸν
1708 2490 1748 2583 ἢ
1801 2495 2245 2583 μοναστήριον
2307 2491 2350 2585 ἢ
2403 2504 2707 2584 σέκρετον

372 2593 599 2684 εὗαγὲς
639 2591 682 2685 ἢ
724 2597 1021 2685 οἶαδήτις
1063 2597 1386 2686 ἐκκλησία,
1433 2594 1662 2683 ὥσπερ
1708 2593 1789 2664 ἂν
1818 2597 1880 2666 εἰ
1908 2597 2216 2685 μηδόλως
2259 2597 2708 2689 ἑμεσολάβησε

368 2703 574 2784 μέσον
617 2694 820 2767 αὐτοῦ
836 2702 877 2734 ¹⁴
921 2699 1246 2787 ἔγγραφος
1288 2698 1626 2786 οἱοσδήτις
1666 2698 2010 2786 βασιλικὸς
2053 2694 2348 2785 ὁρισμός.

538 2799 622 2886 β’.
707 2803 915 2884 Πᾶσα
972 2802 1046 2868 δὲ
1099 2800 1468 2886 πρόσταξις
1517 2810 1823 2888 γεγονυῖα
1876 2796 1920 2888 ἢ
1967 2803 2074 2868 καὶ
2118 2807 2513 2890 γενησομένη
2559 2798 2707 2872 ὁτε-

371 2900 623 2990 δήποτε
677 2904 785 2969 καὶ
844 2897 1293 2990 ὁπωσδήποτε
1348 2901 1521 2989 πρὸς
1575 2902 1961 2971 ἐναντίωσιν
2017 2905 2136 2970 τοῦ
2193 2902 2526 2990 παρόντος
2587 2908 2708 2991 τῆς

367 3005 715 3092 βασιλείας
759 3027 890 3089 μου
948 3000 1259 3091 ὁρισμοῦ,
1313 2999 1435 3074 κᾶν
1493 3004 1561 3072 ἐν
1618 3003 2086 3092 χρυσοβούλλῳ
2142 3001 2309 3084 ἴσως
2366 3011 2705 3091 θεωροῒτο

368 3110 612 3195 γραφῇ,
656 3106 735 3173 τὸ
779 3105 1117 3191 ἄπρακτον
1152 3102 1311 3174 ὅσον
1355 3105 1469 3174 ἐπὶ
1513 3104 1727 3192 τούτῳ
1758 3099 2118 3174 ἀποίσεται
2142 3108 2252 3173 καὶ
2283 3102 2374 3187 ὥς
2398 3106 2707 3196 μηδόλως

370 3208 841 3298 ἐκφωνηθεῖσα
879 3204 1087 3293 μόνον
1141 3202 1281 3291 οὗχὶ
1339 3205 1815 3294 λογισθήσεται
1831 3228 1846 3243 ·
1910 3210 2028 3274 τοῦ
2085 3207 2420 3294 παρόντος
2464 3232 2707 3295 χρυσο-

368 3309 655 3398 βούλλου
710 3308 907 3395 λόγου
957 3311 1079 3394 τῆς
1130 3308 1477 3394 βασιλείας
1526 3332 1657 3393 μου
1710 3307 1878 3393 μετὰ
1936 3307 2015 3376 τὸ
2080 3309 2707 3399 ἐγκαταστρωθῆναι·

368 3423 516 3490 τοῖς
557 3414 673 3476 τοῦ
719 3411 1040 3496 δημοσίου
1083 3405 1370 3496 ἀρχείοις
1420 3404 1839 3498 ἀποτεθῆναι
1892 3404 2280 3499 ὀφείλοντος
2332 3414 2427 3500 τῷ
2484 3409 2707 3499 εὗαγεῖ

371 3517 651 3598 σεκρέτῳ
693 3513 813 3578 τοῦ
853 3511 1415 3598 χαρτοφυλακείου
1459 3514 1576 3598 τῆς
1631 3508 1998 3600 ἁγιωτάτης
2037 3512 2322 3601 μεγάλης
2364 3513 2706 3601 ἐκκλησίας

371 3614 468 3693 είς
510 3612 892 3698 ἐπικουρίαν
934 3610 1156 3699 κοινὴν
1197 3613 1307 3678 καὶ
1352 3609 1755 3698 ἐπίθαλψιν,
1802 3638 1892 3693 ως
1919 3620 2192 3701 βεβαίου
2221 3616 2328 3682 καὶ
2361 3609 2706 3703 ἀσφαλοῦς

369 3713 832 3803 τυγχάνοντος·
888 3716 1310 3799 γεγενημένου
1367 3711 1535 3780 κατὰ
1576 3711 1692 3780 τὸν
1736 3719 1931 3798 νοέμ
1945 3722 2040 3800 βρ
2060 3740 2184 3783 ιον
2225 3719 2402 3805 μῆνα
2456 3720 2574 3805 τῆς
2618 3718 2700 3799 ζ’.

374 3818 496 3886 lvd.
535 3818 653 3883 τοῦ
703 3839 833 3937 ,ῗςχ
806 3813 886 3896 ἵζ’
935 3812 1196 3895 ἔτους“,
1244 3813 1311 3881 ἐν
1356 3803 1411 3902 ᾦ
1451 3817 1559 3882 καὶ
1604 3813 1681 3881 τὸ
1723 3810 2038 3902 ἡμέτερον
2083 3814 2346 3905 εὐσεβὲς
2387 3821 2495 3885 καὶ
2538 3825 2704 3889 θεο-

371 3919 749 4046 πρόβλητον
792 3912 1257 4005 υπεσημήνατο
1300 3916 1556 4002 κράτος.

507 4089 716 4142 'eodm
785 4082 1005 4155 v‚quod
1043 4089 1308 4140 emendavit
1341 4092 1502 4200 wine·
1638 4087 1678 4116 ’⁰
1711 4091 1866 4142 Malim
1902 4084 1978 4144 ὥς
2008 4087 2162 4155 πρός.
2232 4099 2237 4106 ’
2306 4089 2340 4120 ¹¹
2377 4092 2509 4143 Bion.
2533 4092 2708 4145 inserit

372 4170 545 4245 παρά.
700 4173 898 4225 ’wine
933 4176 1061 4240 conj.
1096 4167 1263 4237 αυτῷ.
1421 4171 1590 4226 ’Scin
1628 4191 1833 4240 persona
1869 4177 2061 4241 privata,
2097 4176 2175 4226 cui
2200 4168 2497 4244 πρόσταξις
2529 4178 2704 4243 datum

372 4260 684 4322 monasterio,
723 4260 958 4311 ecclesiae
993 4274 1137 4310 aurea
1171 4259 1298 4309 bulla
1334 4259 1632 4312 conceditur.
1836 4259 1875 4288 ¹⁴
1911 4260 2067 4312 Malim
2104 4250 2306 4310 αὖταῖν.
2496 4258 2534 4288 ¹⁸
2568 4263 2706 4315 Bion.

374 4338 549 4414 5186'
580 4337 754 4400 ἔτους,
793 4345 925 4408 quod
957 4344 1055 4395 ind.
1093 4344 1171 4395 vn
1206 4357 1301 4394 nou
1339 4344 1575 4394 convenit.

2890 4155 2895 4298 1
