2900 4950
378 226 459 289 42
546 216 563 232 “
1272 237 1389 287 eon.
1429 237 1464 286 ι.
1534 237 1648 286 nov.
1684 236 1833 287 xm.

373 387 530 467 τοὺς
570 388 812 472 νόμους
852 388 960 452 καὶ
1004 384 1159 463 τοὺς
1200 390 1435 464 θείους
1463 383 1741 462 κανόνας
1768 383 2004 470 κλῆρον
2045 377 2090 471 ἢ
2115 383 2335 469 τάγμα
2377 376 2421 469 ἢ
2446 389 2721 469 βαθμον

374 484 419 576 ἢ
460 485 825 574 ὑπουργίαν
867 481 910 572 ἢ
954 485 1116 554 ἄλλο
1159 484 1229 551 τὶ
1268 490 1402 552 τῶν
1432 480 1511 552 οὐ
1555 483 2025 572 προσηκόντων
2061 479 2323 563 αὐτοῖς·
2367 487 2479 551 καὶ
2520 511 2723 553 κατα-

374 593 812 674 πέμπεσθαι“
855 588 923 656 ἐν
968 586 1331 675 οἱᾳδήποτε
1373 586 1679 673 ἐκκλησίᾳ
1719 580 1763 673 ἢ
1806 580 2118 671 εὐκτηρίῳ
2173 583 2415 667 ταύτης
2456 590 2573 671 τῆς
2615 587 2720 655 ἐν·

376 690 572 770 δόξου
616 690 879 768 πόλεως
919 683 961 775 ἢ
1004 692 1121 776 τῆς
1165 688 1423 773 ἐνορίας
1468 682 1667 775 αὐτῆς
1693 686 1954 774 γνώμης
1979 689 2179 772 χωρὶς
2207 689 2313 754 καὶ
2349 687 2722 777 ἐπιτροπῆς

373 796 495 879 τῆς
535 795 654 880 σῆς
695 788 1206 876 μακαριότητος·
1262 792 1369 856 καὶ
1413 789 1493 854 τὸ
1538 788 1615 875 δὴ
1657 796 2005 873 χείριστον,
2052 791 2161 855 καὶ
2204 786 2324 867 τὰς
2368 790 2722 875 λεγομένας

372 897 507 960 τῶν
553 894 827 991 διαρίων
871 891 1267 975 κομίζεσθαι
1310 888 1510 977 ῥόγας
1564 890 1698 958 ειτε
1713 888 2089 1012 .διανομὰς,
2149 891 2283 957 εἴτε
2338 889 2408 957 ἐκ
2448 893 2566 957 τοῦ
2612 885 2721 958 εὐ-

375 997 575 1080 αγοῦς
603 985 1277 1081 όρφανοτροφείου
1234 1017 1274 1079 η
1318 994 1491 1058 ‘uby'
1534 986 1783 1077 εὐαγιῦν
1827 991 2141 1071 ξενώνων,
2187 985 2231 1079 ἢ
2274 985 2545 1078 εὐαγοῦς
2591 1016 2720 1077 μο-

374 1100 728 1181 ναστηρίου
784 1088 829 1179 ἢ
883 1093 951 1160 ἐκ
1006 1096 1139 1159 τῶν
1148 1089 1633 1180 θείων·ἦμῶν
1690 1092 1889 1159 οικων
1931 1087 1973 1180 ἢ
2017 1093 2240 1178 ἑτέρου
2285 1092 2721 1178 προσώπου’“

373 1196 783 1283 οἱουδήτινος
836 1189 879 1283 ἢ
935 1192 1135 1280 ἄλλης
1189 1194 1463 1261 οἶασοῦν
1519 1193 1931 1282 διοικήσεως,
2002 1190 2170 1279 ὅπερ
2229 1188 2308 1260 οὐ
2362 1193 2568 1277 μόνον
2623 1194 2720 1273 εἰς

372 1293 561 1383 ὕβριν
622 1300 733 1363 καὶ
793 1295 1284 1383 καταφρόνησιν
1349 1299 1466 1382 τῆς
1527 1302 1726 1374 θείας
1790 1299 2065 1382 φέρεται
2135 1298 2542 1381 λειτουργίας
2606 1297 2716 1363 καὶ

370 1403 859 1483 μυσταγωγίας,
924 1392 1092 1464 ἀλλὰ
1147 1399 1254 1463 καὶ
1314 1398 1408 1475 εἰς
1464 1396 1581 1464 τὸν
1624 1393 2098 1482 πατριαρχικὸν
2139 1395 2390 1482 θρόνον
2435 1399 2553 1484 τῆς
2597 1401 2720 1485 σῆς

370 1498 884 1585 μακαριότητος,
951 1493 1062 1586 ὕφ’
1126 1495 1199 1564 ὃν
1253 1498 1519 1565 τελοῦσι
1576 1496 1823 1577 πάντες
1878 1496 1945 1563 οἱ
2015 1491 2270 1582 εὐαγεῖς
2329 1497 2534 1565 τόποι
2598 1502 2718 1586 τῆς

370 1600 735 1684 βασιλίδος
759 1600 1000 1687 ταύτης
1043 1596 1305 1678 πόλεως
1344 1602 1452 1666 καὶ
1499 1602 1616 1686 τῆς
1661 1598 1902 1685 ταύτης
1956 1597 2245 1684 ἐνορίας·
2298 1602 2407 1665 καὶ
2462 1599 2717 1666 τούτων

374 1701 446 1767 δὲ
483 1697 704 1785 χωρὶς,
753 1697 920 1786 ὅπερ
965 1703 1308 1780 παντελῶς
1353 1700 1477 1780 ἔξω
1519 1704 1653 1768 τῶν
1700 1701 1892 1786 ἱερῶν
1937 1699 2080 1767 ἐστι
2121 1698 2431 1781 κανόνων,
2477 1704 2719 1787 πειρᾶ·

374 1807 548 1867 σθαί
599 1826 784 1882 τινας
841 1802 908 1870 ἐν
966 1802 1334 1889 ἐκκλησίαις
1388 1800 1745 1890 διαφόροις
1800 1800 2074 1881 ἑαυτοὺς
2132 1800 2462 1882 εἰσποεῖν,
2520 1796 2564 1889 ἢ
2605 1805 2719 1869 καὶ

372 1900 695 1982 πολλάκις
718 1899 855 1970 ὐπὸ
887 1903 1002 1969 τὸν
1031 1903 1101 1971 ἐν
1137 1903 1588 1990 χαλκηδόνι
1635 1898 2003 1969 ὁσιώτατον
2046 1902 2452 1989 πρόεδρον“,
2500 1902 2716 1971 ἐνίοτε

372 2004 445 2070 δὲ
487 2007 595 2070 καὶ
642 2004 709 2071 ἐν
752 2015 902 2084 ταῖς
944 2000 1347 2090 ἁγιωτάταις
1392 2005 1761 2091 ἐκκλησίαις
1816 2004 1883 2071 ἐν
1929 1999 2037 2083 αἶς
2091 1999 2129 2092 ἦ
2189 2003 2270 2091 σὴ
2314 2004 2719 2092 μακαριότης

369 2103 488 2192 τὴν
530 2108 663 2171 τῶν
708 2105 983 2191 διαρίων
1027 2105 1334 2173 ἐπίδοσιν
1379 2117 1699 2186 ποιεῖται,
1743 2108 1853 2172 καὶ
1898 2104 1966 2172 ἐν
2011 2105 2264 2191 ἑτέραις
2304 2100 2348 2192 ἢ
2389 2102 2526 2173 ὑπὸ
2559 2104 2718 2184 τοὺς

372 2205 839 2286 ἐνδοξοτάτους
893 2210 1026 2274 τῶν
1078 2212 1291 2275 θείων
1358 2209 1559 2275 οἴκων
1623 2206 2043 2292 κουράτωρας
2104 2204 2148 2292 ἤ
2210 2231 2398 2285 τινας
2452 2206 2717 2291 ἑτέρους

368 2308 753 2391 βασιλικοὺς
805 2303 848 2394 ἢ
905 2302 1159 2393 εὐαγεῖς
1216 2308 1439 2388 οἴκους
1492 2308 1816 2392 τετάχθαι
1873 2306 1991 2375 ἐπὶ
2046 2307 2164 2374 δύο
2207 2311 2316 2375 καὶ
2359 2312 2564 2394 τριῶν
2608 2308 2714 2375 ἐκ-

370 2408 673 2495 κλησιῶν,
720 2411 827 2476 καὶ
871 2408 951 2475 τὸ
995 2413 1271 2496 πρᾶγμα
1301 2410 1671 2497 συγχύσεως
1701 2405 1870 2479 εἶναι
1898 2409 2173 2495 μεστόν*
2221 2404 2364 2478 εἶτα
2391 2408 2716 2490 πολλάκις

368 2516 866 2594 μετατίθεσθαι
921 2511 993 2592 ἐξ
1045 2501 1252 2599 οὗπερ
1310 2513 1584 2601 ἐξαρχῆς
1625 2509 2198 2599 άπεκληρώθησαν
2253 2512 2500 2593 τόπου,
2563 2513 2714 2579 δέον

371 2608 610 2692 αὐτοὺς
669 2612 736 2680 ἐν
778 2602 950 2700 ᾗπερ
1008 2613 1224 2696 ἔτυχεν
1282 2614 1555 2693 ἕκαστος
1599 2609 1963 2698 ’ἱερωμένος
2016 2613 2320 2703 ἐκκλησίᾳ
2376 2636 2715 2699 προσκαρ-

367 2724 579 2800 τερεῖν
622 2707 881 2782 κάκεῖσε
923 2713 1039 2800 τὴν
1083 2721 1280 2783 θείαν
1325 2715 1690 2803 ἐκπληροῦν
1735 2717 2161 2801 λειτουργίαν.

539 2814 619 2881 α’.
704 2812 812 2894 Ὡς
851 2815 940 2902 μὴ
985 2820 1195 2883 ταῦτα
1231 2817 1345 2884 ἐπὶ
1376 2815 1550 2883 πολὺ
1583 2815 2004 2884 λανθάνοντα
2031 2815 2148 2903 τὴν
2179 2815 2712 2902 ἐκκλησιαστικὴν

372 2911 788 3003 οἰνατρέπει12
828 2916 1249 2998 κατάστασιν,
1298 2918 1437 2985 δεῖν
1471 2915 1822 3005 ἡγούμενοι
1848 2921 1966 3006 τῆς
2008 2918 2466 3006 προσηκούσης
2512 2911 2715 2998 άξιω-

367 3021 578 3104 θῆναι
633 3026 955 3104 προνοίας
1021 3019 1115 3099 εἰς
1177 3018 1373 3106 τιμὴν
1426 3017 1720 3104 μάλιστα
1784 3018 2116 3107 φερόμενα
2130 3023 2171 3056 ¹³
2230 3024 2350 3086 τοῦ
2417 3023 2714 3106 σωτῆρος

367 3115 550 3207 ἡμῶν
585 3120 822 3208 ἷησοῦ
863 3125 1210 3207 χριστοῦ
1241 3124 1358 3188 τοῦ
1391 3116 1720 3209 ἀληθινοῦ
1751 3117 1937 3209 ἡμῶν
1967 3125 2155 3200 θεοῦ,
2204 3111 2282 3186 οὐ
2317 3144 2501 3199 τινος
2530 3119 2714 3188 ἐπώ-

367 3245 569 3307 νυμος
610 3218 649 3309 ἡ
697 3217 1023 3306 εὐδαίμων
1073 3220 1257 3309 ἡμῶν
1313 3223 1458 3291 ἐστι
1512 3226 1850 3300 πολιτεία,
1911 3220 1986 3287 ὃν
2038 3218 2384 3308 ἡγούμεθα
2438 3221 2714 3302 πάντως

366 3326 482 3412 τῆς
535 3324 843 3410 τοιαύτης
897 3325 1150 3406 μᾶλλον
1210 3323 1381 3408 πρὸς
1442 3324 1524 3388 τὸ
1584 3325 1929 3406 βέλτιστον
1996 3318 2395 3408 ἀνοιγομένης
2461 3321 2714 3403 τάξεως

368 3420 825 3506 εὐμενέστερον
866 3419 1025 3508 ἡμῖν
1070 3423 1351 3489 ἔσεσθαι
1379 3426 1488 3489 καὶ
1524 3423 1795 3507 μείζονα
1823 3420 1940 3508 τὴν
1970 3421 2217 3488 οἰκείαν
2248 3421 2710 3510 ὲφαπλιῦσαϋ*

367 3522 680 3605 σύναρσίν
722 3548 796 3590 τε
836 3527 944 3589 καὶ
988 3522 1313 3610 βοήθειαν
1353 3533 1500 3601 τοῖς
1542 3522 1888 3609 πράγμασι
1933 3527 2047 3610 τῆς
2092 3517 2480 3609 εὐδαίμονος
2521 3522 2711 3613 ἡμῶν

367 3623 742 3702 πολιτείας,
802 3625 1244 3708 θεσπίζομεν,
1303 3626 1555 3710 μηδένα
1610 3623 1681 3704 ἐξ
1735 3623 1979 3710 ἑτέρας’
2018 3624 2278 3705 πόλεως
2319 3620 2363 3713 ἢ
2406 3627 2624 3714 κώμης
2665 3621 2712 3714 ἢ

367 3725 691 3812 ἐμπορίου
736 3719 778 3812 ἢ
820 3724 1044 3810 ἑτέρου
1087 3724 1302 3791 τόπου
1347 3724 1801 3812 ἐπιδημοῦντα
1854 3725 2020 3794 κατὰ
2069 3727 2308 3815 ταύτην
2351 3727 2469 3815 τὴν
2510 3735 2710 3813 βασι-

366 3828 522 3894 λίδα
564 3827 765 3894 πόλιν
810 3825 1134 3912 ἱερατικὸν
1180 3828 1736 3916 περιβεβλημένον
1753 3832 1794 3864 ¹⁵
1839 3832 2084 3917 σχῆμα,
2144 3830 2541 3917 οἱουδήποτε
2581 3837 2708 3915 βα-

364 3933 548 4012 θμοῦ
604 3924 649 4016 ἢ
700 3928 1032 4015 τάγματος
1087 3927 1623 4017 ἐπιθρυλλοῦντα
1679 3930 2015 4017 τυγχάνειν
2071 3931 2139 3999 ἐν
2195 3931 2559 4020 οἱᾳδήποτε
2603 3932 2708 3999 ἐκ-

500 4098 522 4126 ⁸
557 4100 702 4150 Voell.
738 4096 1195 4165 καταπέμπεσθαι
1229 4097 1289 4151 δὲ
1324 4093 1522 4156 αὐτοὺς
1565 4096 1642 4152 ἐν.
1918 4102 1941 4130 ⁹
1976 4106 2236 4155 Articulum
2287 4105 2462 4153 omittit
2509 4104 2704 4154 Leunoi.

365 4181 405 4210 ¹⁰
439 4184 579 4248 Apud
626 4185 770 4235 Voell.
822 4177 993 4232 τόπου
1041 4186 1292 4249 legendum
1341 4202 1449 4237 esse
1497 4187 1687 4238 dicitur.
1893 4186 1924 4214 ¹¹
1963 4189 2109 4239 Ver.
2145 4182 2249 4237 ὑπὸ
2288 4188 2399 4236 τῶν
2444 4181 2504 4238 ἐν
2539 4184 2698 4255 χαλκ.

367 4260 688 4317 ὁσιωτάτων
720 4264 1025 4338 προέδρων.
1149 4269 1188 4298 ¹²
1229 4271 1423 4322 Leuncl.
1461 4263 1801 4341 ἀνατρέπειν.
1927 4269 1964 4299 ¹³
2000 4273 2126 4331 Quid
2164 4274 2204 4323 si
2244 4266 2545 4340 φερόμενοι
2579 4273 2706 4338 lega-

367 4354 512 4404 mus?
646 4350 684 4380 ¹¹
723 4354 916 4404 Leunoi.
954 4347 1305 4421 ἐφαπλώσειν
1337 4357 1429 4420 legi
1465 4356 1576 4407 vult.
1712 4353 1749 4382 ¹⁵
1784 4355 1930 4408 voell.
1966 4352 2217 4423 προβεβλ.

2890 4437 2893 4593 1
