2900 4950
1067 253 1182 317 Imp.
1220 254 1454 304 Μωυσῆς
1490 257 1738 308 comneni.
2437 249 2567 335 439

231 406 569 474 exactiori&
637 404 743 465 sed
785 414 855 466 ut
899 415 1270 466 excusentur
1315 419 1372 468 et
1416 409 1565 487 ipsi,
1612 411 1767 470 sicut
1810 417 1869 468 et
1914 408 2002 472 hii
2012 454 2028 482 ‚
2074 414 2180 490 qui
2217 430 2350 474 cum
2395 432 2558 482 com-

228 507 464 564 merciis
510 509 925 582 negociantur.
1030 504 1235 567 Verum
1280 517 1479 569 tamen
1524 507 1730 570 debent
1776 522 1830 572 et
1871 508 2126 572 Venetici
2166 530 2251 581 ea,
2298 531 2409 594 que
2447 534 2561 593 per

224 605 448 682 saetam
494 610 722 686 scripto
771 610 1225 670 conventionem
1268 626 1305 670 α
1350 608 1559 688 leontis
1593 627 1804 678 eorum
1843 615 2147 689 promissa
2191 623 2334 675 sunt
2376 612 2560 688 jure-

216 704 496 781 jurando
557 707 814 785 Imperio
872 727 1029 780 meo,
1087 708 1270 787 firma
1329 728 1579 771 servare
1624 714 2009 790 incorrupto.
2100 712 2171 774 1η
2219 733 2333 796 quo
2378 727 2560 784 eruut

228 825 455 877 eor-um,
503 827 612 886 que
652 827 768 888 per
808 827 1060 887 presens
1107 810 1561 887 chrysobollion
1607 813 1827 876 donata
1857 826 2000 877 sum
2044 817 2192 893 ipsis
2225 814 2401 890 jura,
2448 816 2559 877 do-

193 915 437 970 ‘nantes
485 915 615 969 sine
660 911 965 970 ablutione
1008 913 1071 970 in
1117 931 1289 972 evum
1339 931 1528 984 omne,
1572 923 1641 974 nt
1670 913 1914 990 firmum
1959 926 2014 976 et
2046 934 2323 977 securum
2365 919 2560 977 inesse

190 991 478 1086 'presens
524 1011 980 1088 chrysobolion‚
1043 1014 1270 1088 sactum
1325 1033 1438 1092 per
1498 1016 1829 1090 Augustum
1887 1034 2143 1078 mensem
2188 1030 2402 1096 quarte
2452 1015 2563 1086 ln<

229 1111 507 1194 dictionis
552 1111 969 1172 seoemz'llesimi
1014 1112 1477 1175 nexuum-⁴³
1524 1118 1689 1184 anni,
1734 1119 1798 1175 in
1829 1133 1942 1196 quo
1976 1128 2032 1177 ec
2068 1127 2349 1178 nostrum
2388 1121 2555 1196 pium

227 1223 283 1272 et
330 1230 366 1271 a
413 1213 516 1272 deo
558 1225 907 1290 promotum
952 1214 1326 1290 snbsiynavit
1373 1213 1720 1292 Imperium.

396 1312 471 1374 Et
515 1314 623 1374 hec
666 1314 923 1393 quidem,
969 1332 1084 1393 que
1128 1334 1160 1375 3
1206 1314 1479 1376 laudabili
1525 1314 1883 1394 Imperatore
1927 1326 1985 1377 et
2024 1335 2129 1376 avo
2162 1317 2393 1396 Imperii
2441 1311 2593 1378 mei*

209 1422 284 1473 ‘at
329 1433 358 1474 a
407 1424 497 1475 ter
541 1415 709 1476 beato
757 1414 1114 1494 Imperatore
1159 1415 1398 1474 domino
1442 1425 1501 1476 et
1545 1415 1709 1495 patre
1743 1417 1975 1496 Imperii
2024 1418 2135 1478 mei
2168 1419 2380 1479 donata
2414 1419 2558 1479 fide-

225 1511 461 1575 lissimis
520 1516 770 1595 imperio
827 1526 1030 1576 nostro
1077 1516 1364 1577 veneticis
1424 1536 1531 1595 per
1586 1517 2014 1597 chrysobollion
2073 1515 2336 1593 iiiorutn3
2397 1520 2555 1599 quod

225 1618 425 1697 utique
470 1616 896 1697 chrysoboliinn
947 1627 1211 1678 nostrum
1245 1636 1479 1697 quoque
1524 1619 1684 1697 pium
1717 1619 2033 1698 Imperium
2067 1624 2257 1681 tirmat
2285 1639 2393 1699 per
2419 1639 2557 1700 pre-

224 1729 449 1780 sentem
495 1718 923 1799 chrysobollton
970 1738 1325 1789 sermonem,
1371 1718 1700 1799 diffinitque
1743 1722 2051 1782 efficatiam
2098 1724 2358 1793 aufferre,
2402 1721 2557 1788 sicut

221 1819 513 1881 habe-bant
560 1822 670 1881 hoc
715 1829 773 1880 rt
818 1840 1003 1899 nsque
1046 1821 1118 1881 ad
1169 1820 1572 1898 migrationem
1631 1821 1702 1881 ad
1754 1823 2064 1883 ‘dominum
2124 1823 2241 1883 in'⁸
2296 1823 2555 1903 impera-

221 1922 447 1983 toribus
494 1922 799 1981 landabiiis
859 1933 917 1981 et
974 1931 1061 1981 ter
1118 1922 1268 1981 beati
1316 1921 1536 1981 ‹iotiiini
1584 1931 1643 1982 et
1688 1923 1869 2001 patris
1913 1924 2145 2002 imperii
2194 1924 2337 1995 mei,
2400 1925 2556 1985 velut

223 2023 395 2084 etiam
446 2023 733 2082 veneticis
779 2032 1056 2082 consueta
1104 2021 1222 2086 sibi
1260 2033 1625 2082 sacramenta
1672 2042 1834 2084 sacra
1883 2023 2263 2095 habentibus,
2309 2023 2554 2084 'servare

221 2125 294 2185 ad
338 2124 650 2204 imperium
699 2143 891 2183 meum
951 2132 1010 2184 et
1064 2122 1407 2183 Romaniam
1467 2124 1641 2184 tidem
1702 2133 1761 2185 et
1812 2125 2107 2186 servitium
2153 2123 2297 2203 ipsis
2341 2124 2553 2203 opibus

218 2244 448 2308 puram,
495 2244 706 2297 veram,
754 2234 991 2285 rectam.

393 2327 540 2397 Quia
585 2344 741 2393 vero,
788 2325 938 2385 sicut
984 2324 1228 2385 relatum
1274 2336 1361 2385 est
1407 2324 1660 2405 imperio
1708 2341 1837 2386 meo
1873 2346 1902 2387 3
1938 2325 2310 2406 presentibus
2339 2327 2398 2388 in
2432 2326 2555 2388 Me-

219 2428 470 2509 galopoli
532 2426 723 2488 missis
769 2427 1206 2501 Veneticornm,
1274 2428 1570 2488 consecuti
1630 2427 1864 2508 quidem
1924 2438 2064 2490 sunt
2104 2428 2361 2491 Venetici
2420 2446 2555 2509 pre-

221 2539 453 2610 ceptum
501 2530 876 2609 lmperatoris
921 2529 1227 2590 laudabilis
1272 2529 1493 2590 domini
1556 2541 1613 2591 et
1669 2530 1852 2610 patris
1896 2530 2129 2611 Imperii
2179 2530 2311 2603 mei,
2358 2565 2442 2576 -—
2483 2531 2553 2593 ti-

219 2633 478 2694 cenciam
527 2632 618 2693 his
664 2631 893 2692 donans
936 2631 1307 2712 improhibite
1351 2631 1525 2693 etiam
1571 2651 1680 2710 per
1720 2630 1955 2693 insulas‘
1976 2633 2203 2712 Cypron
2251 2642 2309 2693 et
2339 2632 2551 2693 Creten

219 2733 511 2812 negociari
558 2741 616 2792 et
660 2731 787 2792 sine
832 2733 1128 2793 consortio
1175 2752 1277 2793 eos
1322 2733 1417 2793 ubi
1466 2743 1750 2794 terrarum
1774 2734 1809 2764 ¹⁷
1856 2733 2087 2812 Imperii
2121 2734 2231 2793 mei
2278 2752 2386 2812 pro
2416 2732 2549 2805 hiis,

220 2855 336 2917 que
382 2835 452 2893 ad
499 2833 833 2910 hujusmodi
881 2833 1102 2893 insulas
1151 2834 1509 2912 negociande
1555 2842 1693 2893 sunt
1735 2834 1808 2894 ab
1854 2834 1969 2905 εἰς,
2018 2834 2373 2894 omnimodis
2415 2852 2553 2913 spe-

219 2935 443 3006 ciebus),
487 2969 573 2977 —
616 2952 736 2993 non
782 2934 1024 3012 contigit
1067 2944 1280 3006 autem,
1334 2952 1448 3012 que
1494 2934 1552 2993 in
1601 2933 1937 3012 hujusmodi
1980 2944 2258 3012 precepto
2304 2952 2552 3012 conpre-

219 3035 579 3105 henduntur,
625 3034 893 3095 effectum
941 3035 1221 3112 recipere,
1267 3054 1335 3094 ac
1379 3042 1621 3113 propter
1650 3035 1761 3094 hoc
1792 3053 1979 3113 usque
2010 3052 2169 3095 nunc
2212 3052 2319 3114 per
2346 3034 2552 3113 hujus-

221 3135 379 3198 modi
426 3144 766 3215 preceptum
813 3135 1024 3196 donata
1071 3134 1179 3195 sibi
1228 3135 1519 3207 1110ῑί1313,
1577 3135 1614 3194 i.
1661 3154 1712 3195 e.
1760 3134 2075 3197 donatione
2117 3134 2421 3213 privantur
2462 3135 2551 3196 vet

220 3246 423 3300 carent
468 3234 756 3297 Venetici:
803 3236 1134 3315 petiverunt
1178 3254 1310 3296 vero
1358 3233 1672 3314 Imperium
1707 3254 1900 3296 meum
1947 3234 2267 3297 tilotimiam
2313 3237 2551 3316 quidem

219 3341 390 3413 hanc,
437 3357 551 3418 que
595 3338 657 3398 in
704 3337 964 3417 predicto
1010 3347 1285 3417 precepto
1331 3338 1514 3398 fertur
1557 3336 1864 3398 laudabilis
1910 3336 2284 3416 Imperatoris
2329 3338 2552 3401 domini

219 3452 280 3505 et
321 3440 505 3521 patris
549 3438 782 3518 Imperii
828 3437 961 3512 mei,
1007 3438 1066 3501 in
1112 3458 1262 3519 opus
1306 3458 1442 3500 vero
1493 3438 1778 3503 veneticis
1824 3458 1943 3501 non
1990 3438 2274 3520 provenit,
2319 3439 2393 3501 ab
2438 3438 2554 3501 Im-

221 3543 387 3625 perio
432 3560 564 3602 meo
609 3540 832 3620 precipi
876 3540 1184 3601 efficatiam
1239 3539 1314 3602 ab
1375 3541 1491 3603 hoo
1545 3560 1705 3603 nunc
1743 3542 2009 3616 auferre3
2075 3540 2391 3621 imperium
2436 3543 2551 3607 mei

219 3654 462 3726 propter
504 3661 653 3712 eam,
697 3660 873 3720 quam
919 3641 990 3701 ad
1036 3641 1335 3721 ipsum'et
1364 3643 1707 3704 Romaniam
1750 3652 2097 3716 monstrant,
2143 3661 2343 3704 verum
2374 3642 2551 3707 etiam

221 3745 435 3807 dehinc
464 3754 793 3805 monstrare
823 3742 1190 3820 promittunt,
1237 3743 1410 3803 fidem
1444 3755 1620 3822 atque
1662 3743 1979 3819 servitium,
2026 3742 2363 3823 hujusmodi
2394 3744 2554 3821 ipso-

219 3867 351 3910 rum
394 3845 686 3927 peticione
730 3851 1001 3922 suscepta
1044 3842 1165 3903 vult
1207 3862 1275 3903 ac
1318 3844 1557 3919 definit,
1600 3863 1702 3904 eos
1748 3854 1805 3905 et
1849 3864 1955 3925 per
1997 3844 2251 3917 insulae,
2298 3844 2548 3922 Cyprum

220 3949 487 4011 videlicet
528 3948 878 4024 Cretenque,
923 3943 1248 4021 negociari‚
1308 3962 1419 4004 nec
1465 3944 1537 4004 ab
1581 3944 1776 4024 aliquo
1819 3944 2105 4024 quidlibet
2147 3942 2295 4022 exigi
2340 3943 2550 4005 horum

363 4196 406 4226 ¹⁵
454 4198 604 4251 codd.
643 4198 924 4259 CCXXXW,
961 4196 1045 4246 sed
1086 4196 1487 4248 sexcentesimum
1526 4212 1776 4247 numerum
1826 4197 1968 4247 habet
2000 4195 2114 4248 Nov.
2153 4196 2382 4247 Lxxxvtt
2418 4196 2553 4249 iusta.

220 4282 265 4312 ⁴⁸
301 4283 402 4333 Lib.
438 4284 574 4333 albus
609 4286 660 4333 fn
690 4297 787 4333 non
825 4283 984 4334 habet.
1057 4281 1278 4331 Editores
1309 4283 1601 4345 Imperatoris
1638 4281 1919 4333 emendant-2
1959 4280 2099 4333 male.
2171 4281 2240 4333 Cf.
2278 4281 2403 4331 enim
2439 4280 2551 4331 Nov.

222 4366 460 4418 LXXXVI!
496 4367 632 4416 infra.
769 4364 809 4394 ⁴⁷
846 4367 998 4429 Lege:
1038 4369 1139 4416 sine
1176 4368 1443 4417 commercio
1482 4368 1650 4430 ubique
1685 4373 1924 4417 terrarum.
