<?xml version="1.0" encoding="UTF-8"?>
<!DOCTYPE html PUBLIC "-//W3C//DTD XHTML 1.0 Transitional//EN"
    "http://www.w3.org/TR/xhtml1/DTD/xhtml1-transitional.dtd">
<html xmlns="http://www.w3.org/1999/xhtml" xml:lang="en" lang="en">
 <head>
  <title>
</title>
<meta http-equiv="Content-Type" content="text/html;charset=utf-8" />
  <meta name='ocr-system' content='tesseract 3.04.00' />
  <meta name='ocr-capabilities' content='ocr_page ocr_carea ocr_par ocr_line ocrx_word'/>
</head>
<body>
  <div class='ocr_page' id='page_1' title='image "./jusgraecoromanu00linggoog_0065.png"; bbox 0 0 2900 4950; ppageno 0'>
   <div class='ocr_carea' id='block_1_1' title="bbox 1184 258 2536 332">
    <p class='ocr_par' dir='ltr' id='par_1_1' title="bbox 1184 258 2536 332">
     <span class='ocr_line' id='line_1_1' title="bbox 1184 258 2536 332; baseline 0.002 -15"><span class='ocrx_word' id='word_1_1' title='bbox 1184 267 1302 332; x_wconf 74' lang='lat' dir='ltr'><strong><em>rmp.</em></strong></span> <span class='ocrx_word' id='word_1_2' title='bbox 1334 267 1531 317; x_wconf 67' lang='lat' dir='ltr'>mern.</span> <span class='ocrx_word' id='word_1_3' title='bbox 2451 258 2536 320; x_wconf 76' lang='lat'><strong><em>27</em></strong></span> 
     </span>
    </p>
   </div>
   <div class='ocr_carea' id='block_1_2' title="bbox 165 411 2544 4060">
    <p class='ocr_par' dir='ltr' id='par_1_2' title="bbox 165 411 2538 2328">
     <span class='ocr_line' id='line_1_2' title="bbox 170 411 2537 505; baseline 0.003 -24"><span class='ocrx_word' id='word_1_4' title='bbox 170 437 353 481; x_wconf 86' lang='grc' dir='ltr'><strong><em>ασιν.</em></strong></span> <span class='ocrx_word' id='word_1_5' title='bbox 448 411 512 480; x_wconf 85' lang='grc' dir='ltr'><strong><em>εἰ</em></strong></span> <span class='ocrx_word' id='word_1_6' title='bbox 570 414 647 480; x_wconf 86' lang='grc' dir='ltr'><strong><em>δέ</em></strong></span> <span class='ocrx_word' id='word_1_7' title='bbox 697 437 774 499; x_wconf 88' lang='grc' dir='ltr'><strong><em>γε</em></strong></span> <span class='ocrx_word' id='word_1_8' title='bbox 825 416 906 500; x_wconf 87' lang='grc' dir='ltr'><strong><em>τῇ</em></strong></span> <span class='ocrx_word' id='word_1_9' title='bbox 954 415 1087 479; x_wconf 91' lang='grc' dir='ltr'><strong><em>τῶν</em></strong></span> <span class='ocrx_word' id='word_1_10' title='bbox 1128 417 1492 499; x_wconf 76' lang='grc' dir='ltr'><strong><em>βασιλικῶν</em></strong></span> <span class='ocrx_word' id='word_1_11' title='bbox 1547 415 1953 502; x_wconf 77' lang='grc' dir='ltr'><strong><em>πραγμάτιον</em></strong></span> <span class='ocrx_word' id='word_1_12' title='bbox 2005 419 2347 505; x_wconf 76' lang='grc' dir='ltr'><strong><em>προφάσει</em></strong></span> <span class='ocrx_word' id='word_1_13' title='bbox 2401 423 2537 488; x_wconf 89' lang='grc' dir='ltr'><strong><em>τῶν</em></strong></span> 
     </span>
     <span class='ocr_line' id='line_1_3' title="bbox 165 508 2537 607; baseline 0.003 -27"><span class='ocrx_word' id='word_1_14' title='bbox 165 515 684 601; x_wconf 78' lang='grc' dir='ltr'><strong><em>χαρτουλαρίων</em></strong></span> <span class='ocrx_word' id='word_1_15' title='bbox 738 517 845 594; x_wconf 78' lang='grc' dir='ltr'><strong><em>τὶς</em></strong></span> <span class='ocrx_word' id='word_1_16' title='bbox 894 508 941 603; x_wconf 81' lang='grc' dir='ltr'><em>ἢ</em></span> <span class='ocrx_word' id='word_1_17' title='bbox 993 514 1413 601; x_wconf 76' lang='grc' dir='ltr'><strong><em>έμφυτευτῶν</em></strong></span> <span class='ocrx_word' id='word_1_18' title='bbox 1466 511 1510 604; x_wconf 79' lang='grc' dir='ltr'><em>ἢ</em></span> <span class='ocrx_word' id='word_1_19' title='bbox 1561 521 1932 602; x_wconf 88' lang='grc' dir='ltr'><strong><em>μισθωτῶν</em></strong></span> <span class='ocrx_word' id='word_1_20' title='bbox 1987 512 2032 607; x_wconf 82' lang='grc' dir='ltr'><em>ἢ</em></span> <span class='ocrx_word' id='word_1_21' title='bbox 2083 522 2193 586; x_wconf 81' lang='grc' dir='ltr'><strong><em>καὶ</em></strong></span> <span class='ocrx_word' id='word_1_22' title='bbox 2251 521 2537 607; x_wconf 76' lang='grc' dir='ltr'><strong><em>γεωργὸς</em></strong></span> 
     </span>
     <span class='ocr_line' id='line_1_4' title="bbox 169 614 2534 711; baseline 0.003 -27"><span class='ocrx_word' id='word_1_23' title='bbox 169 617 511 703; x_wconf 75' lang='grc' dir='ltr'><strong><em>ἔνάγοιτο,</em></strong></span> <span class='ocrx_word' id='word_1_24' title='bbox 561 614 794 683; x_wconf 76' lang='grc' dir='ltr'><strong><em>ἄδειαν</em></strong></span> <span class='ocrx_word' id='word_1_25' title='bbox 838 616 1005 700; x_wconf 78' lang='grc' dir='ltr'><strong><em>ἔχειν</em></strong></span> <span class='ocrx_word' id='word_1_26' title='bbox 1047 615 1164 682; x_wconf 86' lang='grc' dir='ltr'><strong><em>τὸν</em></strong></span> <span class='ocrx_word' id='word_1_27' title='bbox 1211 616 1608 704; x_wconf 73' lang='grc' dir='ltr'><em>ἐγκαλοῦντα</em></span> <span class='ocrx_word' id='word_1_28' title='bbox 1650 619 1716 686; x_wconf 73' lang='grc' dir='ltr'><strong><em>εἴ</em></strong></span> <span class='ocrx_word' id='word_1_29' title='bbox 1754 644 1829 704; x_wconf 91' lang='grc' dir='ltr'><strong><em>γε</em></strong></span> <span class='ocrx_word' id='word_1_30' title='bbox 1865 619 2179 703; x_wconf 85' lang='grc' dir='ltr'><strong><em>βούλοιτο</em></strong></span> <span class='ocrx_word' id='word_1_31' title='bbox 2210 617 2322 689; x_wconf 79' lang='grc' dir='ltr'><strong><em>ὑπ’</em></strong></span> <span class='ocrx_word' id='word_1_32' title='bbox 2357 618 2534 711; x_wconf 73' lang='grc' dir='ltr'><strong><em>αὐτῷ</em></strong></span> 
     </span>
     <span class='ocr_line' id='line_1_5' title="bbox 169 713 2538 809; baseline 0.003 -26"><span class='ocrx_word' id='word_1_33' title='bbox 169 722 267 805; x_wconf 73' lang='grc' dir='ltr'><strong><em>τῷ</em></strong></span> <span class='ocrx_word' id='word_1_34' title='bbox 312 721 444 805; x_wconf 79' lang='grc' dir='ltr'><strong><em>τῆς</em></strong></span> <span class='ocrx_word' id='word_1_35' title='bbox 487 723 689 797; x_wconf 92' lang='grc' dir='ltr'><strong><em>θείας</em></strong></span> <span class='ocrx_word' id='word_1_36' title='bbox 733 718 945 797; x_wconf 78' lang='grc' dir='ltr'><strong><em>οἰκίας</em></strong></span> <span class='ocrx_word' id='word_1_37' title='bbox 987 717 1385 804; x_wconf 83' lang='grc' dir='ltr'><strong><em>κουράτωρι,</em></strong></span> <span class='ocrx_word' id='word_1_38' title='bbox 1446 713 1493 806; x_wconf 80' lang='grc' dir='ltr'><em>ἢ</em></span> <span class='ocrx_word' id='word_1_39' title='bbox 1550 720 1740 805; x_wconf 74' lang='grc' dir='ltr'><strong><em>εἴπερ</em></strong></span> <span class='ocrx_word' id='word_1_40' title='bbox 1798 716 2123 800; x_wconf 87' lang='grc' dir='ltr'><strong><em>ὑπόπτως</em></strong></span> <span class='ocrx_word' id='word_1_41' title='bbox 2179 722 2311 805; x_wconf 65' lang='grc' dir='ltr'><strong><em>ἔχει</em></strong></span> <span class='ocrx_word' id='word_1_42' title='bbox 2363 723 2538 809; x_wconf 86' lang='grc' dir='ltr'><strong><em>πρὸς</em></strong></span> 
     </span>
     <span class='ocr_line' id='line_1_6' title="bbox 173 816 2534 912; baseline 0.002 -26"><span class='ocrx_word' id='word_1_43' title='bbox 173 816 406 899; x_wconf 77' lang='grc' dir='ltr'><strong><em>αὑτὸν,</em></strong></span> <span class='ocrx_word' id='word_1_44' title='bbox 458 818 529 886; x_wconf 75' lang='grc' dir='ltr'><strong><em>έν</em></strong></span> <span class='ocrx_word' id='word_1_45' title='bbox 570 821 730 905; x_wconf 87' lang='grc' dir='ltr'><strong><em>γοῦν</em></strong></span> <span class='ocrx_word' id='word_1_46' title='bbox 775 819 974 907; x_wconf 74' lang='grc' dir='ltr'><strong><em>ἑτέρῳ</em></strong></span> <span class='ocrx_word' id='word_1_47' title='bbox 1020 821 1418 907; x_wconf 78' lang='grc' dir='ltr'><strong><em>δικαστηρίῳ</em></strong></span> <span class='ocrx_word' id='word_1_48' title='bbox 1461 823 1554 907; x_wconf 76' lang='grc' dir='ltr'><strong><em>τῷ</em></strong></span> <span class='ocrx_word' id='word_1_49' title='bbox 1598 824 1782 909; x_wconf 84' lang='grc' dir='ltr'><strong><em>κοινῇ</em></strong></span> <span class='ocrx_word' id='word_1_50' title='bbox 1829 822 2151 904; x_wconf 87' lang='grc' dir='ltr'><strong><em>δοκοῦντι,</em></strong></span> <span class='ocrx_word' id='word_1_51' title='bbox 2203 819 2247 912; x_wconf 81' lang='grc' dir='ltr'><em>ἢ</em></span> <span class='ocrx_word' id='word_1_52' title='bbox 2288 827 2396 891; x_wconf 77' lang='grc' dir='ltr'><strong><em>καὶ</em></strong></span> <span class='ocrx_word' id='word_1_53' title='bbox 2439 828 2534 912; x_wconf 57' lang='lat' dir='ltr'><strong>‘teg&#39;</strong></span> 
     </span>
     <span class='ocr_line' id='line_1_7' title="bbox 173 915 2538 1012; baseline 0.002 -25"><span class='ocrx_word' id='word_1_54' title='bbox 173 927 349 1008; x_wconf 78' lang='grc' dir='ltr'><strong><em>θείᾳ</em></strong></span> <span class='ocrx_word' id='word_1_55' title='bbox 390 920 691 988; x_wconf 79' lang='grc' dir='ltr'><strong><em>κελεύσει</em></strong></span> <span class='ocrx_word' id='word_1_56' title='bbox 748 915 964 987; x_wconf 74' lang='grc' dir='ltr'><strong><em>αὐτῶν</em></strong></span> <span class='ocrx_word' id='word_1_57' title='bbox 1016 915 1364 988; x_wconf 85' lang='grc' dir='ltr'><strong><em>κάνταῦθα</em></strong></span> <span class='ocrx_word' id='word_1_58' title='bbox 1416 921 1828 1007; x_wconf 88' lang='grc' dir='ltr'><strong><em>κρατούντων</em></strong></span> <span class='ocrx_word' id='word_1_59' title='bbox 1842 927 1882 991; x_wconf 84' lang='lat'><strong><em>⁷.</em></strong></span> <span class='ocrx_word' id='word_1_60' title='bbox 1972 925 2163 1010; x_wconf 73' lang='grc' dir='ltr'><strong><em>εἴπερ</em></strong></span> <span class='ocrx_word' id='word_1_61' title='bbox 2214 925 2285 992; x_wconf 77' lang='grc' dir='ltr'><strong><em>ἐν</em></strong></span> <span class='ocrx_word' id='word_1_62' title='bbox 2327 925 2538 1012; x_wconf 75' lang='grc' dir='ltr'><strong><em>ἔπαρ-</em></strong></span> 
     </span>
     <span class='ocr_line' id='line_1_8' title="bbox 170 1019 2537 1113; baseline 0.002 -24"><span class='ocrx_word' id='word_1_63' title='bbox 170 1029 362 1106; x_wconf 76' lang='grc' dir='ltr'><strong><em>χίαις</em></strong></span> <span class='ocrx_word' id='word_1_64' title='bbox 403 1022 493 1089; x_wconf 83' lang='grc' dir='ltr'><strong><em>τὰ</em></strong></span> <span class='ocrx_word' id='word_1_65' title='bbox 532 1026 667 1089; x_wconf 88' lang='grc' dir='ltr'><strong><em>τῶν</em></strong></span> <span class='ocrx_word' id='word_1_66' title='bbox 712 1019 1268 1111; x_wconf 78' lang='grc' dir='ltr'><strong><em>ἀμφισβητήσεων</em></strong></span> <span class='ocrx_word' id='word_1_67' title='bbox 1310 1022 1564 1090; x_wconf 82' lang='grc' dir='ltr'><strong><em>τούτων</em></strong></span> <span class='ocrx_word' id='word_1_68' title='bbox 1605 1034 1892 1104; x_wconf 80' lang='grc' dir='ltr'><strong><em>κινοῒτο,</em></strong></span> <span class='ocrx_word' id='word_1_69' title='bbox 1951 1028 2068 1112; x_wconf 81' lang='grc' dir='ltr'><strong><em>τῆς</em></strong></span> <span class='ocrx_word' id='word_1_70' title='bbox 2109 1026 2278 1093; x_wconf 83' lang='grc' dir='ltr'><strong><em>κατὰ</em></strong></span> <span class='ocrx_word' id='word_1_71' title='bbox 2314 1026 2537 1113; x_wconf 86' lang='grc' dir='ltr'><strong><em>χώραν</em></strong></span> 
     </span>
     <span class='ocr_line' id='line_1_9' title="bbox 175 1119 2536 1213; baseline 0.003 -24"><span class='ocrx_word' id='word_1_72' title='bbox 175 1119 388 1211; x_wconf 74' lang='grc' dir='ltr'><strong><em>ἀρχῆς</em></strong></span> <span class='ocrx_word' id='word_1_73' title='bbox 426 1123 552 1211; x_wconf 82' lang='grc' dir='ltr'><strong><em>τὴν</em></strong></span> <span class='ocrx_word' id='word_1_74' title='bbox 581 1119 897 1208; x_wconf 74' lang='grc' dir='ltr'><strong><em>ἀκρόασιν</em></strong></span> <span class='ocrx_word' id='word_1_75' title='bbox 926 1124 1591 1210; x_wconf 85' lang='grc' dir='ltr'><strong><em>παραλαμβανούσης.</em></strong></span> <span class='ocrx_word' id='word_1_76' title='bbox 1658 1128 1792 1191; x_wconf 88' lang='grc' dir='ltr'><strong><em>τῶν</em></strong></span> <span class='ocrx_word' id='word_1_77' title='bbox 1818 1123 1980 1213; x_wconf 71' lang='grc' dir='ltr'><strong><em>ἤδη·</em></strong></span> <span class='ocrx_word' id='word_1_78' title='bbox 2023 1135 2536 1213; x_wconf 66' lang='grc' dir='ltr'><strong><em>πεπορισμένων</em></strong></span> 
     </span>
     <span class='ocr_line' id='line_1_10' title="bbox 174 1221 2537 1313; baseline 0.003 -21"><span class='ocrx_word' id='word_1_79' title='bbox 174 1236 337 1305; x_wconf 74' lang='grc' dir='ltr'><strong><em>ταῖς</em></strong></span> <span class='ocrx_word' id='word_1_80' title='bbox 379 1221 618 1304; x_wconf 76' lang='grc' dir='ltr'><strong><em>αὑταῖς</em></strong></span> <span class='ocrx_word' id='word_1_81' title='bbox 658 1231 887 1303; x_wconf 78' lang='grc' dir='ltr'><strong><em>θείαις</em></strong></span> <span class='ocrx_word' id='word_1_82' title='bbox 929 1226 1170 1306; x_wconf 78' lang='grc' dir='ltr'><strong><em>οἰκίαις</em></strong></span> <span class='ocrx_word' id='word_1_83' title='bbox 1211 1232 1598 1313; x_wconf 88' lang='grc' dir='ltr'><strong><em>προνομίων</em></strong></span> <span class='ocrx_word' id='word_1_84' title='bbox 1643 1221 1760 1293; x_wconf 83' lang='grc' dir='ltr'><strong><em>ούκ</em></strong></span> <span class='ocrx_word' id='word_1_85' title='bbox 1802 1226 1920 1293; x_wconf 79' lang='grc' dir='ltr'><strong><em>ἐπὶ</em></strong></span> <span class='ocrx_word' id='word_1_86' title='bbox 1961 1227 2253 1310; x_wconf 80' lang='grc' dir='ltr'><strong><em>τούτοις,</em></strong></span> <span class='ocrx_word' id='word_1_87' title='bbox 2300 1230 2419 1297; x_wconf 74' lang='grc' dir='ltr'><strong><em>ἐπὶ</em></strong></span> <span class='ocrx_word' id='word_1_88' title='bbox 2461 1231 2537 1299; x_wconf 82' lang='grc' dir='ltr'><strong><em>δέ</em></strong></span> 
     </span>
     <span class='ocr_line' id='line_1_11' title="bbox 176 1325 2537 1416; baseline 0.001 -21"><span class='ocrx_word' id='word_1_89' title='bbox 176 1352 257 1413; x_wconf 89' lang='grc' dir='ltr'><strong><em>γε</em></strong></span> <span class='ocrx_word' id='word_1_90' title='bbox 312 1337 463 1405; x_wconf 75' lang='grc' dir='ltr'><strong><em>τοῖς</em></strong></span> <span class='ocrx_word' id='word_1_91' title='bbox 512 1330 649 1393; x_wconf 90' lang='grc' dir='ltr'><strong><em>τῶν</em></strong></span> <span class='ocrx_word' id='word_1_92' title='bbox 705 1327 906 1393; x_wconf 90' lang='grc' dir='ltr'><strong><em>δικῶν</em></strong></span> <span class='ocrx_word' id='word_1_93' title='bbox 963 1327 1396 1413; x_wconf 74' lang='grc' dir='ltr'><strong><em>δαπανήμασι</em></strong></span> <span class='ocrx_word' id='word_1_94' title='bbox 1448 1329 1992 1416; x_wconf 66' lang='grc' dir='ltr'><strong><em>φυλαττομένων,</em></strong></span> <span class='ocrx_word' id='word_1_95' title='bbox 2049 1325 2219 1416; x_wconf 86' lang='grc' dir='ltr'><strong><em>ὑπέρ</em></strong></span> <span class='ocrx_word' id='word_1_96' title='bbox 2274 1356 2349 1399; x_wconf 86' lang='grc' dir='ltr'><strong><em>τε</em></strong></span> <span class='ocrx_word' id='word_1_97' title='bbox 2400 1335 2537 1398; x_wconf 89' lang='grc' dir='ltr'><strong><em>τῶν</em></strong></span> 
     </span>
     <span class='ocr_line' id='line_1_12' title="bbox 179 1423 2538 1515; baseline 0.002 -20"><span class='ocrx_word' id='word_1_98' title='bbox 179 1431 559 1515; x_wconf 84' lang='grc' dir='ltr'><strong><em>λεγομένων</em></strong></span> <span class='ocrx_word' id='word_1_99' title='bbox 626 1427 1051 1495; x_wconf 88' lang='grc' dir='ltr'><strong><em>ἰνδουκέντων</em></strong></span> <span class='ocrx_word' id='word_1_100' title='bbox 1117 1423 1590 1515; x_wconf 83' lang='grc' dir='ltr'><strong><em>ἆναγνωσίμων</em></strong></span> <span class='ocrx_word' id='word_1_101' title='bbox 1651 1455 1727 1498; x_wconf 86' lang='grc' dir='ltr'><strong><em>τε</em></strong></span> <span class='ocrx_word' id='word_1_102' title='bbox 1788 1429 2155 1514; x_wconf 81' lang='grc' dir='ltr'><strong><em>ἐκδοσίμων</em></strong></span> <span class='ocrx_word' id='word_1_103' title='bbox 2219 1431 2333 1498; x_wconf 76' lang='grc' dir='ltr'><strong><em>καὶ</em></strong></span> <span class='ocrx_word' id='word_1_104' title='bbox 2401 1436 2538 1499; x_wconf 89' lang='grc' dir='ltr'><strong><em>τῶν</em></strong></span> 
     </span>
     <span class='ocr_line' id='line_1_13' title="bbox 180 1526 2537 1620; baseline 0.002 -22"><span class='ocrx_word' id='word_1_105' title='bbox 180 1529 413 1598; x_wconf 73' lang='grc' dir='ltr'><strong><em>ἄλλων</em></strong></span> <span class='ocrx_word' id='word_1_106' title='bbox 453 1532 587 1597; x_wconf 89' lang='grc' dir='ltr'><strong><em>τῶν</em></strong></span> <span class='ocrx_word' id='word_1_107' title='bbox 631 1533 789 1615; x_wconf 84' lang='grc' dir='ltr'><strong><em>περὶ</em></strong></span> <span class='ocrx_word' id='word_1_108' title='bbox 830 1529 951 1609; x_wconf 84' lang='grc' dir='ltr'><strong><em>τὰς</em></strong></span> <span class='ocrx_word' id='word_1_109' title='bbox 993 1530 1179 1609; x_wconf 87' lang='grc' dir='ltr'><strong><em>δίκας</em></strong></span> <span class='ocrx_word' id='word_1_110' title='bbox 1222 1530 1748 1619; x_wconf 89' lang='grc' dir='ltr'><strong><em>δαπανημάτων,</em></strong></span> <span class='ocrx_word' id='word_1_111' title='bbox 1817 1526 1910 1611; x_wconf 76' lang='grc' dir='ltr'><strong><em>ὥς</em></strong></span> <span class='ocrx_word' id='word_1_112' title='bbox 1957 1533 2209 1620; x_wconf 86' lang='grc' dir='ltr'><strong><em>μηδένα</em></strong></span> <span class='ocrx_word' id='word_1_113' title='bbox 2250 1534 2537 1620; x_wconf 79' lang='grc' dir='ltr'><strong><em>θαῤῥεῒν</em></strong></span> 
     </span>
     <span class='ocr_line' id='line_1_14' title="bbox 180 1627 2537 1723; baseline 0.002 -23"><span class='ocrx_word' id='word_1_114' title='bbox 180 1633 268 1700; x_wconf 83' lang='grc' dir='ltr'><strong><em>τὸ</em></strong></span> <span class='ocrx_word' id='word_1_115' title='bbox 309 1637 705 1719; x_wconf 80' lang='grc' dir='ltr'><strong><em>τεταγμένον</em></strong></span> <span class='ocrx_word' id='word_1_116' title='bbox 746 1631 997 1699; x_wconf 86' lang='grc' dir='ltr'><strong><em>τούτων</em></strong></span> <span class='ocrx_word' id='word_1_117' title='bbox 1040 1627 1465 1719; x_wconf 76' lang='grc' dir='ltr'><strong><em>ὑπερβαίνειν</em></strong></span> <span class='ocrx_word' id='word_1_118' title='bbox 1494 1639 1753 1720; x_wconf 87' lang='grc' dir='ltr'><strong><em>μέτρον,</em></strong></span> <span class='ocrx_word' id='word_1_119' title='bbox 1801 1628 2162 1719; x_wconf 79' lang='grc' dir='ltr'><strong><em>άρκεῒσθαι</em></strong></span> <span class='ocrx_word' id='word_1_120' title='bbox 2205 1635 2278 1702; x_wconf 71' lang='grc' dir='ltr'><strong><em>δὲ</em></strong></span> <span class='ocrx_word' id='word_1_121' title='bbox 2319 1634 2537 1723; x_wconf 83' lang='grc' dir='ltr'><strong><em>τούτῳ</em></strong></span> 
     </span>
     <span class='ocr_line' id='line_1_15' title="bbox 180 1728 2538 1821; baseline 0.002 -20"><span class='ocrx_word' id='word_1_122' title='bbox 180 1734 344 1814; x_wconf 78' lang='grc' dir='ltr'><strong><em>τοὺς</em></strong></span> <span class='ocrx_word' id='word_1_123' title='bbox 395 1738 532 1802; x_wconf 87' lang='grc' dir='ltr'><strong><em>τῶν</em></strong></span> <span class='ocrx_word' id='word_1_124' title='bbox 590 1735 1025 1821; x_wconf 83' lang='grc' dir='ltr'><strong><em>δικαστηρίων</em></strong></span> <span class='ocrx_word' id='word_1_125' title='bbox 1081 1728 1428 1821; x_wconf 88' lang='grc' dir='ltr'><strong><em>ὑπηρέτας.</em></strong></span> <span class='ocrx_word' id='word_1_126' title='bbox 1517 1730 1746 1815; x_wconf 75' lang='grc' dir='ltr'><strong><em>ἀδείας</em></strong></span> <span class='ocrx_word' id='word_1_127' title='bbox 1803 1731 2004 1821; x_wconf 73' lang='grc' dir='ltr'><strong><em>οὔσης</em></strong></span> <span class='ocrx_word' id='word_1_128' title='bbox 2056 1738 2166 1803; x_wconf 77' lang='grc' dir='ltr'><strong><em>καὶ</em></strong></span> <span class='ocrx_word' id='word_1_129' title='bbox 2218 1747 2365 1817; x_wconf 76' lang='grc' dir='ltr'><strong><em>τοῖς</em></strong></span> <span class='ocrx_word' id='word_1_130' title='bbox 2416 1736 2538 1818; x_wconf 81' lang='grc' dir='ltr'><strong><em>τὰς</em></strong></span> 
     </span>
     <span class='ocr_line' id='line_1_16' title="bbox 182 1830 2537 1925; baseline 0 -21"><span class='ocrx_word' id='word_1_131' title='bbox 182 1839 378 1916; x_wconf 80' lang='grc' dir='ltr'><strong><em>δίκας</em></strong></span> <span class='ocrx_word' id='word_1_132' title='bbox 421 1834 594 1922; x_wconf 83' lang='grc' dir='ltr'><strong><em>πρὸς</em></strong></span> <span class='ocrx_word' id='word_1_133' title='bbox 634 1835 756 1914; x_wconf 79' lang='grc' dir='ltr'><strong><em>τὰς</em></strong></span> <span class='ocrx_word' id='word_1_134' title='bbox 798 1830 1001 1914; x_wconf 79' lang='grc' dir='ltr'><strong><em>αὑτὰς</em></strong></span> <span class='ocrx_word' id='word_1_135' title='bbox 1054 1841 1253 1914; x_wconf 90' lang='grc' dir='ltr'><strong><em>θείας</em></strong></span> <span class='ocrx_word' id='word_1_136' title='bbox 1307 1836 1521 1917; x_wconf 85' lang='grc' dir='ltr'><strong><em>οἰκίας</em></strong></span> <span class='ocrx_word' id='word_1_137' title='bbox 1573 1831 1618 1924; x_wconf 83' lang='grc' dir='ltr'><em>ἢ</em></span> <span class='ocrx_word' id='word_1_138' title='bbox 1658 1834 1814 1914; x_wconf 83' lang='grc' dir='ltr'><strong><em>τοὺς</em></strong></span> <span class='ocrx_word' id='word_1_139' title='bbox 1856 1831 2072 1904; x_wconf 78' lang='grc' dir='ltr'><strong><em>αὐτῶν</em></strong></span> <span class='ocrx_word' id='word_1_140' title='bbox 2114 1838 2537 1925; x_wconf 88' lang='grc' dir='ltr'><strong><em>κουράτωρας</em></strong></span> 
     </span>
     <span class='ocr_line' id='line_1_17' title="bbox 184 1930 2537 2027; baseline 0.001 -22"><span class='ocrx_word' id='word_1_141' title='bbox 184 1932 227 2027; x_wconf 81' lang='grc' dir='ltr'>ἢ</span> <span class='ocrx_word' id='word_1_142' title='bbox 267 1936 653 2024; x_wconf 81' lang='grc' dir='ltr'><strong><em>προνοητὰς</em></strong></span> <span class='ocrx_word' id='word_1_143' title='bbox 690 1931 738 2024; x_wconf 79' lang='grc' dir='ltr'><em>ἢ</em></span> <span class='ocrx_word' id='word_1_144' title='bbox 778 1936 1133 2022; x_wconf 77' lang='grc' dir='ltr'><strong><em>μισθωτὸς</em></strong></span> <span class='ocrx_word' id='word_1_145' title='bbox 1172 1930 1217 2022; x_wconf 81' lang='grc' dir='ltr'><em>ἢ</em></span> <span class='ocrx_word' id='word_1_146' title='bbox 1256 1939 1773 2023; x_wconf 89' lang='grc' dir='ltr'><strong><em>χαρτουλαρίους</em></strong></span> <span class='ocrx_word' id='word_1_147' title='bbox 1813 1932 1857 2025; x_wconf 81' lang='grc' dir='ltr'><strong><em>ἢ</em></strong></span> <span class='ocrx_word' id='word_1_148' title='bbox 1896 1939 2224 2024; x_wconf 80' lang='grc' dir='ltr'><strong><em>γεωργοὺς</em></strong></span> <span class='ocrx_word' id='word_1_149' title='bbox 2271 1941 2537 2027; x_wconf 86' lang='grc' dir='ltr'><strong><em>λέγουσι</em></strong></span> 
     </span>
     <span class='ocr_line' id='line_1_18' title="bbox 180 2034 2536 2127; baseline 0.002 -21"><span class='ocrx_word' id='word_1_150' title='bbox 180 2050 335 2118; x_wconf 78' lang='grc' dir='ltr'><strong><em>ταῖς</em></strong></span> <span class='ocrx_word' id='word_1_151' title='bbox 381 2034 619 2118; x_wconf 78' lang='grc' dir='ltr'><strong><em>αὑταῖς</em></strong></span> <span class='ocrx_word' id='word_1_152' title='bbox 660 2046 1058 2123; x_wconf 77' lang='grc' dir='ltr'><strong><em>προνομίαις</em></strong></span> <span class='ocrx_word' id='word_1_153' title='bbox 1097 2041 1411 2126; x_wconf 85' lang='grc' dir='ltr'><strong><em>χρῆσθαι,</em></strong></span> <span class='ocrx_word' id='word_1_154' title='bbox 1462 2034 1553 2118; x_wconf 80' lang='grc' dir='ltr'><strong><em>(ὗς</em></strong></span> <span class='ocrx_word' id='word_1_155' title='bbox 1592 2040 1759 2124; x_wconf 76' lang='grc' dir='ltr'><strong><em>μηδὲ</em></strong></span> <span class='ocrx_word' id='word_1_156' title='bbox 1803 2039 1898 2118; x_wconf 82' lang='grc' dir='ltr'><strong><em>εἰς</em></strong></span> <span class='ocrx_word' id='word_1_157' title='bbox 1945 2044 2143 2107; x_wconf 86' lang='grc' dir='ltr'><strong><em>τοῦτο</em></strong></span> <span class='ocrx_word' id='word_1_158' title='bbox 2185 2045 2341 2127; x_wconf 88' lang='grc' dir='ltr'><strong><em>γοῦν</em></strong></span> <span class='ocrx_word' id='word_1_159' title='bbox 2370 2042 2536 2110; x_wconf 63' lang='grc' dir='ltr'><strong><em>πλε-ν</em></strong></span> 
     </span>
     <span class='ocr_line' id='line_1_19' title="bbox 186 2137 2537 2229; baseline 0.001 -21"><span class='ocrx_word' id='word_1_160' title='bbox 186 2140 651 2227; x_wconf 80' lang='grc' dir='ltr'><strong><em>ονεκτούμενοι</em></strong></span> <span class='ocrx_word' id='word_1_161' title='bbox 690 2145 1058 2227; x_wconf 86' lang='grc' dir='ltr'><strong><em>φαίνοιντο,</em></strong></span> <span class='ocrx_word' id='word_1_162' title='bbox 1104 2139 1273 2207; x_wconf 85' lang='grc' dir='ltr'><strong><em>κατὰ</em></strong></span> <span class='ocrx_word' id='word_1_163' title='bbox 1312 2143 1513 2207; x_wconf 87' lang='grc' dir='ltr'><strong><em>τοῦτο</em></strong></span> <span class='ocrx_word' id='word_1_164' title='bbox 1562 2139 1639 2227; x_wconf 87' lang='grc' dir='ltr'><strong><em>δὴ</em></strong></span> <span class='ocrx_word' id='word_1_165' title='bbox 1683 2138 1762 2206; x_wconf 89' lang='grc' dir='ltr'><strong><em>τὸ</em></strong></span> <span class='ocrx_word' id='word_1_166' title='bbox 1805 2150 1950 2220; x_wconf 73' lang='grc' dir='ltr'><strong><em>τοῖς</em></strong></span> <span class='ocrx_word' id='word_1_167' title='bbox 1990 2137 2332 2229; x_wconf 75' lang='grc' dir='ltr'><strong><em>ἡμετέροις</em></strong></span> <span class='ocrx_word' id='word_1_168' title='bbox 2376 2144 2537 2210; x_wconf 91' lang='grc' dir='ltr'><strong><em>διω-</em></strong></span> 
     </span>
     <span class='ocr_line' id='line_1_20' title="bbox 183 2240 793 2328; baseline -0.007 -18"><span class='ocrx_word' id='word_1_169' title='bbox 183 2247 503 2328; x_wconf 88' lang='grc' dir='ltr'><strong><em>ρισμένον</em></strong></span> <span class='ocrx_word' id='word_1_170' title='bbox 546 2240 793 2325; x_wconf 83' lang='grc' dir='ltr'><strong><em>νόμοις.</em></strong></span> 
     </span>
    </p>

    <p class='ocr_par' dir='ltr' id='par_1_3' title="bbox 182 2335 2544 4060">
     <span class='ocr_line' id='line_1_21' title="bbox 354 2335 2537 2432; baseline 0.002 -22"><span class='ocrx_word' id='word_1_171' title='bbox 354 2344 433 2430; x_wconf 85' lang='grc' dir='ltr'><strong><em>γ’.</em></strong></span> <span class='ocrx_word' id='word_1_172' title='bbox 520 2338 781 2432; x_wconf 83' lang='grc' dir='ltr'><strong><em>Ἐπειδὴ</em></strong></span> <span class='ocrx_word' id='word_1_173' title='bbox 840 2344 913 2412; x_wconf 78' lang='grc' dir='ltr'><strong><em>δὲ</em></strong></span> <span class='ocrx_word' id='word_1_174' title='bbox 968 2344 1161 2429; x_wconf 72' lang='grc' dir='ltr'><strong><em>ἴσμεν</em></strong></span> <span class='ocrx_word' id='word_1_175' title='bbox 1218 2348 1333 2410; x_wconf 88' lang='grc' dir='ltr'><strong><em>καί</em></strong></span> <span class='ocrx_word' id='word_1_176' title='bbox 1385 2367 1574 2421; x_wconf 89' lang='grc' dir='ltr'><strong><em>τινας</em></strong></span> <span class='ocrx_word' id='word_1_177' title='bbox 1632 2335 2031 2430; x_wconf 73' lang='grc' dir='ltr'><strong><em>ἀποστερεῖν</em></strong></span> <span class='ocrx_word' id='word_1_178' title='bbox 2084 2346 2218 2412; x_wconf 88' lang='grc' dir='ltr'><strong><em>τῶν</em></strong></span> <span class='ocrx_word' id='word_1_179' title='bbox 2276 2345 2537 2414; x_wconf 88' lang='grc' dir='ltr'><strong><em>οἰκείων</em></strong></span> 
     </span>
     <span class='ocr_line' id='line_1_22' title="bbox 186 2441 2538 2535; baseline 0.001 -22"><span class='ocrx_word' id='word_1_180' title='bbox 186 2441 599 2535; x_wconf 70' lang='grc' dir='ltr'><strong><em>ὀφλημάτων</em></strong></span> <span class='ocrx_word' id='word_1_181' title='bbox 659 2446 1100 2532; x_wconf 81' lang='grc' dir='ltr'><strong><em>βουλομένους</em></strong></span> <span class='ocrx_word' id='word_1_182' title='bbox 1162 2443 1570 2532; x_wconf 77' lang='grc' dir='ltr'><strong><em>πραγμάτιον</em></strong></span> <span class='ocrx_word' id='word_1_183' title='bbox 1636 2445 1895 2514; x_wconf 84' lang='grc' dir='ltr'><strong><em>οἰκείων</em></strong></span> <span class='ocrx_word' id='word_1_184' title='bbox 1958 2456 2103 2527; x_wconf 73' lang='grc' dir='ltr'><strong><em>τοῖς</em></strong></span> <span class='ocrx_word' id='word_1_185' title='bbox 2171 2446 2538 2534; x_wconf 82' lang='grc' dir='ltr'><strong><em>χρεώσταις</em></strong></span> 
     </span>
     <span class='ocr_line' id='line_1_23' title="bbox 186 2542 2538 2637; baseline -0 -21"><span class='ocrx_word' id='word_1_186' title='bbox 186 2546 647 2634; x_wconf 72' lang='grc' dir='ltr'><strong><em>ὑποκειμένων</em></strong></span> <span class='ocrx_word' id='word_1_187' title='bbox 691 2542 865 2629; x_wconf 77' lang='grc' dir='ltr'><strong><em>ὠνὰς</em></strong></span> <span class='ocrx_word' id='word_1_188' title='bbox 904 2542 949 2637; x_wconf 79' lang='grc' dir='ltr'><em>ἢ</em></span> <span class='ocrx_word' id='word_1_189' title='bbox 993 2548 1245 2635; x_wconf 86' lang='grc' dir='ltr'><strong><em>δωρεὰς</em></strong></span> <span class='ocrx_word' id='word_1_190' title='bbox 1284 2543 1328 2637; x_wconf 83' lang='grc' dir='ltr'><em>ἢ</em></span> <span class='ocrx_word' id='word_1_191' title='bbox 1370 2549 1560 2634; x_wconf 69' lang='grc' dir='ltr'><strong><em>ἕτερα</em></strong></span> <span class='ocrx_word' id='word_1_192' title='bbox 1589 2547 1964 2634; x_wconf 81' lang='grc' dir='ltr'><strong><em>συμβόλαια</em></strong></span> <span class='ocrx_word' id='word_1_193' title='bbox 1994 2547 2167 2634; x_wconf 83' lang='grc' dir='ltr'><strong><em>πρὸς</em></strong></span> <span class='ocrx_word' id='word_1_194' title='bbox 2193 2549 2374 2628; x_wconf 76' lang='grc' dir='ltr'><strong><em>ἐνίας</em></strong></span> <span class='ocrx_word' id='word_1_195' title='bbox 2399 2552 2538 2616; x_wconf 87' lang='grc' dir='ltr'><strong><em>τῶν</em></strong></span> 
     </span>
     <span class='ocr_line' id='line_1_24' title="bbox 183 2644 2542 2739; baseline -0 -20"><span class='ocrx_word' id='word_1_196' title='bbox 183 2647 526 2739; x_wconf 77' lang='grc' dir='ltr'><strong><em>ἡμετέρων</em></strong></span> <span class='ocrx_word' id='word_1_197' title='bbox 556 2650 781 2718; x_wconf 80' lang='grc' dir='ltr'><strong><em>οἰκιῶν</em></strong></span> <span class='ocrx_word' id='word_1_198' title='bbox 812 2655 1272 2735; x_wconf 80' lang='grc' dir='ltr'><strong><em>ποιουμένους,</em></strong></span> <span class='ocrx_word' id='word_1_199' title='bbox 1316 2655 1428 2716; x_wconf 88' lang='grc' dir='ltr'><strong><em>καὶ</em></strong></span> <span class='ocrx_word' id='word_1_200' title='bbox 1472 2648 1584 2717; x_wconf 85' lang='grc' dir='ltr'><strong><em>διὰ</em></strong></span> <span class='ocrx_word' id='word_1_201' title='bbox 1624 2656 1847 2734; x_wconf 86' lang='grc' dir='ltr'><strong><em>μέσων</em></strong></span> <span class='ocrx_word' id='word_1_202' title='bbox 1888 2644 2107 2718; x_wconf 79' lang='grc' dir='ltr'><strong><em>αὑτῶν</em></strong></span> <span class='ocrx_word' id='word_1_203' title='bbox 2137 2650 2232 2730; x_wconf 89' lang='grc' dir='ltr'><strong><em>εἰς</em></strong></span> <span class='ocrx_word' id='word_1_204' title='bbox 2275 2650 2542 2737; x_wconf 79' lang='grc' dir='ltr'><strong><em>ἑτέρους</em></strong></span> 
     </span>
     <span class='ocr_line' id='line_1_25' title="bbox 182 2747 2538 2840; baseline -0 -20"><span class='ocrx_word' id='word_1_205' title='bbox 182 2755 317 2820; x_wconf 90' lang='grc' dir='ltr'><strong><em>τῶν</em></strong></span> <span class='ocrx_word' id='word_1_206' title='bbox 376 2756 705 2838; x_wconf 83' lang='grc' dir='ltr'><strong><em>συγγενῶν</em></strong></span> <span class='ocrx_word' id='word_1_207' title='bbox 758 2747 802 2838; x_wconf 79' lang='grc' dir='ltr'><em>ἢ</em></span> <span class='ocrx_word' id='word_1_208' title='bbox 858 2751 1166 2840; x_wconf 82' lang='grc' dir='ltr'><strong><em>συνήθων</em></strong></span> <span class='ocrx_word' id='word_1_209' title='bbox 1222 2750 1841 2836; x_wconf 80' lang='grc' dir='ltr'><strong><em>παρασκευάζοντας</em></strong></span> <span class='ocrx_word' id='word_1_210' title='bbox 1883 2750 2048 2819; x_wconf 88' lang='grc' dir='ltr'><strong><em>κατά</em></strong></span> <span class='ocrx_word' id='word_1_211' title='bbox 2101 2778 2253 2820; x_wconf 89' lang='grc' dir='ltr'><strong><em>τινα</em></strong></span> <span class='ocrx_word' id='word_1_212' title='bbox 2297 2754 2538 2820; x_wconf 90' lang='grc' dir='ltr'><strong><em>συναλ-</em></strong></span> 
     </span>
     <span class='ocr_line' id='line_1_26' title="bbox 184 2848 2538 2941; baseline 0 -20"><span class='ocrx_word' id='word_1_213' title='bbox 184 2855 525 2941; x_wconf 85' lang='grc' dir='ltr'><strong><em>λάγματος</em></strong></span> <span class='ocrx_word' id='word_1_214' title='bbox 564 2859 1067 2941; x_wconf 76' lang='grc' dir='ltr'><strong><em>μεταφέρεσθαι</em></strong></span> <span class='ocrx_word' id='word_1_215' title='bbox 1106 2853 1389 2939; x_wconf 87' lang='grc' dir='ltr'><strong><em>τρόπον,</em></strong></span> <span class='ocrx_word' id='word_1_216' title='bbox 1451 2848 1544 2932; x_wconf 80' lang='grc' dir='ltr'><strong><em>ὥς</em></strong></span> <span class='ocrx_word' id='word_1_217' title='bbox 1583 2852 1787 2941; x_wconf 82' lang='grc' dir='ltr'><strong><em>ταύτῃ</em></strong></span> <span class='ocrx_word' id='word_1_218' title='bbox 1837 2852 1959 2934; x_wconf 79' lang='grc' dir='ltr'><strong><em>τάς</em></strong></span> <span class='ocrx_word' id='word_1_219' title='bbox 1999 2849 2354 2941; x_wconf 83' lang='grc' dir='ltr'><strong><em>ὑποθήκας</em></strong></span> <span class='ocrx_word' id='word_1_220' title='bbox 2397 2854 2538 2922; x_wconf 75' lang='grc' dir='ltr'><strong><em>ἕλε-</em></strong></span> 
     </span>
     <span class='ocr_line' id='line_1_27' title="bbox 185 2951 2533 3042; baseline -0.001 -18"><span class='ocrx_word' id='word_1_221' title='bbox 185 2959 379 3036; x_wconf 86' lang='grc' dir='ltr'><strong><em>εινῶς</em></strong></span> <span class='ocrx_word' id='word_1_222' title='bbox 422 2965 571 3034; x_wconf 77' lang='grc' dir='ltr'><strong><em>τοῖς</em></strong></span> <span class='ocrx_word' id='word_1_223' title='bbox 609 2954 695 3023; x_wconf 87' lang='grc' dir='ltr'><strong><em>τὰ</em></strong></span> <span class='ocrx_word' id='word_1_224' title='bbox 740 2955 949 3023; x_wconf 79' lang='grc' dir='ltr'><strong><em>οἰκεῖα</em></strong></span> <span class='ocrx_word' id='word_1_225' title='bbox 992 2960 1416 3041; x_wconf 83' lang='grc' dir='ltr'><strong><em>προϊεμένοις</em></strong></span> <span class='ocrx_word' id='word_1_226' title='bbox 1453 2953 1754 3042; x_wconf 86' lang='grc' dir='ltr'><strong><em>χρήματα</em></strong></span> <span class='ocrx_word' id='word_1_227' title='bbox 1807 2954 2037 3037; x_wconf 85' lang='grc' dir='ltr'><strong><em>σχεδὸν</em></strong></span> <span class='ocrx_word' id='word_1_228' title='bbox 2080 2951 2533 3041; x_wconf 72' lang='grc' dir='ltr'><strong><em>ἀναιρεῖσθαι,</em></strong></span> 
     </span>
     <span class='ocr_line' id='line_1_28' title="bbox 182 3045 2536 3145; baseline -0 -20"><span class='ocrx_word' id='word_1_229' title='bbox 182 3059 351 3145; x_wconf 73' lang='grc' dir='ltr'><strong><em>μηδὲ</em></strong></span> <span class='ocrx_word' id='word_1_230' title='bbox 392 3060 515 3123; x_wconf 88' lang='grc' dir='ltr'><strong><em>τοῦ</em></strong></span> <span class='ocrx_word' id='word_1_231' title='bbox 546 3060 971 3142; x_wconf 81' lang='grc' dir='ltr'><strong><em>προεστῶτος</em></strong></span> <span class='ocrx_word' id='word_1_232' title='bbox 1010 3060 1127 3144; x_wconf 86' lang='grc' dir='ltr'><strong><em>τῆς</em></strong></span> <span class='ocrx_word' id='word_1_233' title='bbox 1168 3063 1368 3135; x_wconf 88' lang='grc' dir='ltr'><strong><em>θείας</em></strong></span> <span class='ocrx_word' id='word_1_234' title='bbox 1410 3056 1625 3136; x_wconf 86' lang='grc' dir='ltr'><strong><em>οἰκίας</em></strong></span> <span class='ocrx_word' id='word_1_235' title='bbox 1670 3050 1753 3122; x_wconf 72' lang='grc' dir='ltr'><strong><em>δι’</em></strong></span> <span class='ocrx_word' id='word_1_236' title='bbox 1789 3045 1867 3121; x_wconf 83' lang='grc' dir='ltr'><strong><em>οὗ</em></strong></span> <span class='ocrx_word' id='word_1_237' title='bbox 1896 3059 2105 3121; x_wconf 85' lang='grc' dir='ltr'><strong><em>ταῦτα</em></strong></span> <span class='ocrx_word' id='word_1_238' title='bbox 2134 3060 2536 3143; x_wconf 81' lang='grc' dir='ltr'><strong><em>πεπρᾶχθαι</em></strong></span> 
     </span>
     <span class='ocr_line' id='line_1_29' title="bbox 186 3148 2539 3246; baseline -0.001 -19"><span class='ocrx_word' id='word_1_239' title='bbox 186 3161 450 3246; x_wconf 87' lang='grc' dir='ltr'><strong><em>λέγεται</em></strong></span> <span class='ocrx_word' id='word_1_240' title='bbox 494 3158 608 3226; x_wconf 80' lang='grc' dir='ltr'><strong><em>διὰ</em></strong></span> <span class='ocrx_word' id='word_1_241' title='bbox 650 3155 770 3246; x_wconf 84' lang='grc' dir='ltr'><strong><em>τὴν</em></strong></span> <span class='ocrx_word' id='word_1_242' title='bbox 795 3148 1002 3226; x_wconf 69' lang='grc' dir='ltr'><strong><em>ὀὖσαν</em></strong></span> <span class='ocrx_word' id='word_1_243' title='bbox 1032 3154 1210 3246; x_wconf 79' lang='grc' dir='ltr'><strong><em>αὑτῷ</em></strong></span> <span class='ocrx_word' id='word_1_244' title='bbox 1257 3158 1535 3241; x_wconf 86' lang='grc' dir='ltr'><strong><em>δύναμιν</em></strong></span> <span class='ocrx_word' id='word_1_245' title='bbox 1563 3156 1681 3242; x_wconf 87' lang='grc' dir='ltr'><strong><em>τὴν</em></strong></span> <span class='ocrx_word' id='word_1_246' title='bbox 1711 3151 1881 3242; x_wconf 71' lang='grc' dir='ltr'><strong><em>ὑπὲρ</em></strong></span> <span class='ocrx_word' id='word_1_247' title='bbox 1924 3156 2177 3223; x_wconf 86' lang='grc' dir='ltr'><strong><em>τούτων</em></strong></span> <span class='ocrx_word' id='word_1_248' title='bbox 2208 3157 2539 3246; x_wconf 80' lang='grc' dir='ltr'><strong><em>ἐναγωγὴν</em></strong></span> 
     </span>
     <span class='ocr_line' id='line_1_30' title="bbox 185 3255 2538 3346; baseline -0.002 -18"><span class='ocrx_word' id='word_1_249' title='bbox 185 3256 711 3345; x_wconf 86' lang='grc' dir='ltr'><strong><em>ὑποδεχομένου,</em></strong></span> <span class='ocrx_word' id='word_1_250' title='bbox 774 3259 884 3326; x_wconf 82' lang='grc' dir='ltr'><strong><em>καὶ</em></strong></span> <span class='ocrx_word' id='word_1_251' title='bbox 935 3263 1055 3327; x_wconf 84' lang='grc' dir='ltr'><strong><em>τοῦ</em></strong></span> <span class='ocrx_word' id='word_1_252' title='bbox 1109 3260 1188 3327; x_wconf 88' lang='grc' dir='ltr'><strong><em>τὸ</em></strong></span> <span class='ocrx_word' id='word_1_253' title='bbox 1244 3262 1521 3346; x_wconf 83' lang='grc' dir='ltr'><strong><em>πρᾶγμα</em></strong></span> <span class='ocrx_word' id='word_1_254' title='bbox 1579 3256 1930 3345; x_wconf 73' lang='grc' dir='ltr'><strong><em>εἰληφότος</em></strong></span> <span class='ocrx_word' id='word_1_255' title='bbox 1985 3256 2064 3322; x_wconf 87' lang='grc' dir='ltr'><strong><em>τὸ</em></strong></span> <span class='ocrx_word' id='word_1_256' title='bbox 2109 3255 2282 3342; x_wconf 88' lang='grc' dir='ltr'><strong><em>πρὸς</em></strong></span> <span class='ocrx_word' id='word_1_257' title='bbox 2335 3263 2538 3325; x_wconf 85' lang='grc' dir='ltr'><strong><em>θείαν</em></strong></span> 
     </span>
     <span class='ocr_line' id='line_1_31' title="bbox 188 3354 2537 3448; baseline -0.003 -18"><span class='ocrx_word' id='word_1_258' title='bbox 188 3364 403 3432; x_wconf 88' lang='grc' dir='ltr'><strong><em>οἰκίαν</em></strong></span> <span class='ocrx_word' id='word_1_259' title='bbox 450 3361 875 3448; x_wconf 81' lang='grc' dir='ltr'><strong><em>συνάλλαγμα</em></strong></span> <span class='ocrx_word' id='word_1_260' title='bbox 915 3367 1431 3448; x_wconf 84' lang='grc' dir='ltr'><strong><em>προτεινομένου</em></strong></span> <span class='ocrx_word' id='word_1_261' title='bbox 1473 3362 1582 3427; x_wconf 81' lang='grc' dir='ltr'><strong><em>καὶ</em></strong></span> <span class='ocrx_word' id='word_1_262' title='bbox 1632 3357 1799 3426; x_wconf 83' lang='grc' dir='ltr'><strong><em>κατὰ</em></strong></span> <span class='ocrx_word' id='word_1_263' title='bbox 1841 3356 1959 3445; x_wconf 88' lang='grc' dir='ltr'><strong><em>τὴν</em></strong></span> <span class='ocrx_word' id='word_1_264' title='bbox 1989 3359 2341 3445; x_wconf 84' lang='grc' dir='ltr'><strong><em>δεδομένην</em></strong></span> <span class='ocrx_word' id='word_1_265' title='bbox 2372 3354 2537 3447; x_wconf 78' lang='grc' dir='ltr'><strong><em>αὐτῇ</em></strong></span> 
     </span>
     <span class='ocr_line' id='line_1_32' title="bbox 185 3457 2539 3551; baseline -0.002 -19"><span class='ocrx_word' id='word_1_266' title='bbox 185 3469 565 3551; x_wconf 87' lang='grc' dir='ltr'><strong><em>προνομίαν</em></strong></span> <span class='ocrx_word' id='word_1_267' title='bbox 609 3463 1040 3550; x_wconf 73' lang='grc' dir='ltr'><strong><em>ἐγκαλεῖσθαι</em></strong></span> <span class='ocrx_word' id='word_1_268' title='bbox 1082 3458 1237 3550; x_wconf 78' lang='grc' dir='ltr'><strong><em>παρ’</em></strong></span> <span class='ocrx_word' id='word_1_269' title='bbox 1274 3458 1541 3543; x_wconf 81' lang='grc' dir='ltr'><strong><em>οὖδενὸς</em></strong></span> <span class='ocrx_word' id='word_1_270' title='bbox 1573 3457 1948 3543; x_wconf 77' lang='grc' dir='ltr'><strong><em>ἀξιοῦντος·</em></strong></span> <span class='ocrx_word' id='word_1_271' title='bbox 1993 3458 2179 3541; x_wconf 79' lang='grc' dir='ltr'><strong><em>τινάς</em></strong></span> <span class='ocrx_word' id='word_1_272' title='bbox 2211 3461 2286 3528; x_wconf 83' lang='grc' dir='ltr'><strong><em>δὲ</em></strong></span> <span class='ocrx_word' id='word_1_273' title='bbox 2315 3460 2539 3541; x_wconf 71' lang='grc' dir='ltr'><strong><em>οἴκους</em></strong></span> 
     </span>
     <span class='ocr_line' id='line_1_33' title="bbox 186 3560 2541 3654; baseline -0.001 -20"><span class='ocrx_word' id='word_1_274' title='bbox 186 3562 229 3654; x_wconf 80' lang='grc' dir='ltr'>ἢ</span> <span class='ocrx_word' id='word_1_275' title='bbox 269 3566 529 3645; x_wconf 86' lang='grc' dir='ltr'><strong><em>τόπους</em></strong></span> <span class='ocrx_word' id='word_1_276' title='bbox 568 3560 614 3654; x_wconf 80' lang='grc' dir='ltr'><em>ἢ</em></span> <span class='ocrx_word' id='word_1_277' title='bbox 656 3568 764 3633; x_wconf 74' lang='grc' dir='ltr'><strong><em>καὶ</em></strong></span> <span class='ocrx_word' id='word_1_278' title='bbox 810 3564 1205 3652; x_wconf 75' lang='grc' dir='ltr'><strong><em>ἐργαστήρια</em></strong></span> <span class='ocrx_word' id='word_1_279' title='bbox 1247 3569 1409 3651; x_wconf 82' lang='grc' dir='ltr'><strong><em>μιᾶς</em></strong></span> <span class='ocrx_word' id='word_1_280' title='bbox 1450 3568 1584 3632; x_wconf 90' lang='grc' dir='ltr'><strong><em>τῶν</em></strong></span> <span class='ocrx_word' id='word_1_281' title='bbox 1627 3569 1838 3632; x_wconf 86' lang='grc' dir='ltr'><strong><em>θείων</em></strong></span> <span class='ocrx_word' id='word_1_282' title='bbox 1869 3563 2096 3631; x_wconf 84' lang='grc' dir='ltr'><strong><em>οἰκιῶν</em></strong></span> <span class='ocrx_word' id='word_1_283' title='bbox 2126 3563 2239 3631; x_wconf 73' lang='grc' dir='ltr'><strong><em>ἐπὶ</em></strong></span> <span class='ocrx_word' id='word_1_284' title='bbox 2284 3564 2541 3649; x_wconf 83' lang='grc' dir='ltr'><strong><em>μείζονι</em></strong></span> 
     </span>
     <span class='ocr_line' id='line_1_34' title="bbox 188 3663 2544 3757; baseline -0.001 -21"><span class='ocrx_word' id='word_1_285' title='bbox 188 3664 229 3757; x_wconf 78' lang='grc' dir='ltr'><em>ἢ</em></span> <span class='ocrx_word' id='word_1_286' title='bbox 267 3672 379 3736; x_wconf 81' lang='grc' dir='ltr'><strong><em>καὶ</em></strong></span> <span class='ocrx_word' id='word_1_287' title='bbox 428 3670 524 3756; x_wconf 76' lang='grc' dir='ltr'><strong><em>τῷ</em></strong></span> <span class='ocrx_word' id='word_1_288' title='bbox 566 3665 832 3750; x_wconf 81' lang='grc' dir='ltr'><strong><em>τυχόντι</em></strong></span> <span class='ocrx_word' id='word_1_289' title='bbox 871 3670 1106 3754; x_wconf 74' lang='grc' dir='ltr'><strong><em>μισθῷ</em></strong></span> <span class='ocrx_word' id='word_1_290' title='bbox 1151 3665 1814 3754; x_wconf 88' lang='grc' dir='ltr'><strong><em>παραλαμβάνοντας,</em></strong></span> <span class='ocrx_word' id='word_1_291' title='bbox 1861 3669 1940 3753; x_wconf 84' lang='grc' dir='ltr'><strong><em>τῇ</em></strong></span> <span class='ocrx_word' id='word_1_292' title='bbox 1973 3666 2231 3734; x_wconf 74' lang='grc' dir='ltr'><strong><em>ἐκεῖθέν</em></strong></span> <span class='ocrx_word' id='word_1_293' title='bbox 2260 3690 2334 3733; x_wconf 83' lang='grc' dir='ltr'><strong><em>τε</em></strong></span> <span class='ocrx_word' id='word_1_294' title='bbox 2366 3663 2544 3748; x_wconf 74' lang='grc' dir='ltr'><strong><em>ἰσχύϊ</em></strong></span> 
     </span>
     <span class='ocr_line' id='line_1_35' title="bbox 187 3761 2541 3857; baseline -0.003 -19"><span class='ocrx_word' id='word_1_295' title='bbox 187 3775 565 3857; x_wconf 82' lang='grc' dir='ltr'><strong><em>χρωμένους</em></strong></span> <span class='ocrx_word' id='word_1_296' title='bbox 605 3780 753 3848; x_wconf 73' lang='grc' dir='ltr'><strong><em>τοϊς</em></strong></span> <span class='ocrx_word' id='word_1_297' title='bbox 790 3772 1137 3857; x_wconf 72' lang='grc' dir='ltr'><strong><em>χρησταῒς”</em></strong></span> <span class='ocrx_word' id='word_1_298' title='bbox 1179 3763 1222 3856; x_wconf 84' lang='grc' dir='ltr'><em>ἢ</em></span> <span class='ocrx_word' id='word_1_299' title='bbox 1265 3772 1373 3836; x_wconf 81' lang='grc' dir='ltr'><strong><em>καὶ</em></strong></span> <span class='ocrx_word' id='word_1_300' title='bbox 1416 3773 1560 3848; x_wconf 80' lang='grc' dir='ltr'><strong><em>τοῖς</em></strong></span> <span class='ocrx_word' id='word_1_301' title='bbox 1600 3767 1722 3848; x_wconf 83' lang='grc' dir='ltr'><strong><em>τὰς</em></strong></span> <span class='ocrx_word' id='word_1_302' title='bbox 1766 3764 2052 3846; x_wconf 76' lang='grc' dir='ltr'><strong><em>εὐθύνας</em></strong></span> <span class='ocrx_word' id='word_1_303' title='bbox 2102 3761 2328 3844; x_wconf 73' lang='grc' dir='ltr'><strong><em>αὐτοῖς</em></strong></span> <span class='ocrx_word' id='word_1_304' title='bbox 2371 3765 2541 3832; x_wconf 71' lang='grc' dir='ltr'><strong><em>ἐπά-</em></strong></span> 
     </span>
     <span class='ocr_line' id='line_1_36' title="bbox 190 3867 2542 3959; baseline -0.003 -19"><span class='ocrx_word' id='word_1_305' title='bbox 190 3896 417 3958; x_wconf 88' lang='grc' dir='ltr'><strong><em>γουσιν</em></strong></span> <span class='ocrx_word' id='word_1_306' title='bbox 474 3869 893 3959; x_wconf 74' lang='grc' dir='ltr'><strong><em>ἐπηρεάζειν·</em></strong></span> <span class='ocrx_word' id='word_1_307' title='bbox 959 3871 1284 3957; x_wconf 78' lang='grc' dir='ltr'><strong><em>εἴργοντες</em></strong></span> <span class='ocrx_word' id='word_1_308' title='bbox 1300 3874 1341 3907; x_wconf 86' lang='lat'><strong><em>¹⁰</em></strong></span> <span class='ocrx_word' id='word_1_309' title='bbox 1410 3873 1517 3938; x_wconf 82' lang='grc' dir='ltr'><strong><em>καὶ</em></strong></span> <span class='ocrx_word' id='word_1_310' title='bbox 1583 3868 1787 3957; x_wconf 85' lang='grc' dir='ltr'><strong><em>ταύτῃ</em></strong></span> <span class='ocrx_word' id='word_1_311' title='bbox 1844 3867 2220 3951; x_wconf 87' lang='grc' dir='ltr'><strong><em>κελεύομεν,</em></strong></span> <span class='ocrx_word' id='word_1_312' title='bbox 2291 3867 2542 3952; x_wconf 86' lang='grc' dir='ltr'><strong><em>μηδένα</em></strong></span> 
     </span>
     <span class='ocr_line' id='line_1_37' title="bbox 191 3972 2542 4060; baseline -0.002 -19"><span class='ocrx_word' id='word_1_313' title='bbox 191 3979 300 4042; x_wconf 84' lang='grc' dir='ltr'><strong><em>τοῦ</em></strong></span> <span class='ocrx_word' id='word_1_314' title='bbox 346 3977 603 4043; x_wconf 80' lang='grc' dir='ltr'><strong><em>λοιποῦ</em></strong></span> <span class='ocrx_word' id='word_1_315' title='bbox 645 3975 727 4060; x_wconf 83' lang='grc' dir='ltr'><strong><em>τῇ</em></strong></span> <span class='ocrx_word' id='word_1_316' title='bbox 772 3972 939 4039; x_wconf 82' lang='grc' dir='ltr'><strong><em>κατὰ</em></strong></span> <span class='ocrx_word' id='word_1_317' title='bbox 977 3976 1113 4039; x_wconf 88' lang='grc' dir='ltr'><strong><em>τῶν</em></strong></span> <span class='ocrx_word' id='word_1_318' title='bbox 1158 3973 1416 4042; x_wconf 87' lang='grc' dir='ltr'><strong><em>οἰκείων</em></strong></span> <span class='ocrx_word' id='word_1_319' title='bbox 1478 3973 1839 4039; x_wconf 88' lang='grc' dir='ltr'><strong><em>δανειστῶν</em></strong></span> <span class='ocrx_word' id='word_1_320' title='bbox 1882 3974 2193 4055; x_wconf 82' lang='grc' dir='ltr'><strong><em>περινοίᾳ</em></strong></span> <span class='ocrx_word' id='word_1_321' title='bbox 2245 3972 2542 4057; x_wconf 85' lang='grc' dir='ltr'><strong><em>χρῆσθαι</em></strong></span> 
     </span>
    </p>
   </div>
   <div class='ocr_carea' id='block_1_3' title="bbox 186 4142 2543 4470">
    <p class='ocr_par' dir='ltr' id='par_1_4' title="bbox 186 4142 2543 4470">
     <span class='ocr_line' id='line_1_38' title="bbox 314 4142 2542 4208; baseline -0.003 -9"><span class='ocrx_word' id='word_1_322' title='bbox 314 4146 335 4174; x_wconf 80' lang='lat'>⁷</span> <span class='ocrx_word' id='word_1_323' title='bbox 371 4149 576 4199; x_wconf 73' lang='lat' dir='ltr'>Videtur</span> <span class='ocrx_word' id='word_1_324' title='bbox 614 4146 691 4196; x_wconf 79' lang='lat' dir='ltr'><strong><em>hic</em></strong></span> <span class='ocrx_word' id='word_1_325' title='bbox 740 4147 922 4208; x_wconf 75' lang='lat' dir='ltr'>integra</span> <span class='ocrx_word' id='word_1_326' title='bbox 969 4147 1097 4196; x_wconf 83' lang='lat' dir='ltr'>linea</span> <span class='ocrx_word' id='word_1_327' title='bbox 1144 4147 1394 4197; x_wconf 81' lang='lat' dir='ltr'>excidisse.</span> <span class='ocrx_word' id='word_1_328' title='bbox 1467 4146 1526 4196; x_wconf 76' lang='lat' dir='ltr'><strong><em>Ut</em></strong></span> <span class='ocrx_word' id='word_1_329' title='bbox 1563 4145 1688 4195; x_wconf 78' lang='lat' dir='ltr'>enirn</span> <span class='ocrx_word' id='word_1_330' title='bbox 1726 4143 1878 4193; x_wconf 75' lang='lat' dir='ltr'>oratio</span> <span class='ocrx_word' id='word_1_331' title='bbox 1915 4142 2168 4207; x_wconf 75' lang='lat' dir='ltr'>procedat,</span> <span class='ocrx_word' id='word_1_332' title='bbox 2218 4142 2288 4192; x_wconf 72' lang='lat' dir='ltr'><strong><em>sic</em></strong></span> <span class='ocrx_word' id='word_1_333' title='bbox 2324 4150 2439 4207; x_wconf 76' lang='lat' dir='ltr'><strong><em>pum</em></strong></span> <span class='ocrx_word' id='word_1_334' title='bbox 2474 4143 2542 4193; x_wconf 80' lang='grc' dir='ltr'><strong><em>Ιο-</em></strong></span> 
     </span>
     <span class='ocr_line' id='line_1_39' title="bbox 194 4219 2541 4296; baseline -0.003 -14"><span class='ocrx_word' id='word_1_335' title='bbox 194 4235 419 4295; x_wconf 70' lang='lat' dir='ltr'>gendum:</span> <span class='ocrx_word' id='word_1_336' title='bbox 478 4224 513 4294; x_wconf 77' lang='grc' dir='ltr'><em>ἢ</em></span> <span class='ocrx_word' id='word_1_337' title='bbox 556 4225 650 4280; x_wconf 86' lang='grc' dir='ltr'><strong><em>καὶ</em></strong></span> <span class='ocrx_word' id='word_1_338' title='bbox 698 4229 777 4294; x_wconf 73' lang='grc' dir='ltr'><strong><em>τῷ</em></strong></span> <span class='ocrx_word' id='word_1_339' title='bbox 827 4225 955 4292; x_wconf 73' lang='grc' dir='ltr'><strong><em>θείᾳ</em></strong></span> <span class='ocrx_word' id='word_1_340' title='bbox 1000 4223 1233 4280; x_wconf 80' lang='grc' dir='ltr'><strong><em>κελεύσει</em></strong></span> <span class='ocrx_word' id='word_1_341' title='bbox 1279 4225 1553 4296; x_wconf 74' lang='grc' dir='ltr'><strong><em>διδομένῳ</em></strong></span> <span class='ocrx_word' id='word_1_342' title='bbox 1601 4225 1839 4295; x_wconf 68' lang='grc' dir='ltr'><strong><em>δικαστῇ·</em></strong></span> <span class='ocrx_word' id='word_1_343' title='bbox 1878 4221 1978 4288; x_wconf 74' lang='grc' dir='ltr'><strong><em>τὴν</em></strong></span> <span class='ocrx_word' id='word_1_344' title='bbox 2019 4219 2305 4292; x_wconf 70' lang='grc' dir='ltr'><strong><em>ἔναγωγῆν</em></strong></span> <span class='ocrx_word' id='word_1_345' title='bbox 2338 4226 2541 4275; x_wconf 80' lang='grc' dir='ltr'><strong><em>κινεῖν·</em></strong></span> 
     </span>
     <span class='ocr_line' id='line_1_40' title="bbox 193 4307 2543 4383; baseline -0.001 -19"><span class='ocrx_word' id='word_1_346' title='bbox 193 4311 397 4368; x_wconf 71' lang='grc' dir='ltr'><strong><em>τούτων</em></strong></span> <span class='ocrx_word' id='word_1_347' title='bbox 430 4311 690 4368; x_wconf 73' lang='grc' dir='ltr'><strong><em>ἐνταῦθα</em></strong></span> <span class='ocrx_word' id='word_1_348' title='bbox 721 4308 1106 4383; x_wconf 75' lang='grc' dir='ltr'><strong><em>κρατούντων,</em></strong></span> <span class='ocrx_word' id='word_1_349' title='bbox 1157 4307 1206 4364; x_wconf 76' lang='grc' dir='ltr'><strong><em>εἰ</em></strong></span> <span class='ocrx_word' id='word_1_350' title='bbox 1241 4309 1300 4366; x_wconf 76' lang='grc' dir='ltr'><strong><em>δὲ</em></strong></span> <span class='ocrx_word' id='word_1_351' title='bbox 1335 4309 1396 4364; x_wconf 79' lang='grc' dir='ltr'><strong><em>έν</em></strong></span> <span class='ocrx_word' id='word_1_352' title='bbox 1427 4308 1716 4381; x_wconf 75' lang='grc' dir='ltr'><strong><em>ἐπαρχίαις</em></strong></span> <span class='ocrx_word' id='word_1_353' title='bbox 1757 4309 1871 4362; x_wconf 72' lang='grc' dir='ltr'><strong><em>κτλ.</em></strong></span> <span class='ocrx_word' id='word_1_354' title='bbox 2079 4309 2101 4337; x_wconf 81' lang='lat'>⁸</span> <span class='ocrx_word' id='word_1_355' title='bbox 2137 4312 2252 4362; x_wconf 75' lang='lat' dir='ltr'>vide</span> <span class='ocrx_word' id='word_1_356' title='bbox 2287 4311 2357 4361; x_wconf 69' lang='lat' dir='ltr'><strong><em>tit.</em></strong></span> <span class='ocrx_word' id='word_1_357' title='bbox 2396 4312 2448 4360; x_wconf 90' lang='lat' dir='ltr'><strong><em>C.</em></strong></span> <span class='ocrx_word' id='word_1_358' title='bbox 2486 4312 2543 4362; x_wconf 74' lang='grc' dir='ltr'><strong><em>δι’</em></strong></span> 
     </span>
     <span class='ocr_line' id='line_1_41' title="bbox 186 4388 2474 4470; baseline -0.006 -17"><span class='ocrx_word' id='word_1_359' title='bbox 186 4406 385 4470; x_wconf 68' lang='grc' dir='ltr'><strong><em>ρτίυἰίῳ.</em></strong></span> <span class='ocrx_word' id='word_1_360' title='bbox 429 4404 603 4454; x_wconf 79' lang='lat' dir='ltr'><strong><em>domm</em></strong></span> <span class='ocrx_word' id='word_1_361' title='bbox 638 4403 757 4465; x_wconf 70' lang='lat' dir='ltr'><strong><em>Any.</em></strong></span> <span class='ocrx_word' id='word_1_362' title='bbox 892 4396 915 4427; x_wconf 77' lang='lat'>⁸</span> <span class='ocrx_word' id='word_1_363' title='bbox 949 4400 1211 4451; x_wconf 71' lang='lat' dir='ltr'><strong>Usitatius:</strong></span> <span class='ocrx_word' id='word_1_364' title='bbox 1242 4392 1553 4466; x_wconf 77' lang='grc' dir='ltr'><strong><em>χρεώσταις</em></strong></span> <span class='ocrx_word' id='word_1_365' title='bbox 1587 4400 1725 4450; x_wconf 78' lang='lat' dir='ltr'><strong>foret.</strong></span> <span class='ocrx_word' id='word_1_366' title='bbox 1864 4393 1902 4424; x_wconf 76' lang='lat'><strong><em>&#39;⁹</em></strong></span> <span class='ocrx_word' id='word_1_367' title='bbox 1938 4397 2137 4458; x_wconf 77' lang='lat' dir='ltr'><strong>Scrimg.</strong></span> <span class='ocrx_word' id='word_1_368' title='bbox 2174 4388 2474 4462; x_wconf 77' lang='grc' dir='ltr'><strong><em>εἴργοντας.</em></strong></span> 
     </span>
    </p>
   </div>
   <div class='ocr_carea' id='block_1_4' title="bbox 2872 2901 2875 3470">
    <p class='ocr_par' dir='ltr' id='par_1_5' title="bbox 2872 2901 2875 3470">
     <span class='ocr_line' id='line_1_42' title="bbox 2872 2901 2875 3470; baseline 0 0"><span class='ocrx_word' id='word_1_369' title='bbox 2872 2901 2875 3470; x_wconf 95' lang='lat' dir='ltr'><strong><em> </em></strong></span> 
     </span>
    </p>
   </div>
  </div>
 </body>
</html>
