2900 4950
373 272 527 334 ,114
1192 282 1305 331 eon.
1347 283 1402 330 n.
1476 281 1588 331 Nuv.
1626 280 1756 330 xxx.
1795 281 1945 330 xxxu.

404 435 624 499 δικαία
684 433 799 515 τῆς
856 430 1200 506 πολιτείας
1258 427 1578 515 πρόνοια,
1645 423 1819 492 οὕτω
1862 428 1969 491 καὶ
2014 425 2169 503 τοὺς
2211 419 2438 508 ὀρθῶς
2486 426 2752 508 ἔχοντας

401 537 531 600 τῶν
590 530 806 614 νόμιον
861 532 967 597 καὶ
1026 531 1228 616 μηδὲν
1284 528 1438 607 τοὺς
1493 533 1943 611 πειθομένους
2000 528 2561 612 παραλυποῦντας
2615 531 2751 595 τῶν

399 634 487 722 μὴ
547 625 754 710 οὕτως
814 631 1092 714 ἐχόντων
1147 626 1306 715 μηδ’
1370 631 1464 708 εἷς
1518 629 1594 695 τὸ
1653 627 1909 696 ἄλυπον
1963 626 2116 706 τοὺς
2169 625 2502 715 ὑπηκόους
2557 655 2750 716 περι-

404 735 725 804 ϊστάντων
769 736 884 818 τῆς
926 726 1125 818 αὐτῆς
1171 725 1249 798 ἂν
1295 732 1394 818 εἰἠ
1441 738 1762 816 προνοίας
1809 731 1992 814 ἔργον
2025 729 2412 814 ἐκλέγεσθαι
2441 732 2546 796 καὶ
2581 755 2753 816 προ-

401 844 673 924 κρίνειν,
735 831 1006 902 ἐπειδάν
1052 836 1203 918 περὶ
1262 837 1378 900 τοῦ
1427 827 1630 899 αὐτοῦ
1675 832 2060 917 πράγματος
2105 830 2222 896 δύο
2270 824 2578 918 ἀλλήλοις
2621 858 2753 916 μα-

399 939 667 1022 χόμενοι
731 933 1023 1022 ὁρίζουσι
1078 934 1288 1017 νόμοι.
1380 938 1529 1013 πῶς
1572 932 1694 1020 γὰρ
1741 928 1820 999 ἂν
1867 933 1966 1019 εἰἠ
2012 932 2206 1017 λόγον
2254 931 2417 1014 ἕχον,
2468 957 2752 1020 στρατη-

402 1039 555 1126 γοὺς
595 1039 714 1121 μὲν
756 1040 863 1104 καὶ
911 1034 1227 1120 ἄρχοντας
1269 1039 1402 1101 τῶν
1432 1035 1746 1121 χειρόνων
1793 1034 2177 1120 ἐκλέγεσθαι
2221 1032 2376 1112 τοὺς
2420 1029 2748 1118 ἀμείνους,

404 1143 507 1207 καὶ
556 1147 931 1225 προκρίνειν
975 1138 1264 1217 τούτους,
1315 1126 1405 1202 ὧν
1450 1132 1489 1222 ἡ
1536 1132 1695 1222 ἀρχὴ
1742 1135 1913 1220 πρὸς
1955 1135 2032 1201 τὸ
2064 1140 2399 1221 συμφέρον
2432 1137 2752 1222 διαθήσει

403 1241 516 1307 τὸν
571 1248 718 1325 βίον
773 1243 904 1306 τιῢν
965 1235 1339 1322 ἀρχομένων
1394 1244 1709 1323 (καίτοιγε
1765 1232 1880 1304 οὐκ
1936 1232 2038 1305 ἀεὶ
2081 1239 2433 1321 μέλλουσιν
2479 1234 2747 1324 ἄρχειν),

403 1342 621 1427 νόμων
678 1343 779 1421 δὲ,
841 1337 942 1419 οἷς
996 1347 1220 1424 μέχρις
1264 1333 1345 1406 ἂν
1390 1334 1428 1425 ἡ
1477 1340 1784 1406 πολιτεία
1830 1346 2217 1407 συνίσταται
2258 1336 2335 1402 τὸ
2381 1336 2601 1422 ἄρχειν
2648 1340 2751 1405 δί-

370 1445 615 1522 ·δοται,
660 1442 747 1530 μὴ
794 1441 947 1520 τοὺς
988 1443 1369 1525 βελτίστους
1415 1435 1641 1519 ἀξιοῦν
1687 1437 1969 1525 εἰσάγειν
2017 1440 2110 1518 εἷς
2151 1437 2267 1526 τήν
2312 1433 2530 1526 ἀρχὴν,
2579 1435 2750 1510 ἀλλὰ

403 1545 556 1622 τοὺς
597 1547 711 1629 τῆς
752 1550 1047 1628 χείρονος
1087 1548 1326 1627 μοίρας
1368 1546 1474 1607 καὶ
1522 1540 1635 1620 οὓς
1677 1542 1875 1609 καλὸν
1917 1531 1994 1627 ἦν
2038 1542 2204 1624 μηδὲ
2245 1540 2324 1608 τὸ
2354 1544 2622 1625 πρῶτον
2654 1542 2750 1619 εἰς

403 1649 644 1731 γνῶσιν
691 1644 951 1726 ἐλθεῒν;
1615 1723 1620 1730 .
1993 1716 2007 1730 .

579 1754 664 1813 Τί
699 1745 947 1832 δήποτε
977 1739 1168 1810 ταῦθ’
1203 1740 1359 1829 ἡμῖν
1406 1744 1695 1830 εὶ’ρ·ηται;
1746 1742 2311 1821 ἰουστινιανὸς
2356 1743 2619 1834 ἐκεῖνος,
2669 1735 2749 1810 οὗ

401 1847 568 1931 μετὰ
607 1851 724 1934 τῆς
769 1842 1101 1931 εὐσεβείας
1144 1848 1251 1912 καὶ
1295 1842 1331 1931 ἡ
1380 1848 1532 1930 περὶ
1579 1845 1656 1911 τὸ
1702 1842 1989 1932 ὑπήκοον
2033 1848 2303 1933 φροντὶς
2334 1844 2639 1929 ἐσέμνυνε
2668 1846 2749 1912 τὸ

406 1949 722 2036 διάδημα,
783 1948 1107 2034 πρότερον
1165 1950 1315 2030 περὶ
1366 1945 1728 2025 διαλύσεως
1771 1946 1996 2031 γάμων
2039 1933 2395 2031 θέσπισμα
2440 1953 2745 2031 θέμενος,

405 2048 493 2129 ιῦς
537 2053 724 2134 εἴπερ
770 2049 922 2137 γυνὴ
973 2050 1071 2116 ἔτι
1112 2053 1226 2113 τοῦ
1274 2045 1512 2134 ἀνδρὸς
1569 2048 1635 2114 ἐν
1682 2050 1881 2129 ζῶσιν
1926 2046 2116 2127 ὄντος
2159 2051 2311 2134 περὶ
2359 2047 2584 2133 γάμων
2629 2045 2747 2116 αὖ-

401 2157 516 2240 τῆς
572 2153 771 2238 ἑτέρῳ
818 2154 1239 2237 διαλεγομένη
1288 2145 1567 2237 ὀφθείη,
1614 2157 1842 2235 μηκέτι
1886 2150 2129 2231 ἐξεῖναι
2173 2147 2373 2237 αὐτὴν
2416 2153 2511 2236 τῷ
2555 2145 2744 2237 ἀνδρὶ

404 2253 868 2340 συνηρμόσθαι
923 2251 1014 2331 ὡς
1070 2253 1312 2319 οἰκεῖον
1370 2254 1567 2334 μέλος
1624 2246 1758 2318 ἀλλ’
1824 2248 1913 2330 ιῦς
1958 2251 2311 2336 ἐπίβουλον
2358 2252 2745 2339 διαῤῥήγνυ-

405 2363 607 2434 σθαι,
666 2352 938 2438 ὕστερον
985 2350 1181 2431 αὐτὸς
1226 2354 1436 2439 ἑαυτῷ
1484 2348 1835 2438 ἀντιλέγων
1882 2348 1997 2419 οὐκ
2042 2352 2389 2437 ἐπιτρέπει
2433 2352 2546 2420 διὰ
2585 2355 2744 2420 ταύ-

402 2484 516 2544 την
560 2456 677 2544 τὴν
723 2455 939 2522 αἰτίαν
986 2455 1280 2522 διασπᾶν
1324 2454 1437 2521 τὸν
1482 2454 1707 2539 γάμον.
1768 2451 1957 2543 ἡμεῖς
2002 2444 2116 2522 οὗν
2145 2457 2397 2540 μᾶλλον
2427 2454 2543 2541 τὴν
2572 2461 2744 2540 προ-

399 2565 593 2644 τέραν
637 2561 753 2623 τοῦ
801 2552 1038 2641 ἀνδρὸς
1081 2556 1338 2642 γνώμην
1384 2558 1852 2623 λυσιτελοῦσαν
1900 2553 2179 2640 ὁρῶντες
2212 2561 2305 2644 τῷ
2335 2564 2480 2643 βίῳ,
2532 2554 2621 2637 ιῦς
2653 2553 2733 2624 δι’

403 2650 493 2725 ὦν
521 2658 1031 2744 παρακελεύεται
1053 2653 1588 2743 ’ἇσφαλιζομένην
1619 2660 1722 2724 καὶ
1757 2657 2397 2743 προανακόπτουσαν
2428 2658 2546 2737 τὰς
2575 2660 2742 2726 κατὰ

401 2764 530 2826 τῶν
575 2759 799 2843 γάμων
846 2758 1231 2842 ἐπιβουλὰς,
1290 2757 1531 2846 ταύτην
1577 2762 1648 2825 δὲ
1693 2758 1822 2843 ἄρα
1866 2761 2345 2826 πολιτεύεσθαι
2390 2757 2589 2843 νόμον
2637 2761 2740 2827 ἕκ-

403 2868 729 2947 φέροντες,
776 2858 888 2947 ἦν’
933 2861 1441 2946 ἑπιτηρεῒσθαι3
1487 2866 1818 2946 φέρουσαν
1864 2862 2277 2946 παλινῳδίαν
2324 2856 2358 2925 ό
2391 2856 2550 2949 ἀνὴρ
2579 2851 2737 2947 ᾖσεν

402 2963 494 3041 εἰς
549 2962 625 3027 τὸ
681 2966 796 3049 τῆς
851 2963 1194 3040 πολιτείας
1242 2958 1421 3048 ἡμῶν
1469 2968 1757 3046 θέατρον
1795 2960 2018 3048 χώραν
2065 2957 2382 3047 εὑρίσκειν
2429 2958 2542 3029 οὐκ
2588 2964 2738 3029 ἔπι-

398 3070 740 3150 τρέπομεν.
834 3065 896 3131 εἴ
945 3090 1047 3142 τις
1092 3054 1205 3130 οὖν
1252 3063 1349 3129 ἔτι
1392 3068 1510 3128 τοῦ
1558 3059 1794 3148 ἀνδρὸς
1839 3063 2220 3147 mommo&
2277 3065 2448 3149 πρὸς
2490 3064 2738 3150 γάμους

399 3166 596 3253 ἑτέρῳ
641 3167 1178 3251 κοινολογουμένη
1228 3159 1498 3252 ὀφθείη,
1547 3161 1656 3231 οἶα
1704 3165 1780 3251 δὴ
1829 3160 1988 3251 αὗτὴ
2038 3164 2282 3250 ἑαυτήν·
2313 3170 2531 3250 μιαρῷ
2571 3190 2738 3250 φρο-

397 3266 635 3352 νήματι
680 3261 1144 3354 ἆπορῤηγνῦσα
1189 3268 1292 3331 καὶ
1339 3270 1417 3354 τῇ
1464 3271 1578 3333 τοῦ
1624 3267 1835 3351 γάμου
1897 3265 2193 3331 διαλύσει
2240 3265 2477 3329 τούτου
2521 3261 2738 3348 ἀποῤ-

397 3368 766 3455 ῥαγήσεται,
814 3370 920 3433 ναὶ
969 3365 1044 3452 δὴ
1091 3370 1194 3432 καὶ
1238 3379 1670 3452 χρηματικαῒς
1711 3364 2257 3453 ὗποβληθήσεται
2290 3376 2579 3445 ποιναῖς,
2630 3363 2737 3445 αἷς

398 3468 725 3550 ἐνέχονται
791 3469 859 3533 αἱ
906 3467 1017 3534 διὰ
1059 3467 1211 3547 τοὺς
1256 3467 1496 3549 ἄλλους
1538 3468 1826 3554 τρόπους
1871 3472 2001 3533 τῶν
2048 3461 2302 3552 ἀνδρῶν
2350 3467 2738 3550 διασπώμε-

398 3595 523 3634 ναι.
611 3565 650 3655 ἡ
709 3568 829 3652 γὰρ
891 3568 1000 3635 διὰ
1052 3573 1166 3657 τῆς
1206 3576 1482 3658 γαμικῆς
1526 3567 1843 3654 ἁρμονίας
1888 3568 1981 3647 εἷς
2022 3574 2183 3653 μίαν
2223 3571 2343 3653 μὲν
2390 3568 2597 3655 σάρκα
2638 3574 2735 3657 τῷ

398 3665 583 3755 ἇνδρὶ
626 3676 1102 3757 χρηματίσασα,
1153 3667 1229 3736 οὗ
1275 3658 1635 3757 στέργουσα
1679 3671 1769 3750 δὲ,
1820 3665 1955 3736 ἀλλ’
1994 3666 2158 3754 ὁμοῦ
2189 3673 2308 3755 μὲν
2341 3670 2407 3736 ἐν
2438 3674 2531 3755 τῷ
2562 3671 2735 3756 πρὸς

397 3773 616 3856 ἕτερον
658 3772 931 3856 βλέπειν
973 3772 1087 3838 τὸν
1134 3771 1635 3858 συναρμόσαντα
1682 3773 1979 3861 πλάστην
2025 3770 2398 3860 ὑβρίζουσα,
2448 3768 2612 3857 όμοῦ
2662 3775 2733 3841 δὲ

393 3877 499 3939 καὶ
544 3876 636 3959 τῷ
683 3874 931 3960 συζύγῳ
978 3873 1217 3958 ἐχθρὸν
1265 3873 1571 3963 φρόνημα
1617 3882 1930 3964 φέρουσα,
1977 3880 2126 3955 πῶς
2161 3870 2236 3941 οὗ
2271 3878 2538 3954 δικαίως
2568 3870 2730 3963 αὐτὴ

398 3975 629 4060 ἑαυτὴν
686 3979 1253 4060 προαποτεμοῦσα
1310 3981 1652 4056 παντελῶς
1694 3982 1809 4065 τῆς
1853 3978 2148 4056 ἑνώσεως
2192 3971 2731 4063 ἆποκοπήσεταις

395 4082 463 4140 τί
501 4075 622 4159 γὰρ
669 4070 748 4141 ἂν
795 4078 891 4143 ἔτι
937 4072 1185 4164 ὀφθείη
1233 4078 1527 4165 ἐχέγγυον
1571 4083 1687 4143 τοῦ
1734 4079 1943 4163 ἐχθρὰ
1974 4089 2244 4167 φρονεῖν
2273 4082 2366 4165 τῷ
2399 4074 2584 4162 ἀνδρὶ
2616 4078 2731 4165 τὴν

530 4312 549 4338 ²
600 4314 883 4379 Conjeclura
933 4317 1181 4379 Stephani.
1254 4317 1400 4365 codd.
1442 4309 1519 4363 ὅν.
1697 4313 2285 4382 3(;υι1ι1.ἐπιτηρεῒιιιι.
2465 4317 2482 4343 ⁴
2531 4321 2730 4382 Seu-img.

394 4393 681 4463 παρόντος.
