2900 4950
281 291 390 334 xxx
1060 251 1064 255 ⁸
1283 286 1641 349 Prologomena.

283 436 384 502 ἔτι
461 435 534 501 δὲ
607 432 1061 521 γηροτροφεῒά
1131 458 1205 501 τε
1278 433 1389 500 καὶ
1468 442 1863 516 νοσοκομεῒα
1926 430 2094 516 μετὰ
2162 430 2274 497 καὶ
2336 432 2454 498 δύο
2521 433 2635 500 καὶ

285 537 443 601 δέκα
484 536 980 621 παρεκκλησιῶν
1025 540 1424 621 συνέστησά,
1486 533 1596 600 καὶ
1640 527 2031 620 ἀναθήμασι
2075 533 2357 612 πολλοῖς
2402 530 2493 614 ὥς
2537 536 2632 603 εἰ·

278 635 392 715 κὸς
422 635 539 722 τὴν
584 636 911 722 ῥηθεῖσαν
952 635 1159 721 μονὴν
1200 639 1316 722 τῆς
1342 636 1686 719 βασιλείας
1714 659 1842 720 μου
1883 634 2389 701 κατεπλούτισα.
2458 631 2629 703 ἀλλὰ

275 735 386 804 καὶ
443 736 611 820 μετὰ
675 739 1150 821 πατριαρχικῆς
1177 760 1185 772 ·
1213 741 1640 821 παρουσίας“
1703 734 1818 802 τὸν
1894 735 2356 820 ἐγκαινιασμὸν
2424 733 2626 827 αὐτῆς

280 837 583 918 ἐδόξασα.

441 938 524 1024 β’.
607 933 789 1005 Ἐπεὶ
849 938 921 1004 δὲ
975 937 1142 1022 μετὰ
1197 936 1313 1004 τὸν
1371 937 1831 1022 ἕγκαινιασμὸν
1886 936 1999 1004 καὶ
2051 935 2169 1023 τὴν
2211 944 2622 1023 καθιέρωσιν

274 1043 393 1107 τοῦ
453 1036 642 1125 ἆγίου
697 1042 857 1106 ναοῦ
914 1038 1025 1105 καὶ
1078 1038 1196 1127 τὴν
1252 1038 1581 1105 ἐπάνοδον
1626 1043 1744 1104 τοῦ
1791 1034 2160 1124 άγιωτάτου
2207 1040 2619 1125 πατριάρχου

274 1145 473 1224 κυροῦ
528 1140 1143 1227 θεοφυλάκνου,
1203 1140 1697 1205 ποθεινοτάτου
1756 1140 1900 1206 υἱοῦ
1944 1144 2059 1228 τῆς
2100 1142 2445 1225 βασιλείας
2488 1164 2618 1225 μου

271 1241 384 1309 καὶ
425 1245 543 1307 τοῦ
587 1244 1029 1324 πνευματικοῦ
1072 1265 1202 1325 μου
1249 1238 1535 1324 πατρὸς,
1600 1239 1678 1305 τὸ
1722 1240 1888 1307 κατὰ
1933 1241 2151 1324 θυμὸν
2195 1241 2621 1329 ἐκπληρῶσαι

273 1337 554 1429 εὗλόγως
591 1344 962 1430 διενοήθην,
1012 1341 1241 1429 ἐπειδὴ
1258 1352 1423 1420 ’ταῖς
1449 1341 1690 1408 τούτου
1721 1349 1963 1409 θεοπει
1975 1348 2165 1409 θέσιν
2197 1337 2416 1424 εὐχαῖς
2446 1343 2618 1429 πρό-

270 1470 462 1529 τριτα
503 1439 834 1529 ὖγιάσθην
877 1441 988 1510 καὶ
1029 1443 1332 1530 κλινήρης
1376 1436 1467 1508 ὢν
1515 1437 1834 1528 ἀνέλαβον
1880 1442 2190 1527 ἐμαυτὸν,
2240 1441 2276 1507 ὃ
2321 1443 2457 1529 πρὸ
2501 1471 2616 1528 μι-

269 1548 427 1630 κροῦ
471 1542 586 1610 τὸν
632 1540 841 1631 οὐδὸν,
876 1543 1117 1629 ἐπιβὰς
1157 1547 1277 1610 τοῦ
1321 1539 1487 1631 ᾅδου
1534 1545 1957 1629 διεκρίνατο52
1999 1548 2342 1630 ποιητέον,
2393 1544 2615 1634 εἰσῆλ-

268 1652 402 1713 θον
468 1644 637 1730 μετά
704 1671 903 1711 τινων
955 1647 1071 1731 τῆς
1129 1645 1485 1734 συγκλήτου
1541 1644 1608 1712 ἐν
1663 1636 1788 1731 tq?
1823 1646 2429 1733 θησαυροφυλακίῳ
2495 1651 2615 1735 τῆς

268 1750 587 1833 κραταιᾶς
639 1771 769 1830 μου
822 1747 1165 1831 βασιλείας
1221 1746 1334 1813 καὶ
1388 1748 1521 1813 ’τῶν
1577 1754 1815 1829 τιμίων
1859 1746 2066 1825 ξύλων
2110 1749 2228 1813 τοῦ
2275 1747 2612 1827 ζωοποιοῦ

270 1851 554 1933 σταύροῦ
596 1848 675 1914 τὸ
717 1853 1026 1932 μέγιστον
1070 1847 1340 1914 πάντων
1383 1848 1494 1915 καὶ
1536 1848 1885 1932 θαύματος
1930 1846 2114 1927 ἄξιον
2161 1844 2365 1933 εὗριὺν
2395 1856 2615 1937 (φέρει

268 1948 381 2016 καὶ
420 1948 543 2034 γὰρ
590 1949 792 2015 εἰσέτι
835 1948 902 2016 ἐν
946 1949 1157 2036 ἑαυτῷ
1200 1949 1284 2015 τὰ
1326 1954 1443 2016 τοῦ
1478 1952 1873 2016 δεσποτικοῦ
1905 1949 2176 2026 πάθους
2202 1950 2608 2037 μνημόσυνα,

266 2057 427 2134 μίαν
470 2054 604 2116 τῶν
646 2038 822 2137 ἥλων
870 2045 1059 2137 ὀπὴν,
1107 2045 1220 2137 ἀφ’
1270 2041 1361 2118 ῶν
1403 2047 1442 2139 ἡ
1475 2056 1852 2136 τεθεωμένη
1886 2049 2052 2133 σὰρξ
2076 2054 2194 2115 τοῦ
2226 2059 2450 2136 κυρίου
2479 2078 2610 2137 μου

266 2150 638 2236 περιεπάρη
684 2150 795 2217 καὶ
837 2149 914 2217 τὸ
958 2152 1332 2237 καθάρσιον
1375 2156 1509 2218 τῶν
1555 2148 1894 2235 ἁμαρτιῶν
1937 2147 2122 2236 ἡμῶν
2168 2150 2610 2240 ἕδωρήσατο”

264 2249 416 2338 ἤτοι
468 2247 506 2338 ἡ
563 2251 753 2339 λιβὰς
808 2256 925 2318 τοῦ
981 2261 1311 2339 παναγίου
1366 2254 1781 2339 κατεκενώθη
1838 2251 2170 2335 αἵματος),
2238 2249 2418 2336 ὕψος
2461 2256 2607 2338 ἕχον

263 2352 432 2438 μετὰ
474 2356 606 2420 τῶν
651 2354 1006 2439 ἐγκαρσίων
1051 2355 1162 2421 καὶ
1203 2359 1320 2421 τοῦ
1369 2357 1553 2422 ἱστοῦ
1600 2352 1760 2421 ὡσεὶ
1804 2350 1949 2431 ἑνὸς
1992 2352 2251 2438 πήχεως
2293 2356 2402 2421 καὶ
2445 2362 2609 2439 μιᾶς

266 2457 657 2542 παλαιστῆς,
707 2454 960 2535 πλάτος
1005 2456 1077 2524 δὲ
1122 2453 1281 2526 ῶσεὶ
1327 2457 1443 2525 δύο
1491 2454 1822 2524 δακτύλων
1866 2453 1977 2521 καὶ
2017 2454 2238 2539 βάθος
2270 2453 2429 2524 ὡσεὶ
2458 2457 2606 2539 ἑνὸς

266 2556 603 2636 δακτύλου,
653 2553 844 2645 ὁλκὴν
874 2558 1045 2625 δὲτὸ
1090 2563 1226 2626 πᾶν
1271 2556 1471 2625 αὐτοῦ
1519 2555 1679 2626 ὡσεὶ
1710 2556 1999 2641 δραχμὰς
2029 2557 2291 2624 ἑκατόν·
2336 2558 2447 2626 καὶ
2477 2555 2606 2627 ἀνὰ

260 2670 485 2743 χεῖρας
529 2658 747 2743 λαβὼν
790 2664 1023 2728 τοῦτον
1066 2661 1181 2726 τὸν
1226 2657 1414 2745 ἅγιον
1450 2658 1811 2747 θησαυρὸν,
1859 2657 1975 2746 τὴν
2007 2659 2283 2747 φρικτὴν
2313 2668 2603 2748 σημαίαν

263 2765 380 2827 τοῦ
428 2761 822 2844 ἐπουρανίου
877 2763 1231 2845 βασιλέως,
1290 2762 1367 2827 τὸ
1414 2762 1481 2828 ἐν
1527 2757 1781 2846 οὐρανῷ
1829 2760 2284 2847 φανησόμενον
2329 2773 2602 2849 σημεῖον

262 2866 380 2929 τοῦ
425 2862 570 2927 υἱοῦ
615 2865 731 2927 τοῦ
778 2856 1144 2947 ἀνθρώπου
1188 2867 1305 2929 τοῦ
1349 2865 1705 2948 μέλλοντος
1751 2862 2064 2946 ἔρχεσθαι
2109 2874 2325 2948 κρῖναι
2355 2853 2606 2945 ζῶντας

262 2963 375 3032 καὶ
428 2964 723 3046 νεκρούς·
781 2967 973 3029 τοῦτο
1030 2964 1107 3052 δὴ
1168 2965 1290 3044 (τὸ)
1346 2963 1704 3031 θειότατον
1767 2961 2043 3050 ὄργανον
2096 2968 2213 3052 τῆς
2270 2972 2599 3050 σωτηρίας

260 3061 445 3152 ἡμῶν
491 3060 780 3149 εὐλαβῶς
824 3064 1123 3154 ἐπέθηκα
1165 3078 1314 3145 ταῖς
1356 3069 1473 3131 τοῦ
1519 3062 1888 3133 ὃσιωτάτου
1934 3066 2098 3132 παύ
2118 3067 2256 3130 λου
2300 3070 2418 3131 τοῦ
2464 3069 2598 3153 ξη-

192 3185 198 3191 ’
262 3170 853 3253 ροποταμηνοῦ
913 3163 1147 3253 ἁγίαις·
1182 3167 1434 3252 χερσὶν,
1499 3165 1688 3247 ὅπως
1746 3170 1845 3253 εἰἠ
1893 3168 2016 3244 ἕως
2069 3162 2316 3250 ἀνέλθῃ
2376 3165 2598 3248 κύριος

260 3261 700 3355 ἀναφαίρετον
744 3265 1060 3356 ἀνάθημα
1103 3273 1182 3356 τῇ
1227 3271 1508 3356 ῥηθείσῃ
1556 3268 2058 3353 σεβασμιωτάτῃ
2102 3268 2271 3349 μονῇ
2316 3268 2431 3350 τῆς
2470 3272 2595 3348 βα-

259 3370 509 3447 σιλείας
549 3393 697 3452 μου,
745 3369 1220 3457 ἐφοδιάσαντες
1264 3365 1425 3435 αὐτὸ
1469 3369 1638 3452 μετὰ
1681 3367 2211 3450 ἐκκλησιαστικῆς
2253 3365 2364 3429 καὶ
2394 3389 2596 3452 στρα-

256 3474 561 3557 τιωτικῆς
616 3476 1060 3558 προπομπῆς,
1129 3471 1240 3537 ἵνα
1296 3465 1701 3538 άποθέσωσι
1740 3470 1938 3531 τοῦτο
1984 3465 2051 3531 ἐν
2093 3468 2187 3550 τῷ
2231 3470 2347 3553 τῆς
2387 3473 2599 3556 μονῆς,

255 3565 421 3657 ἁγίῳ
462 3571 707 3657 βήματι
751 3572 922 3657 πρὸς
969 3569 1291 3657 άγιασμὸν
1334 3568 1446 3636 καὶ
1490 3566 1844 3654 στηριγμὸν
1887 3570 2004 3652 τῆς
2046 3561 2593 3658 αὐτοκρατορικῆς

253 3669 437 3758 ἡμῶν
478 3679 700 3761 μονῆς.
792 3668 929 3740 ἀλλ’
979 3672 1209 3757 ἐπειδὴ
1254 3670 1493 3736 τούτου
1533 3668 1723 3754 χάριν
1770 3669 2006 3746 ἱκανῶς
2049 3664 2092 3755 ἤ
2133 3695 2206 3735 τε
2236 3669 2592 3757 σύγκλητος

252 3774 360 3840 καὶ
406 3772 587 3842 ἅπαν
631 3775 708 3841 τὸ
755 3775 1073 3861 δημόσιον
1121 3774 1336 3839 ἐδέετο
1380 3770 1620 3854 ταύτης
1661 3768 1750 3857 μὴ
1797 3764 2151 3852 ἀποτυχεῖν
2180 3774 2297 3857 τῆς
2322 3774 2591 3858 χάριτος

251 3879 367 3963 τῆς
410 3873 737 3962 οὐρανίου,
787 3874 1110 3958 ἐδιόρισεν
1153 3869 1192 3958 ἥ
1236 3872 1545 3956 βασιλεία
1586 3895 1733 3954 μου,
1782 3871 1892 3938 ἵνα
1935 3870 2102 3938 κατὰ
2145 3876 2369 3939 πᾶσαν
2413 3898 2591 3957 τριεκ

251 3983 398 4045 τίαν
442 3975 982 4046 ἀποστέλλωνται
1026 3971 1212 4057 παρὰ
1251 3974 1372 4057 μὲν
1414 3976 1532 4058 τῆς
1574 3977 1887 4057 κραταιᾶς
1912 3975 2256 4058 βασιλείας
2283 3978 2417 4041 τῶν
2446 3977 2590 4060 ῥω-

249 4078 677 4172 μαίωνβύο
725 4072 1187 4160 σεκρετάριοι“
1229 4073 1540 4158 μυστικοὶ
1579 4072 1747 4159 μετὰ
1778 4072 1892 4141 καὶ
1919 4073 2065 4153 ἑνὸς
2094 4075 2584 4162 ἑκατοντάρχου,

381 4315 418 4343 ‘¹
455 4316 651 4365 Mfiller:
690 4310 1046 4381 παρῤουσίας.
1186 4312 1229 4342 ⁸²
1265 4315 1537 4377 Legendum
1571 4315 1756 4365 videtur
1791 4309 2049 4379 διέκρινα.
2174 4311 2213 4339 ⁵⁸
2250 4316 2417 4364 Forte:
2456 4307 2587 4362 ἐδω-

252 4395 413 4464 ρήθη.
557 4394 599 4423 ⁸⁴
637 4399 688 4447 Ιιι
725 4400 999 4464 apographo
1039 4400 1344 4464 Grigorovicii
1380 4410 1512 4451 erat:
1541 4395 1923 4465 σεκρεποίριοι,
1963 4398 2093 4463 quod
2119 4398 2383 4448 emendavit
2405 4398 2587 4449 Mtssler.
