2900 4950
650 270 800 334 impp.
841 269 1057 333 Romani,
1095 271 1412 332 Constantini,
1456 270 1687 334 Stephani
1725 278 1773 320 et
1810 271 2125 322 Constantini.
2435 260 2562 324 249

200 420 325 505 ρᾶς
380 412 472 496 ὥς
522 415 614 504 μὴ
660 417 894 505 ικοινὴν
947 421 1116 484 καὶπ
1159 423 1626 505 συμφέρουσαν
1669 420 1778 486 καὶ
1826 404 2181 506 σύμφωνον
2225 420 2344 508 τὴν
2386 448 2562 508 πρα·

201 524 538 606 γματείαν,
588 513 665 585 ού
711 521 1046 604 λογισμῶν
1086 517 1292 604 μόνον
1334 518 1679 607 προλήψει
1721 516 1890 587 ἀλλὰ
1931 521 2054 607 γὰρ
2099 523 2205 587 καὶ
2255 523 2563 609 πραγμά-

202 646 338 689 των
395 615 797 707 ἀκολουθίᾳ,
856 621 924 687 ἐν
984 623 1266 700 πολλοῖς
1322 616 1646 708 ὁσημέραι
1699 617 2253 711 ὖποτυπουμένης
2314 648 2388 691 τε
2451 627 2559 691 καὶ

204 720 749 809 τρανολογούσης.
811 718 913 801 οἷς
956 723 1161 789 πλέον
1201 722 1388 811 ἐχρῆν
1432 719 2046 808 ἀνασκοπουμένοις
2087 724 2170 791 τὰ
2219 728 2336 812 τῆς
2367 730 2564 805 θείας

206 822 381 909 πρὸς
424 818 665 901 αὐτοὺς
710 818 1047 909 εὐμενείας
1088 823 1261 909 πρὸς
1303 823 1381 890 τὸ
1428 820 1767 910 ὃμόχωρον
1797 820 2316 912 εύνοϊκιότερονἩ
2350 825 2565 893 διατί-

206 931 503 1005 θεσθαι,
562 926 670 992 καὶ
727 923 806 991 τὸ
851 923 1095 1011 ἄδηλον
1139 928 1258 1013 τῆς
1299 926 1495 1013 τύχης
1536 922 2133 1013 ὑπολογιζομένους
2174 931 2280 994 καὶ
2326 928 2405 995 τὸ
2448 931 2565 1015 τῆς

208 1033 488 1113 κρίσεως
543 1027 838 1115 ἄφυκτον
893 1024 981 1113 μὴ
1030 1022 1350 1113 ἅρπαγμα
1395 1034 1726 1095 τίθεσθαι
1768 1027 1916 1107 τὰς»
1931 1032 2065 1095 τῶν
2109 1029 2397 1117 πλησίον
2439 1045 2563 1096 πε·

213 1135 546 1214 ριουσίας,
604 1129 795 1213 εἴπερ
838 1126 927 1215 μὴ
969 1127 1320 1214 βούλοιντο
1365 1131 1474 1196 καὶ
1521 1125 1708 1196 αὐτοὶ
1751 1133 1847 1217 τῷ
1893 1137 2304 1218 προκειμένῳ
2353 1131 2559 1198 δικαι-

213 1231 471 1296 οῦσθαι
508 1236 794 1314 κρίματι.

389 1329 466 1396 δ’.
560 1338 623 1395 Τ
619 1329 789 1408 οὺςΙηι
845 1332 918 1397 δὲ
974 1329 1110 1416 πρὸ
1164 1333 1300 1397 τῶν
1346 1326 1729 1416 ὡρισμένων
1772 1332 2022 1416 χρόνων
2069 1332 2136 1398 ἐν
2180 1337 2568 1414 κατασχέσει

211 1430 539 1498 τοιούτων
582 1430 923 1518 κτημάτων
965 1431 1354 1517 γεγονότας,’
1380 1433 1570 1518 ε’ίπερ
1617 1433 1728 1499 ἐπὶ
1786 1438 1905 1520 τῆς
1961 1432 2160 1521 αὐτῆς
2212 1434 2568 1517 ἐνορῶνται

213 1538 530 1619 μένοντες
569 1533 1048 1614 καταστάσεως,
1092 1539 1311 1617 μένειν
1354 1537 1465 1601 καὶ
1506 1529 1743 1615 αὖτοὺς
1772 1539 2244 1622 συγχωροῦμεν,
2291 1538 2406 1623 τῆς
2447 1537 2566 1601 τοῦ

215 1636 567 1721 πλησίονῗ9
619 1634 904 1723 κτήσεως
949 1635 1187 1721 ἐπίσης
1227 1641 1371 1713 τοῖς
1414 1633 1643 1715 ἄλλοις
1685 1637 1801 1724 τὴν
1843 1637 2126 1704 κώλυσιν
2165 1637 2567 1724 ἐπιφερομέ-

218 1760 389 1816 νους.
480 1736 541 1803 εἰ
598 1737 670 1803 δὲ
725 1743 1034 1824 φορτικοὶ
1087 1762 1261 1816 τινες
1314 1741 1422 1804 καὶ
1486 1738 1811 1821 ἐπαχθεῖς
1866 1737 2038 1824 πρὸς
2079 1738 2235 1817 τοὺς
2279 1740 2566 1825 πλησίον

220 1838 733 1917 διαδείκνυνται,
790 1844 1062 1924 βαρείας
1117 1863 1302 1917 τινας
1357 1833 1400 1925 ἢ
1457 1851 1745 1922 συνεχεῖς
1801 1842 2272 1925 προξενοῦντες
2314 1841 2570 1925 βλάβας

219 1945 364 2018 τοῖς
404 1946 701 2038 πένησιν,
747 1939 1165 2019 ἐξωθεῖσθαι
1205 1939 1482 2019 τούτους
1525 1947 1629 2007 καὶ
1665 1937 2186 2019 ἀπελαύνεσθαι,
2239 1948 2568 2024 μίσθωμα

218 2044 338 2128 τῆς
386 2030 680 2129 χαλεπῆς
730 2043 838 2107 καὶ
897 2035 1239 2129 ἀπλήστου
1295 2047 1751 2128 προαιρέσεως
1810 2042 1929 2130 τὴν
1980 2047 2113 2109 τῶν
2158 2043 2416 2109 οἰκείων
2464 2041 2568 2109 έκ-

222 2164 487 2209 πτωσιν
533 2130 1148 2226 ἀπολαμβάνοντας.

395 2243 465 2311 ε’.
548 2239 681 2308 ‘H²³⁰
734 2245 807 2310 δὲ
861 2246 1048 2310 τιι“ῑν”’ι
1099 2243 1487 2331 τιμημάτων
1543 2240 1857 2324 ἀνάδοσις
1912 2241 2219 2330 ἀνωτέρω
2266 2243 2566 2332 εἰρημένη

225 2345 700 2431 ἔμμελεστέρας
764 2339 1037 2433 δεομένη
1099 2348 1207 2412 καὶ
1274 2347 1680 2431 λεπτοτέρας
1742 2346 2097 2435 ζητήσεως,
2169 2341 2246 2413 οὗ
2314 2346 2571 2435 φαύλης

223 2449 336 2515 καὶ
380 2442 730 2534 ἀλογίστου
776 2447 957 2531 ἔτυχε
1002 2449 1406 2534 διακρίσεως.
1470 2447 1827 2536 ἐλευθέρας
1866 2450 1989 2537 γὰρ
2033 2449 2145 2517 καὶ
2191 2444 2513 2536 ἀβιάστου
2526 2452 2573 2484 ⁸²

227 2552 775 2638 συντελεσθείσης
815 2553 933 2636 τῆς
972 2549 1286 2635 πράσεως
1326 2554 1433 2617 καὶ
1481 2552 1740 2632 δικαίας
1784 2552 2186 2641 ένορωμένης
2226 2555 2344 2639 τῆς
2371 2577 2572 2617 κατα*

224 2653 431 2740 βολῆς
470 2655 588 2718 τοῦ
630 2650 1013 2739 τιμήματος,
1063 2653 1332 2732 δικαίως
1373 2655 1481 2721 καὶ
1531 2649 1567 2718 ὅ
1610 2657 1728 2743 τῆς
1772 2649 2194 2742 ἀναστροφῆς
2226 2652 2574 2741 φυλαχθή-

229 2776 421 2823 σεται
462 2753 654 2840 λόγος
694 2757 896 2841 μικρᾷ
938 2779 1073 2820 τινι
1114 2753 1502 2842 παρενθήκη
1547 2761 2016 2841 θεσπίσματος
2059 2756 2137 2822 τὸ
2178 2758 2296 2843 τῆς
2338 2761 2573 2834 πενίας
2682 2827 2690 2837 ‚

230 2854 494 2942 ἄπορον
521 2850 990 2938 ἀνακτώμενος,
1027 2856 1167 2920 τὸ83
1195 2856 1504 2942 παρευθὺ
1533 2859 1653 2941 μὲν
1681 2857 1798 2945 τὴν
1828 2861 1960 2925 τῶν
1988 2856 2217 2924 τόπων
2253 2851 2574 2942 ἀναστρο-

231 2955 364 3045 φὴν
407 2959 519 3024 καὶ
561 2953 891 3024 ἀπόδοσιν
932 2962 1246 3042 γίνεσθαι
1286 2959 1459 3044 πρὸς
1510 2957 1665 3038 τοὺς
1708 2959 2136 3044 πεπρακότας
2178 2951 2221 3045 ἢ
2261 2958 2575 3046 κληρονό-

233 3083 403 3144 μους
445 3053 661 3126 αὖτῶν
704 3054 748 3147 ἢ
791 3069 1136 3144 συγγενεῖς,
1183 3058 1432 3126 τούτων
1481 3060 1551 3127 δὲ
1556 3060 1680 3180 sn}
1729 3084 1937 3127 οντων
1968 3057 2139 3145 πρὸς
2167 3057 2321 3137 τοὺς
2352 3083 2578 3127 συντε-

233 3159 502 3239 λεστάς·
545 3160 653 3228 καὶ
688 3156 989 3246 εὐπόρων
1017 3160 1192 3246 μὲν’
1170 3157 1376 3228 όντων
1409 3155 1644 3241 αὐτῶν,
1694 3157 2219 3228 ἀνταποδιδόναι
2249 3159 2328 3225 τὸ
2360 3155 2496 3239 «ᾆξ’
2460 3185 2572 3244 αρ-

229 3266 349 3349 χῆς
389 3264 806 3351 καταβληθὲν
849 3269 1119 3350 τίμημα,
1168 3257 1601 3347 ἀπορούντων
1647 3263 1719 3329 δὲ
1762 3261 1935 3347 πρὸς
1976 3260 2054 3328 τὸ
2081 3259 2241 3345 ταχὺ
2270 3263 2387 3348 τῆς
2417 3255 2577 3327 ἀνα-

235 3364 487 3444 δόσεως
547 3364 637 3452 μὴ
701 3365 1386 3455 προσεκβιάζεσθαιθζ
1465 3359 1555 3443 ὦς
1624 3362 1713 3453 μή
1789 3369 2277 3452 φορτικωτέραν
2350 3356 2578 3440 αὐτοῖς

239 3462 544 3555 ὀφθῆναι
603 3469 712 3533 καὶ
778 3468 1309 3553 δυσαχθεστέραν
1372 3469 1488 3553 τῆς
1552 3465 1725 3552 πρὸς
1787 3465 1870 3532 τὸ
1929 3467 2169 3553 μέλλον
2226 3465 2576 3549 ἐλπιζομέ-

238 3594 351 3657 νης
419 3566 747 3656 ὠφελείας
812 3571 919 3635 καὶ
988 3563 1416 3658 &aquai-staff
1478 3567 1596 3657 τὴν
1652 3572 1765 3637 νῦν
1822 3567 2384 3656 ἐπιβαρυνομένην
2441 3567 2581 3635 εἴσ-

373 3805 415 3835 ⁷⁸
448 3808 643 3859 Lenncl.
679 3805 833 3867 κοινῆ
871 3818 1046 3875 συμφ.
1165 3807 1202 3834 ⁷¹¹
1237 3809 1389 3859 Verba
1424 3799 1893 3872 εὔνοῖκῶτερον-
1916 3799 2184 3873 ἅρπαγμα
2219 3806 2348 3869 apud
2384 3805 2579 3855 Leunoi.

240 3893 534 3944 exciderunt.
606 3893 847 3943 Librarius
883 3908 908 3942 a
947 3887 1302 3942 διατίθεσθαι
1337 3893 1397 3943 ad
1432 3887 1694 3940 τίθεσθαι
1727 3893 2037 3941 aberraverat.
2187 3887 2228 3916 ⁷⁸
2263 3890 2399 3952 Apud
2434 3889 2579 3940 Labb.

241 3978 290 4028 in
324 3980 537 4041 margine
575 3986 676 4029 est:
716 3971 773 4028 ε’.
813 3973 939 4046 περὶ
971 3976 1086 4026 τῶν
1118 3971 1226 4044 πρὸ
1252 3975 1349 4038 τῆς
1369 3971 1592 4045 πρώτης
1617 3969 1956 4027 ὶνδικτιαῖνος
1972 3967 2365 4039 κατασχόντων
2395 3968 2575 4021 zama.

240 4060 282 4089 ⁷⁹
313 4063 437 4127 Epic.
475 4062 575 4112 τοῦ
608 4059 872 4117 πλείονος.
947 4063 1050 4113 Non
1089 4062 1227 4112 male.
1410 4060 1453 4087 ⁰⁰
1491 4061 1628 4124 Apud
1665 4059 1808 4109 Labb.
1845 4058 2017 4120 legitur
2051 4059 2242 4108 rubrica
2276 4058 2578 4121 marginalis:

240 4143 307 4206 ς’.
344 4144 471 4215 περὶ
506 4149 605 4197 τοῦ
641 4143 948 4217 τιμήματος
982 4147 1093 4196 τῶν
1116 4140 1503 4207 ἐξωνηθέντων
1524 4135 1633 4192 ἀπὸ
1657 4136 1878 4210 πρώτης
1902 4135 2255 4197 ἷνδωιτιῶνος.
2362 4140 2400 4169 ⁸¹
2439 4144 2581 4193 Labb.

239 4228 367 4299 περὶ
401 4231 531 4282 ταῖν.
692 4232 739 4261 ⁸²
772 4233 967 4285 Leuncl.
1003 4233 1098 4296 „aL
1136 4223 1571 4280 ἄστασιάστου“.
1649 4229 1718 4279 Ita
1754 4229 1857 4279 scil.
1895 4236 1969 4277 est
2004 4228 2052 4277 in
2088 4227 2213 4292 Epit.
2382 4224 2423 4255 ⁸³
2459 4228 2581 4292 Epit.

242 4314 339 4380 τῷ.
412 4319 518 4368 Non
556 4320 695 4369 male.
902 4316 946 4345 ⁸⁴
995 4316 1190 4367 Leuncl.
1222 4308 1674 4383 προσβιάζεσθαι.
1886 4309 1928 4340 ⁰⁵
1964 4313 2115 4363 Verba
2148 4307 2241 4363 καὶ
2276 4305 2414 4380 ἇσφ.
2456 4313 2583 4378 apud

238 4402 438 4453 Leunoi.
475 4403 665 4454 desum.
