2900 4950
354 233 469 294 132
1105 253 1115 262 ·
1148 247 1263 296 eon.
1302 249 1342 297 n
1432 247 1544 295 Nov.
1583 246 1694 296 xm.
1735 247 1864 295 xm.

348 395 519 480 πρὸς
571 394 686 480 τὴν
742 395 995 460 τελείαν
1050 390 1233 481 ἡμῶν
1288 397 1403 481 τῆς
1461 395 1628 479 ζωῆς
1670 390 1915 480 ἡμέραν
1962 389 2514 477 ἀποβλεπόντων,
2573 417 2694 478 της

348 496 655 582 τοιαύτης
696 493 1132 581 βεβαιώσεως.
1225 489 1302 560 οὗ
1345 494 1468 579 γάρ
1517 495 1659 561 ἐστι
1703 493 2260 578 περιλειπόμενος
2301 492 2572 579 τρόπος,
2622 492 2699 572 ὃς

351 592 577 682 ὀρθῶς
619 592 852 675 αὐταῖς
896 596 1253 683 διαιτήσει,
1304 597 1362 662 εἰ
1403 595 1491 683 μὴ
1537 596 1615 662 τὸ
1660 595 1727 662 ἐκ
1768 600 1901 661 τῶν
1943 595 2291 682 μαρτύρων
2335 595 2700 678 πρόσεστιν

351 693 663 786 ἀσφαλές.
756 698 891 764 ἔδει
936 688 1067 778 οὖν,
1117 694 1274 763 ὅσον
1321 693 1673 782 ἀναγκαῖον
1718 696 2017 782 τυγχάνει
2057 705 2331 784 βεβαίας
2379 692 2550 764 εἶναι
2577 696 2700 774 τὰς

351 796 522 867 ὑπὸ*
577 803 709 866 τῶν
768 799 836 866 ἐκ
889 803 1007 865 τοῦ
1066 799 1172 883 ζῆν
1219 793 1559 865 ἀπιόντων
1607 795 1989 884 ἀνθρώπιον
2035 801 2701 885 πραγματευομέναςῦ

353 901 817 980 διατυπώσεις,
864 905 1182 966 τοσοῦτον
1227 895 1429 978 αὐτὰς
1476 895 1995 987 ἀσφαλίσασθαι
2027 899 2140 967 διὰ
2167 903 2284 987 τῆς
2312 906 2695 985 μαρτυρίας.

354 997 489 1068 ἀλλ’
541 1003 687 1069 ἐπεὶ
747 998 999 1087 ὁρῶμεν
1056 1002 1376 1081 πολλάκις
1432 998 1568 1067 ὑπὸ
1625 1008 1740 1088 τῆς
1786 1000 2075 1088 ἀπορίας
2116 1006 2233 1087 τῆς
2275 999 2352 1088 ἣν
2402 1001 2700 1086 ἐπιζητεῖ

355 1097 688 1189 ἀκριβείας
742 1102 824 1170 τὰ
880 1103 1237 1189 πράγματα
1289 1103 1461 1188 πρὸς
1503 1103 1619 1189 τὴν
1666 1103 2082 1191 ἐνδεχομένην
2124 1102 2528 1169 κατάστασιν
2570 1101 2701 1188 μὴ“ς

352 1205 810 1287 καθιστάμενα
874 1203 984 1290 (μὴ
1040 1204 1159 1289 γὰρ
1217 1205 1550 1287 παρόντος
1601 1210 1896 1292 χρῆσθαι
1939 1210 2017 1293 τῇ
2065 1199 2394 1291 ἀκριβείᾳ,
2454 1198 2695 1290 ἀνάγκη

348 1310 644 1393 χρῆσθαι
685 1305 916 1384 καθώς
957 1304 1037 1373 ἄν
1066 1332 1168 1384 τις
1199 1304 1485 1390 εὔπορος
1512 1298 1596 1393 ᾗ),
1646 1303 1760 1373 οὐκ
1793 1308 1915 1386 ἔξω
1947 1315 2267 1392 προνοίας
2297 1304 2452 1391 ἡμῖν
2487 1305 2694 1392 ἐφάνη

350 1410 460 1474 καὶ
517 1410 672 1491 περὶ
724 1411 841 1473 τοῦ
888 1402 1181 1490 ἀριθμοῦ
1227 1412 1359 1472 τῶν
1403 1420 1552 1486 ταῖς
1597 1409 1953 1495 διαθήκαις
2000 1404 2402 1495 ὀφειλόντων
2445 1405 2695 1492 μαρτύ-

354 1535 486 1594 ρων
542 1519 857 1592 παρεῖναι
913 1511 1368 1593 διορίσασθαι.
1458 1514 1655 1574 τοῦτο
1712 1513 1831 1592 μὲν
1877 1500 1992 1576 οὖν
2039 1510 2133 1589 εἰς
2177 1513 2328 1576 νοῦν
2372 1498 2544 1595 ἦλθε
2587 1510 2694 1573 καὶ

353 1614 448 1695 τῷ
495 1607 864 1695 ἀειμνήστω
912 1606 1091 1695 ἡμῶν
1136 1614 1340 1694 πατρὶ
1387 1612 1759 1697 διαιτῆσαι,
1823 1611 1991 1699 πλὴν
2039 1612 2244 1679 ἔοικεν
2290 1606 2366 1676 οὗ
2412 1610 2586 1675 πάνυ
2631 1612 2694 1675 τὶ

356 1706 641 1796 ἀκριβῶς
697 1711 862 1792 ἔχειν
916 1710 992 1776 τὸ
1050 1712 1445 1796 διορισθένἾ.
1536 1717 1667 1778 τῶν
1710 1711 1830 1797 γὰρ
1875 1712 2010 1797 πρὸ
2065 1709 2265 1779 αὐτοῦ
2313 1713 2697 1795 νομοθετῶν

359 1801 438 1878 οὗ
490 1813 611 1896 μὲν
668 1813 842 1880 ἑπτὰ
885 1816 1536 1898 παραλαμβάνεσθαι
1579 1817 1914 1898 μάρτυρας
1959 1805 2035 1880 οὗ
2082 1817 2153 1881 δὲ
2197 1820 2395 1880 πέντε
2437 1812 2698 1899 γνώμην

356 1912 822 2000 ἐξενηνοχότων
880 1914 1078 1988 (ἑπτὰ
1131 1918 1249 1998 μὲν
1306 1915 1372 1981 ἓν
1416 1916 1694 1983 πόλεσιν
1742 1914 1818 1994 ἃς
1863 1915 2034 1994 εἰκὸς
2078 1916 2699 2000 πολυανδρουμένας

353 2015 442 2100 μὴ
500 2011 788 2100 ἀπορίαν
847 2017 1065 2099 ἕχεινθ,
1126 2023 1322 2083 πέντε
1379 2020 1449 2084 δὲ
1509 2016 1574 2083 ἐν
1641 2029 1784 2095 τοῖς
1840 2012 2065 2103 ἀγροῖς
2120 2019 2226 2083 καὶ
2275 2012 2699 2100 ὁδοιπορίαις

356 2114 469 2182 διὰ
522 2115 638 2202 τὴν
696 2117 1016 2197 πολλάκις
1072 2119 1469 2205 φθάνουσαν
1525 2124 1656 2185 τῶν
1715 2120 1807 2197 εἷς
1865 2118 2093 2185 πίστιν
2138 2115 2340 2197 ἀξίων
2387 2141 2696 2201 περιτυγ-

351 2217 683 2299 χανόντων
730 2215 1120 2307 ὀλιγότητα),
1167 2221 1416 2288 τούτων
1463 2219 1673 2299 οὕτως
1718 2216 1859 2288 ἐ·π’9
1904 2218 2163 2288 ἐκείνων
2195 2221 2691 2304 διακριθέντων,

354 2320 461 2384 καὶ
511 2314 547 2384 ὁ
588 2316 902 2407 ἡμέτερος
946 2322 1163 2409 πατὴρ
1221 2323 1334 2388 τὸν
1379 2319 1781 2408 ὑπερέχοντα
1828 2318 2119 2407 ἀριθμόν
2164 2321 2469 2407 παριδὼν
2515 2321 2581 2388 ἓν
2623 2346 2697 2387 τε

354 2419 633 2487 πόλεσιν
690 2418 937 2506 ὁμοίως
990 2427 1095 2490 καὶ
1153 2419 1378 2511 ἀγροῖς
1434 2428 1540 2492 καὶ
1599 2421 2021 2510 ὁδοιπορίαις
2065 2418 2381 2509 ἀπένειμε
2422 2420 2538 2511 τὴν
2584 2421 2697 2489 διὰ

356 2527 555 2588 πέντε
594 2524 941 2609 μαρτύρων
986 2538 1133 2604 ταῖς
1178 2526 1534 2612 διαθήκαις
1577 2526 1956 2613 βεβαίωσιν,
2006 2526 2176 2612 πρὸς
2207 2526 2324 2613 τὴν
2355 2528 2467 2590 νῦν
2496 2551 2695 2615 κατα-

356 2627 639 2705 σχοῦσαν
694 2626 809 2691 τὸν
863 2625 1011 2710 βίον
1072 2629 1322 2695 ἔνδειαν
1378 2634 1494 2716 τῆς
1539 2624 1769 2715 ἀρετῆς
1786 2634 1825 2663 ¹⁰
1869 2625 1958 2706 ὥς
2002 2624 2152 2694 ἐιιοί
2192 2652 2264 2711 γε
2309 2627 2487 2693 δοκεῖ
2532 2622 2696 2692 ἀπι-

357 2723 507 2789 δών.
603 2722 811 2808 ὅμως,
873 2726 1038 2813 ὅπερ
1099 2731 1382 2818 εἴρηται,
1446 2726 1521 2796 οὗ
1569 2730 1744 2797 πάνυ
1790 2754 1891 2808 τις
1937 2724 2234 2814 ἀκρίβεια
2276 2732 2369 2815 τῷ
2417 2727 2695 2812 δόγματι

356 2824 696 2909 πρόσεστι.
784 2829 963 2913 τάχα,
1001 2832 1123 2916 γάρ
1180 2857 1282 2910 τις
1339 2833 1501 2916 ἐρεῖ,
1564 2828 1652 2910 ὥς
1709 2825 1824 2897 οὒκ
1878 2832 2027 2897 ’ίσον
2087 2828 2272 2917 ἓχρῆν
2330 2825 2694 2912 ἀπονεῖμαι

354 2926 469 2994 τὸν
526 2923 846 3016 ἀριθμὸν,
908 2928 1044 2999 ἀλλ’
1096 2934 1188 3012 εἰς
1243 2934 1319 3000 τὸ
1374 2934 1769 3020 βραχύτερον
1813 2935 2154 3000 συστεῖλαι
2196 2931 2311 3018 τὴν
2358 2932 2423 2998 ἐν
2467 2927 2693 3017 ἀγροῖς

355 3030 461 3094 καὶ
508 3025 930 3118 ὁδοιπορίαις
970 3042 1317 3122 γενομένην
1359 3034 1741 3123 μαρτυρίαν.

507 3129 589 3198 ιὈ
635 3123 749 3201 οὖν
793 3135 1037 3215 ἐὶεῖνος
1080 3140 1426 3222 παρεῖδεν,
1494 3142 1690 3203 τοῦτο
1735 3132 1925 3221 ἡμεῖς
1969 3130 2043 3201 οὗ
2091 3134 2513 3218 παριδόντες,
2572 3139 2694 3199 θε-

356 3229 708 3317 σπίζομεν,
770 3237 836 3304 ἐν
890 3240 1008 3322 μὲν
1064 3250 1214 3317 ταῖς
1269 3241 1510 3307 πόλεσι
1554 3238 1669 3325 τὴν
1716 3237 1828 3304 διὰ
1871 3243 2069 3303 πέντε
2110 3235 2455 3321 μαρτύρων
2497 3258 2694 3320 χορη-

351 3342 667 3422 γουμένην
711 3343 858 3416 ταῖς
903 3339 1241 3419 διατάξεσι
1282 3340 1567 3423 κύρωσιν
1610 3340 1945 3425 τυγχάνειν
1991 3334 2342 3423 ἀποδοχῆς,
2398 3335 2463 3401 ἓν
2510 3330 2694 3402 ὁδοι-

355 3434 628 3520 πορίαις
684 3439 756 3504 δὲ
811 3444 918 3505 καὶ
977 3435 1203 3525 ἀγροῖς
1246 3445 1353 3509 καὶ
1396 3453 1546 3519 ταῖς
1591 3439 1823 3520 ἄλλαις
1870 3439 2408 3527 όλιγανδρούσαις
2449 3438 2695 3523 χώραις

357 3532 795 3605 εὖαπόδεκτον
841 3536 1011 3609 εἶναι
1052 3546 1157 3610 καὶ
1203 3542 1318 3630 τὴν
1365 3543 1478 3609 διὰ
1520 3548 1739 3629 τριῶν.

492 3723 511 3749 ⁴
548 3725 747 3789 Scrimg.
785 3718 909 3777 ἀπό.
1067 3731 1086 3758 ⁵
1125 3734 1273 3783 codd.
1310 3729 1867 3799 πραγματευομένων,
1908 3732 2038 3794 quod
2075 3730 2284 3779 defendit
2323 3732 2495 3792 Spang.
2567 3727 2692 3791 Agyl.

357 3809 612 3860 delendum
650 3828 758 3862 esse
796 3817 997 3865 censuit.
1134 3817 1155 3844 ‘⁵
1190 3820 1401 3881 Negatio,
1439 3834 1564 3882 quae
1601 3820 1659 3867 ub
1699 3817 1920 3866 omnibus
1944 3816 2095 3877 abest,
2133 3816 2408 3864 necessario
2429 3812 2693 3876 supplenda

358 3903 472 3943 erat.
645 3894 663 3921 ⁷
700 3898 767 3948 Cf.
807 3901 973 3950 Proch.
1009 3902 1124 3965 XXI,
1169 3905 1241 3953 15.
1416 3901 1436 3929 Β
1489 3904 1637 3953 Codd.
1677 3893 2014 3967 ἀποχωρεῖν,
2069 3901 2198 3963 quod
2236 3899 2346 3948 ferri
2389 3914 2481 3947 nun
2522 3907 2679 3960 potest

358 3980 530 4041 Spang.
570 3983 777 4046 conjecit
810 3976 1038 4053 ἀπορεῖν
1073 3988 1139 4037 vel
1179 3979 1493 4054 ἀπορήσειν.
1670 3984 1692 4012 ⁹
1746 3986 1900 4035 Malim
1935 3975 2042 4031 ὑπ’.
2222 3981 2259 4009 ¹⁰
2308 3986 2407 4033 [loe
2446 3999 2538 4032 uon
2578 3984 2692 4031 satis

358 4084 519 4139 aptum
558 4084 657 4125 est:
699 4074 818 4124 forte
856 4067 1162 4139 ἀσφαλείας
1196 4080 1283 4133 (sc.
1323 4068 1415 4120 διὰ
1446 4065 1765 4140 μαρτύρων)
1803 4070 2127 4120 scribendum.
