2900 4950
946 272 1060 334 Imp.
1101 273 1400 321 Constantini
1438 274 1844 337 porphyrogeniti.
2400 263 2521 324 277

184 427 375 507 αίρει,
409 417 973 505 συγκληρονόμους
999 444 1090 502 χρ
1110 422 1373 498 ιστοῦ,
1420 419 1863 505 κληρονόμους
1890 417 1952 487 δ’
1985 417 2184 488 αὗτοῦ
2210 423 2522 490 ἐνστίσα-

185 527 358 589 vom
385 521 497 588 διὰ
536 522 917 606 χριστοῦ,
966 515 1219 586 οὐδὲτὸ
1250 519 1626 587 πολλοστὸν
1654 525 1808 606 γοῦν
1840 517 2367 610 ἀπονενεμήκασι
2407 531 2524 606 μέ-

183 646 318 708 ρος,
362 619 590 708 ῶσπερ
637 615 1011 708 ἀπόκληρον
1056 615 1255 687 αὐτὸν
1300 616 1389 687 δι’
1437 616 1896 709 ἀμνημοσύνης
1940 619 2278 710 ἀφέμενοι.
2357 619 2525 692 ἀλλὰ

180 724 259 790 τὸ
300 726 420 809 μὲν
466 719 900 809 ἀνθρώπους,
964 724 1097 809 εἴγε
1142 723 1246 790 δεῖ
1286 721 1441 802 τούς
1484 724 1571 810 μὴ
1616 723 1731 791 τὸν
1777 725 2026 792 ἑαυτῶν
2074 725 2523 812 ἐπεγνωκότας

181 825 465 912 ποιητὴν
509 829 704 891 τοῦτο
753 825 985 905 εἰπεῖν,
1033 827 1190 910 περὶ
1232 824 1484 891 τούτων
1521 821 1731 905 οὕτως
1760 826 2109 906 ἐκθέσθαι,
2159 829 2216 894 εἰ
2246 831 2350 894 καὶ
2382 851 2523 912 μω-

179 926 385 1016 μητὸν
429 929 536 993 καὶ
583 922 960 1012 ἀλόγιστον,
1022 920 1189 992 ἀλλὰ
1231 927 1457 994 καινὸν
1502 923 1691 994 οὐδὲν
1737 923 1881 994 οὐδ’
1932 925 2279 1016 ἀδόκητον,
2340 927 2526 1011 ἅπαξ

181 1023 697 1116 ἀποσφαλέντας
739 1031 855 1093 τοῦ
901 1027 1308 1114 καθήκοντος
1350 1028 1522 1115 πρὸς
1554 1028 1631 1094 τὸ
1661 1033 1740 1116 τῇ
1774 1025 1934 1117 ἀρχῇ
1966 1025 2339 1098 ἀκόλουθον
2371 1033 2521 1100 ἑπι-

180 1130 495 1197 σπεύδειν
537 1129 891 1213 κατάλυμα.
955 1127 1315 1215 ἄνθρωποι
1358 1132 1446 1210 δὲ,
1497 1126 1598 1208 οἷς
1643 1130 1819 1197 ἐστὶν
1865 1131 1931 1197 ἐν
1963 1127 2267 1216 οὐρανοῖς
2298 1123 2363 1221 (ᾗ
2393 1159 2521 1222 φη-

181 1255 290 1300 σιν
338 1227 374 1297 ὃ
416 1238 610 1310 θεῖος
654 1226 1083 1311 ἀπόστολοςδ)
1127 1230 1205 1296 τὸ
1250 1233 1620 1316 πολίτευμα
1663 1234 1770 1298 καὶ
1814 1234 2048 1319 κλῆρος
2090 1230 2292 1320 ἡτῶν
2325 1231 2521 1322 ούρα-

180 1336 313 1400 νῶν
358 1332 747 1418 ἐπήγγελται
790 1333 1130 1418 βασιλεία,
1179 1334 1279 1399 οἱ.6
1318 1336 1660 1418 χριστοῦ
1707 1335 1897 1421 φίλοι
1934 1337 2041 1402 καὶ
2090 1331 2368 1422 ἀδελφοὶ
2412 1339 2520 1404 καὶ

180 1428 300 1514 (ῶ“’
345 1434 671 1502 δεσπότου
718 1435 1261 1522 φιλανθρωπίας)
1306 1431 1676 1521 ὗπερβολῦς
1708 1436 2220 1522 συγκληρονόμοι
2254 1433 2423 1505 εἷναί
2449 1465 2522 1507 τε

179 1538 289 1604 καὶ
334 1536 718 1622 λογίζεσθαι
758 1530 1130 1624 ἠξιωμένοι,
1183 1543 1331 1603 τίνα
1373 1539 1493 1621 μὲν
1540 1531 1799 1616 ἀνοίας,
1847 1544 2051 1604 ποίαν
2097 1540 2169 1605 δὲ
2214 1534 2520 1625 ἀλογίας8

179 1633 1129 1724 ὗπερβολὴνύπολείπονταιθ,
1180 1637 1238 1705 εἰ
1280 1637 1617 1704 τοσούτων
1645 1639 2082 1725 τετυχηκότες,
2132 1636 2222 1719 ῶς
2254 1637 2520 1721 οὐδενὸς

182 1734 705 1818 ἀπολελαυκότες
746 1742 840 1824 τῶ
888 1739 982 1817 εἷς
1026 1734 1356 1827 ἀδελφοὺς
1398 1735 1571 1825 ἡμᾶς
1615 1735 2080 1826 ἀναγράψαντι
2106 1745 2215 1809 καὶ
2248 1746 2519 1831 συγκλη-

179 1840 500 1927 ρονόμους
554 1841 893 1908 τελέσαντι
943 1841 1109 1927 μηδὲ
1164 1839 1280 1927 τὴν
1338 1840 1654 1907 ἐλάττονά
1697 1866 1769 1926 γε
1811 1854 2051 1928 μοῖραν
2095 1847 2212 1929 τῆς
2255 1869 2519 1929 προχω-

178 1941 418 2028 ρούσης
444 1953 588 2020 τοῖς
619 1948 954 2029 συγγενέσι
981 1947 1503 2029 νομοθετοίημεν
1536 1937 1986 2028 ἀποκληροῦν,·
2033 1940 2123 2022 ῶς
2153 1944 2330 2010 ἐστὶν
2362 1944 2517 2012 ἄτο-

176 2066 310 2111 πον
355 2043 681 2122 ἐπιεικῶς,
751 2037 921 2108 εἶναι
961 2048 1080 2125 μέν
1122 2068 1273 2110 τινα
1316 2043 1502 2128 παρὰ
1548 2039 1813 2127 ἀλόγοις
1854 2048 1970 2109 τοῦ
2014 2045 2369 2128 μέλλοντος
2413 2047 2519 2113 α’ί-

177 2152 427 2232 σθησίν
469 2170 542 2211 τε
583 2145 690 2210 καὶ
737 2142 1076 2228 πρόνοιαν,
1144 2139 1315 2227 ἡμᾶς
1358 2146 1429 2209 δὲ
1476 2143 1646 2230 λόγῳ
1691 2150 2156 2229 τετιμημένους
2198 2150 2516 2213 τοσοῦτον

174 2251 255 2333 τῇ
301 2244 606 2333 παρούσῃ
653 2250 1165 2332 προστετηκέναι
1207 2247 1318 2311 καὶ
1358 2247 1851 2332 προσηλῶσθαι
1895 2246 2058 2333 ζωῇ,
2108 2243 2198 2326 ῶς
2238 2242 2398 2334 μηδ’
2449 2248 2516 2316 ἐν

173 2358 321 2426 τοῖς
365 2342 737 2432 ἀλλοτρίοις
780 2351 998 2428 (τοῦτο
1045 2344 1121 2433 δὴ
1166 2345 1242 2412 τὸ
1288 2347 1532 2434 ῥᾷστον
1577 2344 1815 2427 ἅπασι)
1860 2350 1978 2412 τοῦ
2021 2349 2376 2431 μέλλοντος
2403 2374 2516 2433 μι-

171 2449 335 2537 κράν
375 2474 528 2536 γουν
572 2444 739 2535 ύπέρ
784 2475 856 2516 τε
895 2445 1080 2536 ἡμῶν
1124 2444 1340 2515 αὐτῶν
1383 2451 1491 2515 καὶ
1536 2453 1667 2515 τῶν
1713 2446 2214 2530 ἀνεπισκέπτως
2229 2454 2270 2486 ¹⁰
2295 2453 2517 2519 τελευ-

171 2551 438 2619 τώντων
485 2551 959 2631 ἐπιδείξασθαι
1000 2550 1344 2637 πρόνοιαν,
1394 2548 1531 2618 ἀλλ’
1570 2550 1605 2616 ὃ
1638 2555 1743 2618 καὶ
1776 2550 2101 2639 εἰρηκότες
2132 2553 2512 2640 ἕφθημεν“,

173 2651 827 2742 ἀπολειφθησομένῳ
882 2655 1002 2737 μὲν
1058 2656 1167 2719 καὶ
1226 2650 1385 2719 ὅσον
1441 2649 1633 2719 οῦπω
1692 2659 2184 2741 φθαρησομένῳ
2250 2656 2517 2740 βασιλεῖ

170 2754 819 2841 καταλιμπάνεσθαι,
866 2756 959 2840 τῷ
1007 2748 1068 2819 δ’
1107 2754 1391 2832 αἰωνίως
1417 2754 1835 2839 βασιλεύοντι
1865 2758 1973 2821 καὶ
2006 2755 2176 2841 πρὸς
2210 2754 2282 2822 ὃν
2315 2755 2516 2825 ἀπει-

172 2881 281 2926 σιν
339 2854 375 2923 ὅ
431 2857 751 2923 τελευτῶν
807 2860 924 2940 τῆς
981 2854 1274 2939 ἐπιγείου
1331 2854 1525 2940 λόγον
1586 2851 1839 2943 ὑφέξων
1887 2857 2083 2941 ζωῆς,
2123 2859 2353 2944 μηδὲν
2398 2863 2514 2947 τῆς

173 2954 377 3026 αῦτοῦ
420 2962 811 3042 περιουσίας
856 2955 924 3021 ἐκ
966 2959 1234 3042 νομικῆς
1279 2951 1745 3042 ἀφοσιοῦσθαι
1786 2956 2184 3042 κυριότητος.

344 3057 425 3124 α’.
485 3056 625 3123 Διὰ
668 3059 876 3121 ταῦτα
923 3056 999 3140 δὴ
1045 3055 1160 3122 τὸν
1202 3058 1360 3140 περὶ
1402 3055 1639 3122 τούτου
1683 3056 2104 3142 προσήκοντα
2132 3057 2344 3124 τύπον
2372 3064 2515 3139 τοῖς

170 3160 310 3245 πρὸ
353 3154 539 3244 ἡμῶν
585 3151 699 3223 ούκ
746 3150 878 3221 οἶδ’
931 3152 1119 3233 ὅπως
1159 3162 1703 3243 παρεωραμένον,
1753 3157 2240 3244 εἰσηγήσασθαί
2281 3185 2354 3225 τε
2398 3155 2517 3225 αὖ-

171 3260 291 3328 τὸν
345 3255 739 3347 ἡγησάμεθα
798 3259 967 3338 δεῖν,
1025 3259 1134 3324 καὶ
1189 3260 1284 3344 τῷ
1328 3284 1401 3325 τε
1444 3258 1730 3343 παρόντι
1771 3254 1899 3344 βίῳ
1943 3260 2054 3324 καὶ
2096 3269 2237 3339 τοῖς
2284 3260 2517 3328 ἔπειτα

174 3364 405 3430 δοῦναι
444 3359 562 3448 τὴν
608 3360 679 3440 ἐξ
719 3355 918 3427 αὐτοῦ
965 3354 1293 3448 ὠφέλειαν
1309 3362 1367 3437 ¹²,
1413 3362 1523 3427 καὶ
1565 3370 1711 3439 τοῖς
1755 3354 2011 3445 ἀθρόον
2055 3364 2172 3426 τοῦ
2216 3370 2368 3448 βίου
2395 3389 2515 3448 με-

172 3468 611 3549 θισταμένοις
665 3467 825 3548 πρίν
880 3486 949 3528 τι
1003 3461 1159 3546 περὶ
1202 3464 1351 3548 ,τῶν
1393 3461 1784 3548 προσόντων
1827 3459 1939 3528 καὶ
1984 3444 2074 3541 ὥς
2115 3456 2154 3550 ἦ
2199 3463 2518 3551 βούλησις

176 3560 401 3646 αὐτοῖς
456 3566 862 3644 διαθέσθαι,
919 3566 1026 3629 καὶ
1081 3561 1345 3642 τούτοις
1399 3562 1477 3650 δὴ
1537 3559 1666 3650 ἄρα
1708 3563 1824 3653 τὴν
1870 3559 1960 3642 ὥς
2004 3563 2072 3631 ἐν
2119 3558 2514 3652 ἀνθρώποις

172 3664 457 3754 ἥκουσαν
512 3667 820 3754 ἐννοῆσαι
879 3664 1315 3752 παραψυχὴν,
1374 3659 1516 3732 οἷόν
1571 3691 1722 3732 τινα
1773 3665 2100 3754 κηδεμόνα
2152 3670 2246 3752 τῷ
2306 3672 2511 3735 παντὶ

172 3767 612 3853 πολιτεύματι
652 3767 843 3834 τόνδε
883 3765 999 3832 τὸν
1043 3766 1245 3852 νόμον
1287 3764 1399 3832 καὶ
1440 3766 1658 3834 κοινὸν
1691 3765 2089 3853 ἐφιστῶντες
2119 3766 2508 3853 ἐπίτροπον,

191 4004 198 4009 -
307 3970 329 4000 ⁸
367 3958 534 4023 tpetr'.
574 3973 620 4036 1,
655 3972 706 4022 4.
887 3969 910 3998 ⁰
941 3962 1194 4020 Witte‘o‘c’.
1377 3967 1397 3994 ⁷
1429 3969 1561 4018 Idem
1598 3961 1738 4035 ὁμοῦ
1771 3984 1860 4032 pro
1897 3961 2067 4030 ‹fi-legi
2102 3968 2262 4017 voluit.
2334 3969 2433 4028 Sed
2468 3971 2510 4020 si

172 4059 449 4123 parenthesi
487 4059 605 4108 haec
641 4056 874 4117 includas,
912 4055 1105 4105 omnino
1143 4056 1264 4104 bene
1301 4053 1442 4103 habet
1477 4047 1540 4100 τὸ
1578 4043 1638 4100 ὦ.
1747 4050 1768 4078 ⁸
1804 4053 1949 4102 Paris.
1990 4052 2152 4101 1351:
2193 4043 2389 4101 ἀνοίαν
2419 4050 2512 4104 καὶ

172 4134 415 4205 ἀλογίαν.
625 4137 647 4167 ⁹
697 4141 778 4191 Sic
818 4140 1037 4190 Codices.
1105 4141 1180 4189 Me
1226 4139 1420 4202 quidem
1462 4138 1629 4203 judico
1677 4137 1931 4200 legendum
1964 4129 2408 4205 ὖποδεικνύοιμεν
2437 4140 2509 4191 vel

177 4225 415 4291 ejusmodi
451 4226 583 4290 qnid.
653 4225 774 4276 nlud
809 4219 1088 4275 λείπονται
1121 4224 1281 4287 aliqua
1317 4225 1489 4273 deesse
1525 4222 1772 4285 significat.
1924 4218 1963 4247 ¹⁰
1998 4222 2135 4273 Laur.
2172 4224 2253 4287 80,
2291 4223 2351 4274 8:
2393 4217 2509 4275 ἆνε-

171 4302 503 4369 πισκήπτως.
679 4307 713 4337 ¹⁸
750 4311 896 4361 Paris.
936 4309 1097 4361 1351:
1135 4300 1425 4374 ὤφθημεν.
1604 4303 1642 4332 ¹²
1676 4305 1827 4360 Verba
1861 4301 1953 4356 καὶ
1985 4306 2100 4361 τοῖς
2139 4335 2197 4346 -
2237 4301 2509 4376 ὠφέλειαν

172 4393 303 4479 39Ρὰ
336 4394 467 4445 Witt.
503 4394 795 4446 exciderunt.
