<?xml version="1.0" encoding="UTF-8"?>
<!DOCTYPE html PUBLIC "-//W3C//DTD XHTML 1.0 Transitional//EN"
    "http://www.w3.org/TR/xhtml1/DTD/xhtml1-transitional.dtd">
<html xmlns="http://www.w3.org/1999/xhtml" xml:lang="en" lang="en">
 <head>
  <title>
</title>
<meta http-equiv="Content-Type" content="text/html;charset=utf-8" />
  <meta name='ocr-system' content='tesseract 3.04.00' />
  <meta name='ocr-capabilities' content='ocr_page ocr_carea ocr_par ocr_line ocrx_word'/>
</head>
<body>
  <div class='ocr_page' id='page_1' title='image "./jusgraecoromanu00linggoog_0036.png"; bbox 0 0 2900 4950; ppageno 0'>
   <div class='ocr_carea' id='block_1_1' title="bbox 408 271 1768 333">
    <p class='ocr_par' dir='ltr' id='par_1_1' title="bbox 408 271 1768 333">
     <span class='ocr_line' id='line_1_1' title="bbox 408 271 1768 333; baseline 0.003 -16"><span class='ocrx_word' id='word_1_1' title='bbox 408 273 566 319; x_wconf 66' lang='lat' dir='ltr'>xxxi!</span> <span class='ocrx_word' id='word_1_2' title='bbox 1413 271 1768 333; x_wconf 67' lang='lat' dir='ltr'><strong>prolegomen..</strong></span> 
     </span>
    </p>
   </div>
   <div class='ocr_carea' id='block_1_2' title="bbox 387 412 2765 3842">
    <p class='ocr_par' dir='ltr' id='par_1_2' title="bbox 387 412 2765 3842">
     <span class='ocr_line' id='line_1_2' title="bbox 411 412 2765 543; baseline 0.002 -58"><span class='ocrx_word' id='word_1_3' title='bbox 411 412 794 504; x_wconf 79' lang='grc' dir='ltr'><strong><em>ἇνεγερθεὶς</em></strong></span> <span class='ocrx_word' id='word_1_4' title='bbox 836 415 1028 543; x_wconf 71' lang='grc' dir='ltr'><strong><em>ἅγιος</em></strong></span> <span class='ocrx_word' id='word_1_5' title='bbox 1068 418 1227 497; x_wconf 85' lang='grc' dir='ltr'><strong><em>ναὸς</em></strong></span> <span class='ocrx_word' id='word_1_6' title='bbox 1269 420 1387 523; x_wconf 88' lang='grc' dir='ltr'><strong><em>τῆς</em></strong></span> <span class='ocrx_word' id='word_1_7' title='bbox 1428 412 1794 503; x_wconf 79' lang='grc' dir='ltr'><strong><em>ὖπεραγίας</em></strong></span> <span class='ocrx_word' id='word_1_8' title='bbox 1840 416 2160 485; x_wconf 85' lang='grc' dir='ltr'><strong><em>θεοτόκου</em></strong></span> <span class='ocrx_word' id='word_1_9' title='bbox 2204 418 2393 503; x_wconf 86' lang='grc' dir='ltr'><strong><em>παρὰ</em></strong></span> <span class='ocrx_word' id='word_1_10' title='bbox 2422 422 2538 504; x_wconf 83' lang='grc' dir='ltr'><strong><em>τῆς</em></strong></span> <span class='ocrx_word' id='word_1_11' title='bbox 2565 427 2765 505; x_wconf 88' lang='grc' dir='ltr'><strong><em>βασι-</em></strong></span> 
     </span>
     <span class='ocr_line' id='line_1_3' title="bbox 412 513 2763 607; baseline 0.002 -21"><span class='ocrx_word' id='word_1_12' title='bbox 412 521 594 598; x_wconf 80' lang='grc' dir='ltr'><strong><em>λείας</em></strong></span> <span class='ocrx_word' id='word_1_13' title='bbox 613 543 761 603; x_wconf 85' lang='grc' dir='ltr'><strong><em>μου,</em></strong></span> <span class='ocrx_word' id='word_1_14' title='bbox 807 521 916 585; x_wconf 80' lang='grc' dir='ltr'><strong><em>καὶ</em></strong></span> <span class='ocrx_word' id='word_1_15' title='bbox 962 517 1040 585; x_wconf 86' lang='grc' dir='ltr'><strong><em>τὸ</em></strong></span> <span class='ocrx_word' id='word_1_16' title='bbox 1085 525 1503 604; x_wconf 76' lang='grc' dir='ltr'><em>συγκείμενον</em></span> <span class='ocrx_word' id='word_1_17' title='bbox 1549 513 1726 605; x_wconf 75' lang='grc' dir='ltr'><strong><em>αὐτῷ</em></strong></span> <span class='ocrx_word' id='word_1_18' title='bbox 1770 517 2100 585; x_wconf 88' lang='grc' dir='ltr'><strong><em>παλάτιόν</em></strong></span> <span class='ocrx_word' id='word_1_19' title='bbox 2143 542 2271 602; x_wconf 92' lang='grc' dir='ltr'><strong><em>μου</em></strong></span> <span class='ocrx_word' id='word_1_20' title='bbox 2315 518 2394 586; x_wconf 89' lang='grc' dir='ltr'><strong><em>τὸ</em></strong></span> <span class='ocrx_word' id='word_1_21' title='bbox 2437 522 2763 607; x_wconf 86' lang='grc' dir='ltr'><strong><em>πατρικὸν</em></strong></span> 
     </span>
     <span class='ocr_line' id='line_1_4' title="bbox 408 620 2761 710; baseline 0 -21"><span class='ocrx_word' id='word_1_22' title='bbox 408 620 577 705; x_wconf 83' lang='grc' dir='ltr'><strong><em>μετὰ</em></strong></span> <span class='ocrx_word' id='word_1_23' title='bbox 619 624 751 687; x_wconf 87' lang='grc' dir='ltr'><strong><em>τῶν</em></strong></span> <span class='ocrx_word' id='word_1_24' title='bbox 796 621 995 706; x_wconf 81' lang='grc' dir='ltr'><em>πέριξ</em></span> <span class='ocrx_word' id='word_1_25' title='bbox 1036 620 1479 707; x_wconf 75' lang='grc' dir='ltr'><strong><em>ἐργαστηρίων</em></strong></span> <span class='ocrx_word' id='word_1_26' title='bbox 1522 622 1635 686; x_wconf 85' lang='grc' dir='ltr'><strong><em>καὶ</em></strong></span> <span class='ocrx_word' id='word_1_27' title='bbox 1675 624 1791 706; x_wconf 85' lang='grc' dir='ltr'><strong><em>τῆς</em></strong></span> <span class='ocrx_word' id='word_1_28' title='bbox 1835 622 2077 706; x_wconf 88' lang='grc' dir='ltr'><strong><em>λοιπῆς</em></strong></span> <span class='ocrx_word' id='word_1_29' title='bbox 2119 624 2451 708; x_wconf 77' lang='grc' dir='ltr'><strong><em>περιοχῆς,</em></strong></span> <span class='ocrx_word' id='word_1_30' title='bbox 2500 620 2651 710; x_wconf 78' lang='grc' dir='ltr'><strong><em>ἤτοι</em></strong></span> <span class='ocrx_word' id='word_1_31' title='bbox 2679 623 2761 690; x_wconf 87' lang='grc' dir='ltr'><strong><em>τὸ</em></strong></span> 
     </span>
     <span class='ocr_line' id='line_1_5' title="bbox 403 717 2761 806; baseline 0.001 -19"><span class='ocrx_word' id='word_1_32' title='bbox 403 722 898 806; x_wconf 88' lang='grc' dir='ltr'><strong><em>μυρέλαιον,</em></strong></span> <span class='ocrx_word' id='word_1_33' title='bbox 945 747 1054 787; x_wconf 87' lang='grc' dir='ltr'><strong><em>και</em></strong></span> <span class='ocrx_word' id='word_1_34' title='bbox 1103 717 1139 786; x_wconf 97' lang='lat'><em>5</em></span> <span class='ocrx_word' id='word_1_35' title='bbox 1185 721 1252 787; x_wconf 75' lang='grc' dir='ltr'><strong><em>ἐν</em></strong></span> <span class='ocrx_word' id='word_1_36' title='bbox 1294 733 2096 800; x_wconf 88' lang='grc' dir='ltr'><strong><em>κωνσταντινιαναῒς</em></strong></span> <span class='ocrx_word' id='word_1_37' title='bbox 2141 721 2558 806; x_wconf 76' lang='grc' dir='ltr'><strong><em>περιώνυμος</em></strong></span> <span class='ocrx_word' id='word_1_38' title='bbox 2601 723 2761 805; x_wconf 83' lang='grc' dir='ltr'><strong><em>ναὸς</em></strong></span> 
     </span>
     <span class='ocr_line' id='line_1_6' title="bbox 401 817 2756 907; baseline 0.002 -20"><span class='ocrx_word' id='word_1_39' title='bbox 401 825 536 888; x_wconf 86' lang='grc' dir='ltr'><strong><em>τῶν</em></strong></span> <span class='ocrx_word' id='word_1_40' title='bbox 594 817 798 907; x_wconf 79' lang='grc' dir='ltr'><strong><em>ἆγίων</em></strong></span> <span class='ocrx_word' id='word_1_41' title='bbox 850 845 979 905; x_wconf 90' lang='grc' dir='ltr'><strong><em>μου</em></strong></span> <span class='ocrx_word' id='word_1_42' title='bbox 1032 819 1523 906; x_wconf 82' lang='grc' dir='ltr'><strong><em>τεσσαράκοντα</em></strong></span> <span class='ocrx_word' id='word_1_43' title='bbox 1578 821 1747 905; x_wconf 84' lang='grc' dir='ltr'><strong><em>μετὰ</em></strong></span> <span class='ocrx_word' id='word_1_44' title='bbox 1787 825 1895 888; x_wconf 81' lang='grc' dir='ltr'><strong><em>καὶ</em></strong></span> <span class='ocrx_word' id='word_1_45' title='bbox 1939 827 2072 888; x_wconf 90' lang='grc' dir='ltr'><strong><em>τῶν</em></strong></span> <span class='ocrx_word' id='word_1_46' title='bbox 2118 821 2509 891; x_wconf 63' lang='grc' dir='ltr'><strong><em>ἐνοικειῶν·”</em></strong></span> <span class='ocrx_word' id='word_1_47' title='bbox 2553 819 2756 892; x_wconf 80' lang='grc' dir='ltr'><strong><em>αὐτοῦ</em></strong></span> 
     </span>
     <span class='ocr_line' id='line_1_7' title="bbox 406 917 2758 1019; baseline 0.002 -31"><span class='ocrx_word' id='word_1_48' title='bbox 406 917 748 1007; x_wconf 82' lang='grc' dir='ltr'><strong><em>ὃσπητίων</em></strong></span> <span class='ocrx_word' id='word_1_49' title='bbox 803 924 915 988; x_wconf 80' lang='grc' dir='ltr'><strong><em>καὶ</em></strong></span> <span class='ocrx_word' id='word_1_50' title='bbox 970 922 1443 1009; x_wconf 76' lang='grc' dir='ltr'><strong><em>ἐργαστηρίων,</em></strong></span> <span class='ocrx_word' id='word_1_51' title='bbox 1510 922 1620 989; x_wconf 77' lang='grc' dir='ltr'><strong><em>ἵνα</em></strong></span> <span class='ocrx_word' id='word_1_52' title='bbox 1675 923 2132 1019; x_wconf 82' lang='grc' dir='ltr'><strong><em>δεσπόζωνται</em></strong></span> <span class='ocrx_word' id='word_1_53' title='bbox 2173 927 2279 990; x_wconf 83' lang='grc' dir='ltr'><strong><em>καὶ</em></strong></span> <span class='ocrx_word' id='word_1_54' title='bbox 2327 923 2758 1008; x_wconf 82' lang='grc' dir='ltr'><strong><em>κυριεύωνται</em></strong></span> 
     </span>
     <span class='ocr_line' id='line_1_8' title="bbox 403 1021 2753 1113; baseline 0.002 -25"><span class='ocrx_word' id='word_1_55' title='bbox 403 1022 591 1108; x_wconf 87' lang='grc' dir='ltr'><strong><em>παρὰ</em></strong></span> <span class='ocrx_word' id='word_1_56' title='bbox 633 1026 749 1109; x_wconf 87' lang='grc' dir='ltr'><strong><em>τῆς</em></strong></span> <span class='ocrx_word' id='word_1_57' title='bbox 793 1030 1159 1108; x_wconf 85' lang='grc' dir='ltr'><strong><em>σεβασμίας</em></strong></span> <span class='ocrx_word' id='word_1_58' title='bbox 1197 1026 1404 1111; x_wconf 87' lang='grc' dir='ltr'><strong><em>μονῆς</em></strong></span> <span class='ocrx_word' id='word_1_59' title='bbox 1432 1027 1550 1108; x_wconf 89' lang='grc' dir='ltr'><strong><em>τῆς</em></strong></span> <span class='ocrx_word' id='word_1_60' title='bbox 1576 1027 1920 1109; x_wconf 77' lang='grc' dir='ltr'><strong><em>βασιλείας</em></strong></span> <span class='ocrx_word' id='word_1_61' title='bbox 1947 1050 2095 1108; x_wconf 90' lang='grc' dir='ltr'><strong><em>μου,</em></strong></span> <span class='ocrx_word' id='word_1_62' title='bbox 2146 1025 2271 1102; x_wconf 76' lang='grc' dir='ltr'><strong><em>ἕως</em></strong></span> <span class='ocrx_word' id='word_1_63' title='bbox 2300 1022 2336 1089; x_wconf 89' lang='lat'><em>5</em></span> <span class='ocrx_word' id='word_1_64' title='bbox 2367 1022 2554 1113; x_wconf 79' lang='grc' dir='ltr'><strong><em>ἥλιος</em></strong></span> <span class='ocrx_word' id='word_1_65' title='bbox 2584 1021 2753 1113; x_wconf 75' lang='grc' dir='ltr'><strong><em>ὑπὲρ</em></strong></span> 
     </span>
     <span class='ocr_line' id='line_1_9' title="bbox 403 1113 2755 1213; baseline 0.002 -24"><span class='ocrx_word' id='word_1_66' title='bbox 403 1127 520 1209; x_wconf 86' lang='grc' dir='ltr'><strong><em>γῆν</em></strong></span> <span class='ocrx_word' id='word_1_67' title='bbox 566 1122 810 1210; x_wconf 75' lang='grc' dir='ltr'><strong><em>ἐφορᾷ·</em></strong></span> <span class='ocrx_word' id='word_1_68' title='bbox 857 1113 1050 1203; x_wconf 77' lang='grc' dir='ltr'><strong><em>οὗτος</em></strong></span> <span class='ocrx_word' id='word_1_69' title='bbox 1092 1128 1198 1191; x_wconf 80' lang='grc' dir='ltr'><strong><em>καὶ</em></strong></span> <span class='ocrx_word' id='word_1_70' title='bbox 1232 1123 1355 1210; x_wconf 87' lang='grc' dir='ltr'><strong><em>γὰρ</em></strong></span> <span class='ocrx_word' id='word_1_71' title='bbox 1389 1124 1677 1193; x_wconf 72' lang='grc' dir='ltr'><strong><em>ἔκπαλαι</em></strong></span> <span class='ocrx_word' id='word_1_72' title='bbox 1706 1125 2019 1213; x_wconf 85' lang='grc' dir='ltr'><strong><em>μητρικὸν</em></strong></span> <span class='ocrx_word' id='word_1_73' title='bbox 2049 1129 2262 1213; x_wconf 87' lang='grc' dir='ltr'><strong><em>κτῆμα</em></strong></span> <span class='ocrx_word' id='word_1_74' title='bbox 2292 1116 2368 1213; x_wconf 79' lang='grc' dir='ltr'><strong><em>ἦν</em></strong></span> <span class='ocrx_word' id='word_1_75' title='bbox 2398 1131 2515 1192; x_wconf 81' lang='grc' dir='ltr'><strong><em>τοῦ</em></strong></span> <span class='ocrx_word' id='word_1_76' title='bbox 2549 1122 2755 1193; x_wconf 83' lang='grc' dir='ltr'><strong><em>ὁσιω-</em></strong></span> 
     </span>
     <span class='ocr_line' id='line_1_10' title="bbox 401 1223 2751 1314; baseline 0.001 -22"><span class='ocrx_word' id='word_1_77' title='bbox 401 1223 603 1295; x_wconf 80' lang='grc' dir='ltr'><strong><em>τάτου</em></strong></span> <span class='ocrx_word' id='word_1_78' title='bbox 660 1223 982 1291; x_wconf 88' lang='grc' dir='ltr'><strong><em>παύλου</em></strong></span> <span class='ocrx_word' id='word_1_79' title='bbox 1038 1229 1156 1291; x_wconf 85' lang='grc' dir='ltr'><strong><em>τοῦ</em></strong></span> <span class='ocrx_word' id='word_1_80' title='bbox 1213 1230 1659 1309; x_wconf 81' lang='grc' dir='ltr'><strong><em>πνευματικοῦ</em></strong></span> <span class='ocrx_word' id='word_1_81' title='bbox 1714 1224 1971 1312; x_wconf 87' lang='grc' dir='ltr'><strong><em>πατρὸς</em></strong></span> <span class='ocrx_word' id='word_1_82' title='bbox 2029 1231 2145 1314; x_wconf 83' lang='grc' dir='ltr'><strong><em>τῆς</em></strong></span> <span class='ocrx_word' id='word_1_83' title='bbox 2195 1229 2540 1311; x_wconf 80' lang='grc' dir='ltr'><strong><em>βασιλείας</em></strong></span> <span class='ocrx_word' id='word_1_84' title='bbox 2596 1252 2751 1313; x_wconf 82' lang='grc' dir='ltr'><strong><em>μου,</em></strong></span> 
     </span>
     <span class='ocr_line' id='line_1_11' title="bbox 400 1323 2751 1415; baseline 0.001 -23"><span class='ocrx_word' id='word_1_85' title='bbox 400 1326 547 1392; x_wconf 84' lang='grc' dir='ltr'><strong><em>υἱοῦ</em></strong></span> <span class='ocrx_word' id='word_1_86' title='bbox 599 1332 1119 1412; x_wconf 81' lang='grc' dir='ltr'><strong><em>χρηματίσαντος</em></strong></span> <span class='ocrx_word' id='word_1_87' title='bbox 1178 1326 1422 1415; x_wconf 77' lang='grc' dir='ltr'><strong><em>ἐκείνης</em></strong></span> <span class='ocrx_word' id='word_1_88' title='bbox 1476 1331 1593 1413; x_wconf 87' lang='grc' dir='ltr'><strong><em>τῆς</em></strong></span> <span class='ocrx_word' id='word_1_89' title='bbox 1647 1323 1957 1411; x_wconf 81' lang='grc' dir='ltr'><strong><em>ἀοιδίμου</em></strong></span> <span class='ocrx_word' id='word_1_90' title='bbox 2015 1323 2377 1414; x_wconf 82' lang='grc' dir='ltr'><strong><em>αύγούστης</em></strong></span> <span class='ocrx_word' id='word_1_91' title='bbox 2441 1354 2548 1412; x_wconf 86' lang='grc' dir='ltr'><strong><em>πρ</em></strong></span> <span class='ocrx_word' id='word_1_92' title='bbox 2567 1353 2751 1396; x_wconf 86' lang='grc' dir='ltr'><strong><em>οκο-</em></strong></span> 
     </span>
     <span class='ocr_line' id='line_1_12' title="bbox 403 1425 2749 1516; baseline 0.002 -23"><span class='ocrx_word' id='word_1_93' title='bbox 403 1434 736 1505; x_wconf 88' lang='grc' dir='ltr'><strong><em>κοπίας,</em></strong></span> <span class='ocrx_word' id='word_1_94' title='bbox 783 1425 1118 1511; x_wconf 88' lang='grc' dir='ltr'><strong><em>θυγατρὸς</em></strong></span> <span class='ocrx_word' id='word_1_95' title='bbox 1163 1428 1620 1516; x_wconf 85' lang='grc' dir='ltr'><strong><em>νικηφόρου</em></strong></span> <span class='ocrx_word' id='word_1_96' title='bbox 1665 1431 1770 1495; x_wconf 82' lang='grc' dir='ltr'><strong><em>καὶ</em></strong></span> <span class='ocrx_word' id='word_1_97' title='bbox 1804 1428 2078 1515; x_wconf 79' lang='grc' dir='ltr'><strong><em>συζύγου</em></strong></span> <span class='ocrx_word' id='word_1_98' title='bbox 2108 1429 2415 1516; x_wconf 89' lang='grc' dir='ltr'><strong><em>μιχαὴλ</em></strong></span> <span class='ocrx_word' id='word_1_99' title='bbox 2442 1435 2574 1496; x_wconf 88' lang='grc' dir='ltr'><strong><em>τῶν</em></strong></span> <span class='ocrx_word' id='word_1_100' title='bbox 2608 1426 2749 1499; x_wconf 79' lang='grc' dir='ltr'><strong><em>ἀει-</em></strong></span> 
     </span>
     <span class='ocr_line' id='line_1_13' title="bbox 399 1525 2747 1618; baseline 0.001 -23"><span class='ocrx_word' id='word_1_101' title='bbox 399 1527 706 1615; x_wconf 86' lang='grc' dir='ltr'><strong><em>μνήστων</em></strong></span> <span class='ocrx_word' id='word_1_102' title='bbox 763 1530 874 1594; x_wconf 86' lang='grc' dir='ltr'><strong><em>καὶ</em></strong></span> <span class='ocrx_word' id='word_1_103' title='bbox 931 1525 1317 1612; x_wconf 84' lang='grc' dir='ltr'><strong><em>όρθοδόξων</em></strong></span> <span class='ocrx_word' id='word_1_104' title='bbox 1371 1531 1702 1615; x_wconf 87' lang='grc' dir='ltr'><strong><em>βασιλέων</em></strong></span> <span class='ocrx_word' id='word_1_105' title='bbox 1757 1535 1889 1599; x_wconf 87' lang='grc' dir='ltr'><strong><em>τῶν</em></strong></span> <span class='ocrx_word' id='word_1_106' title='bbox 1947 1529 2081 1615; x_wconf 87' lang='grc' dir='ltr'><strong><em>πρὸ</em></strong></span> <span class='ocrx_word' id='word_1_107' title='bbox 2137 1526 2340 1618; x_wconf 83' lang='grc' dir='ltr'><strong><em>ἡμῶν.</em></strong></span> <span class='ocrx_word' id='word_1_108' title='bbox 2433 1528 2470 1597; x_wconf 88' lang='lat'><em>5</em></span> <span class='ocrx_word' id='word_1_109' title='bbox 2526 1539 2747 1599; x_wconf 83' lang='grc' dir='ltr'><strong><em>τοίνυν</em></strong></span> 
     </span>
     <span class='ocr_line' id='line_1_14' title="bbox 400 1623 2746 1717; baseline 0.001 -21"><span class='ocrx_word' id='word_1_110' title='bbox 400 1628 986 1714; x_wconf 80' lang='grc' dir='ltr'><strong><em>πειραθησόμενος</em></strong></span> <span class='ocrx_word' id='word_1_111' title='bbox 1029 1623 1403 1714; x_wconf 76' lang='grc' dir='ltr'><strong><em>ἀνατρέψαι</em></strong></span> <span class='ocrx_word' id='word_1_112' title='bbox 1444 1630 1560 1717; x_wconf 84' lang='grc' dir='ltr'><strong><em>τὴν</em></strong></span> <span class='ocrx_word' id='word_1_113' title='bbox 1605 1630 1673 1697; x_wconf 76' lang='grc' dir='ltr'><strong><em>ἐν</em></strong></span> <span class='ocrx_word' id='word_1_114' title='bbox 1716 1635 1810 1717; x_wconf 79' lang='grc' dir='ltr'><strong><em>τῷ</em></strong></span> <span class='ocrx_word' id='word_1_115' title='bbox 1855 1631 2142 1717; x_wconf 84' lang='grc' dir='ltr'><strong><em>παρόντι</em></strong></span> <span class='ocrx_word' id='word_1_116' title='bbox 2183 1656 2312 1715; x_wconf 90' lang='grc' dir='ltr'><strong><em>μου</em></strong></span> <span class='ocrx_word' id='word_1_117' title='bbox 2358 1634 2600 1717; x_wconf 81' lang='grc' dir='ltr'><strong><em>πρᾶξιν</em></strong></span> <span class='ocrx_word' id='word_1_118' title='bbox 2634 1636 2746 1700; x_wconf 84' lang='grc' dir='ltr'><strong><em>καὶ</em></strong></span> 
     </span>
     <span class='ocr_line' id='line_1_15' title="bbox 401 1724 2746 1820; baseline 0.002 -24"><span class='ocrx_word' id='word_1_119' title='bbox 401 1724 856 1817; x_wconf 74' lang='grc' dir='ltr'><strong><em>ἀποστερῆσαι</em></strong></span> <span class='ocrx_word' id='word_1_120' title='bbox 899 1734 1016 1797; x_wconf 84' lang='grc' dir='ltr'><strong><em>τοῦ</em></strong></span> <span class='ocrx_word' id='word_1_121' title='bbox 1061 1731 1384 1818; x_wconf 76' lang='grc' dir='ltr'><strong><em>ῥηθέντος</em></strong></span> <span class='ocrx_word' id='word_1_122' title='bbox 1427 1732 1775 1815; x_wconf 89' lang='grc' dir='ltr'><strong><em>σολεμνίου</em></strong></span> <span class='ocrx_word' id='word_1_123' title='bbox 1819 1731 1936 1819; x_wconf 86' lang='grc' dir='ltr'><strong><em>τὴν</em></strong></span> <span class='ocrx_word' id='word_1_124' title='bbox 1982 1733 2140 1820; x_wconf 76' lang='grc' dir='ltr'><strong><em>ἐμὴν</em></strong></span> <span class='ocrx_word' id='word_1_125' title='bbox 2183 1732 2407 1820; x_wconf 77' lang='grc' dir='ltr'><strong><em>μονήν,</em></strong></span> <span class='ocrx_word' id='word_1_126' title='bbox 2460 1728 2502 1820; x_wconf 83' lang='grc' dir='ltr'><em>ἢ</em></span> <span class='ocrx_word' id='word_1_127' title='bbox 2544 1760 2746 1801; x_wconf 79' lang='grc' dir='ltr'><strong><em>κατα-</em></strong></span> 
     </span>
     <span class='ocr_line' id='line_1_16' title="bbox 401 1827 2742 1922; baseline 0.002 -25"><span class='ocrx_word' id='word_1_128' title='bbox 401 1832 698 1918; x_wconf 84' lang='grc' dir='ltr'><strong><em>δηλῶσαι</em></strong></span> <span class='ocrx_word' id='word_1_129' title='bbox 752 1827 795 1918; x_wconf 85' lang='grc' dir='ltr'><em>ἢ</em></span> <span class='ocrx_word' id='word_1_130' title='bbox 837 1828 1166 1911; x_wconf 76' lang='grc' dir='ltr'><strong><em>ὑποτάξαι</em></strong></span> <span class='ocrx_word' id='word_1_131' title='bbox 1213 1827 1411 1919; x_wconf 77' lang='grc' dir='ltr'><strong><em>αὐτήν</em></strong></span> <span class='ocrx_word' id='word_1_132' title='bbox 1454 1858 1588 1898; x_wconf 90' lang='grc' dir='ltr'><strong><em>τινι</em></strong></span> <span class='ocrx_word' id='word_1_133' title='bbox 1632 1827 2053 1919; x_wconf 79' lang='grc' dir='ltr'><strong><em>ἀξιωματικῷ</em></strong></span> <span class='ocrx_word' id='word_1_134' title='bbox 2098 1833 2479 1921; x_wconf 81' lang='grc' dir='ltr'><strong><em>προσώπῳ,</em></strong></span> <span class='ocrx_word' id='word_1_135' title='bbox 2547 1829 2590 1922; x_wconf 81' lang='grc' dir='ltr'><em>ἢ</em></span> <span class='ocrx_word' id='word_1_136' title='bbox 2631 1838 2742 1901; x_wconf 83' lang='grc' dir='ltr'><strong><em>καὶ</em></strong></span> 
     </span>
     <span class='ocr_line' id='line_1_17' title="bbox 399 1927 2744 2021; baseline 0.002 -23"><span class='ocrx_word' id='word_1_137' title='bbox 399 1927 824 2012; x_wconf 78' lang='grc' dir='ltr'><strong><em>ἀποξενῶσαι</em></strong></span> <span class='ocrx_word' id='word_1_138' title='bbox 864 1936 979 2019; x_wconf 81' lang='grc' dir='ltr'><strong><em>τῆς</em></strong></span> <span class='ocrx_word' id='word_1_139' title='bbox 1023 1934 1342 2020; x_wconf 82' lang='grc' dir='ltr'><strong><em>ρηθείσης</em></strong></span> <span class='ocrx_word' id='word_1_140' title='bbox 1383 1938 1588 2020; x_wconf 87' lang='grc' dir='ltr'><strong><em>μονῆς</em></strong></span> <span class='ocrx_word' id='word_1_141' title='bbox 1629 1938 1745 2019; x_wconf 86' lang='grc' dir='ltr'><strong><em>τῆς</em></strong></span> <span class='ocrx_word' id='word_1_142' title='bbox 1786 1937 2131 2018; x_wconf 81' lang='grc' dir='ltr'><strong><em>βασιλείας</em></strong></span> <span class='ocrx_word' id='word_1_143' title='bbox 2169 1960 2298 2020; x_wconf 87' lang='grc' dir='ltr'><strong><em>μου</em></strong></span> <span class='ocrx_word' id='word_1_144' title='bbox 2341 1935 2419 2002; x_wconf 88' lang='grc' dir='ltr'><strong><em>τὸ</em></strong></span> <span class='ocrx_word' id='word_1_145' title='bbox 2451 1959 2744 2021; x_wconf 89' lang='grc' dir='ltr'><strong><em>προσκυ-</em></strong></span> 
     </span>
     <span class='ocr_line' id='line_1_18' title="bbox 398 2032 2743 2121; baseline 0.001 -21"><span class='ocrx_word' id='word_1_146' title='bbox 398 2032 591 2120; x_wconf 87' lang='grc' dir='ltr'><strong><em>νητὸν</em></strong></span> <span class='ocrx_word' id='word_1_147' title='bbox 634 2037 740 2100; x_wconf 82' lang='grc' dir='ltr'><strong><em>καὶ</em></strong></span> <span class='ocrx_word' id='word_1_148' title='bbox 788 2033 1114 2120; x_wconf 88' lang='grc' dir='ltr'><strong><em>πανάγιον</em></strong></span> <span class='ocrx_word' id='word_1_149' title='bbox 1158 2034 1349 2114; x_wconf 81' lang='grc' dir='ltr'><strong><em>ξύλον</em></strong></span> <span class='ocrx_word' id='word_1_150' title='bbox 1390 2038 1511 2101; x_wconf 82' lang='grc' dir='ltr'><strong><em>τοῦ</em></strong></span> <span class='ocrx_word' id='word_1_151' title='bbox 1559 2036 1891 2115; x_wconf 80' lang='grc' dir='ltr'><strong><em>ζωοποιοῦ</em></strong></span> <span class='ocrx_word' id='word_1_152' title='bbox 1938 2040 2242 2120; x_wconf 84' lang='grc' dir='ltr'><strong><em>σταυροῦ,</em></strong></span> <span class='ocrx_word' id='word_1_153' title='bbox 2289 2038 2368 2104; x_wconf 87' lang='grc' dir='ltr'><strong><em>τὸ</em></strong></span> <span class='ocrx_word' id='word_1_154' title='bbox 2395 2041 2511 2103; x_wconf 84' lang='grc' dir='ltr'><strong><em>τοῦ</em></strong></span> <span class='ocrx_word' id='word_1_155' title='bbox 2544 2032 2743 2121; x_wconf 80' lang='grc' dir='ltr'><strong><em>οὖρα-</em></strong></span> 
     </span>
     <span class='ocr_line' id='line_1_19' title="bbox 396 2132 2744 2225; baseline 0 -22"><span class='ocrx_word' id='word_1_156' title='bbox 396 2141 541 2203; x_wconf 87' lang='grc' dir='ltr'><strong><em>νίου</em></strong></span> <span class='ocrx_word' id='word_1_157' title='bbox 582 2137 910 2219; x_wconf 88' lang='grc' dir='ltr'><strong><em>βασιλέως</em></strong></span> <span class='ocrx_word' id='word_1_158' title='bbox 954 2132 1141 2221; x_wconf 75' lang='grc' dir='ltr'><strong><em>ἅγιον</em></strong></span> <span class='ocrx_word' id='word_1_159' title='bbox 1185 2132 1597 2216; x_wconf 77' lang='grc' dir='ltr'><strong><em>ὑποπόδιον,</em></strong></span> <span class='ocrx_word' id='word_1_160' title='bbox 1659 2137 1753 2216; x_wconf 79' lang='grc' dir='ltr'><strong><em>εἷς</em></strong></span> <span class='ocrx_word' id='word_1_161' title='bbox 1798 2135 1834 2203; x_wconf 82' lang='grc' dir='ltr'><strong>ὃ</strong></span> <span class='ocrx_word' id='word_1_162' title='bbox 1878 2141 2214 2224; x_wconf 78' lang='grc' dir='ltr'><strong><em>παρεγγυᾷ</em></strong></span> <span class='ocrx_word' id='word_1_163' title='bbox 2260 2133 2441 2225; x_wconf 82' lang='grc' dir='ltr'><strong><em>ἡμῶν</em></strong></span> <span class='ocrx_word' id='word_1_164' title='bbox 2489 2133 2524 2204; x_wconf 85' lang='lat'><em>5</em></span> <span class='ocrx_word' id='word_1_165' title='bbox 2571 2162 2744 2223; x_wconf 88' lang='grc' dir='ltr'><strong><em>προ-</em></strong></span> 
     </span>
     <span class='ocr_line' id='line_1_20' title="bbox 397 2236 2743 2326; baseline 0.001 -23"><span class='ocrx_word' id='word_1_166' title='bbox 397 2236 700 2324; x_wconf 85' lang='grc' dir='ltr'><strong><em>φητάναξ</em></strong></span> <span class='ocrx_word' id='word_1_167' title='bbox 741 2238 981 2303; x_wconf 83' lang='grc' dir='ltr'><strong><em>δαυῒδ</em></strong></span> <span class='ocrx_word' id='word_1_168' title='bbox 1037 2249 1429 2323; x_wconf 81' lang='grc' dir='ltr'><strong><em>προσκυνεῖν</em></strong></span> <span class='ocrx_word' id='word_1_169' title='bbox 1477 2239 1682 2324; x_wconf 85' lang='grc' dir='ltr'><strong><em>λέγων</em></strong></span> <span class='ocrx_word' id='word_1_170' title='bbox 1725 2238 2181 2322; x_wconf 58' lang='grc' dir='ltr'><strong><em>»εἰσέλθωμεν</em></strong></span> <span class='ocrx_word' id='word_1_171' title='bbox 2228 2239 2321 2318; x_wconf 82' lang='grc' dir='ltr'><strong><em>είς</em></strong></span> <span class='ocrx_word' id='word_1_172' title='bbox 2363 2238 2447 2307; x_wconf 83' lang='grc' dir='ltr'><strong><em>τὰ</em></strong></span> <span class='ocrx_word' id='word_1_173' title='bbox 2492 2238 2743 2326; x_wconf 72' lang='grc' dir='ltr'><strong><em>σκηνώ-</em></strong></span> 
     </span>
     <span class='ocr_line' id='line_1_21' title="bbox 394 2328 2742 2426; baseline 0.001 -22"><span class='ocrx_word' id='word_1_174' title='bbox 394 2356 574 2423; x_wconf 83' lang='grc' dir='ltr'><strong><em>ματα</em></strong></span> <span class='ocrx_word' id='word_1_175' title='bbox 618 2333 839 2419; x_wconf 83' lang='grc' dir='ltr'><strong><em>αὗτοῦ,</em></strong></span> <span class='ocrx_word' id='word_1_176' title='bbox 886 2338 1439 2426; x_wconf 84' lang='grc' dir='ltr'><strong><em>προσκυνήσωμεν</em></strong></span> <span class='ocrx_word' id='word_1_177' title='bbox 1472 2339 1566 2418; x_wconf 81' lang='grc' dir='ltr'><strong><em>εἷς</em></strong></span> <span class='ocrx_word' id='word_1_178' title='bbox 1594 2339 1710 2406; x_wconf 88' lang='grc' dir='ltr'><strong><em>τὸν</em></strong></span> <span class='ocrx_word' id='word_1_179' title='bbox 1739 2339 1969 2420; x_wconf 86' lang='grc' dir='ltr'><strong><em>τόπον,</em></strong></span> <span class='ocrx_word' id='word_1_180' title='bbox 2019 2328 2097 2406; x_wconf 74' lang='grc' dir='ltr'><strong><em>οὗ</em></strong></span> <span class='ocrx_word' id='word_1_181' title='bbox 2129 2343 2407 2426; x_wconf 77' lang='grc' dir='ltr'><strong><em>ἔστησαν</em></strong></span> <span class='ocrx_word' id='word_1_182' title='bbox 2440 2341 2504 2406; x_wconf 83' lang='grc' dir='ltr'><strong><em>οἱ</em></strong></span> <span class='ocrx_word' id='word_1_183' title='bbox 2536 2340 2742 2419; x_wconf 83' lang='grc' dir='ltr'><strong><em>πόδες</em></strong></span> 
     </span>
     <span class='ocr_line' id='line_1_22' title="bbox 396 2435 2740 2530; baseline 0.001 -22"><span class='ocrx_word' id='word_1_184' title='bbox 396 2435 645 2508; x_wconf 50' lang='grc' dir='ltr'><strong><em>αὐτοῦ’</em></strong></span> <span class='ocrx_word' id='word_1_185' title='bbox 659 2443 732 2476; x_wconf 84' lang='lat'><strong><em>⁵⁷·</em></strong></span> <span class='ocrx_word' id='word_1_186' title='bbox 786 2436 821 2505; x_wconf 84' lang='grc' dir='ltr'><em>ὃ</em></span> <span class='ocrx_word' id='word_1_187' title='bbox 864 2443 1169 2520; x_wconf 81' lang='grc' dir='ltr'><strong><em>τοιοῦτος</em></strong></span> <span class='ocrx_word' id='word_1_188' title='bbox 1213 2436 1304 2520; x_wconf 83' lang='grc' dir='ltr'><strong><em>ιῦς</em></strong></span> <span class='ocrx_word' id='word_1_189' title='bbox 1348 2440 1686 2525; x_wconf 76' lang='grc' dir='ltr'><strong><em>ἱερόσυλος</em></strong></span> <span class='ocrx_word' id='word_1_190' title='bbox 1732 2435 2177 2529; x_wconf 83' lang='grc' dir='ltr'><strong><em>εύπορήσαιτο</em></strong></span> <span class='ocrx_word' id='word_1_191' title='bbox 2223 2446 2338 2530; x_wconf 82' lang='grc' dir='ltr'><strong><em>τῆς</em></strong></span> <span class='ocrx_word' id='word_1_192' title='bbox 2383 2436 2740 2524; x_wconf 71' lang='grc' dir='ltr'><strong><em>ἀσθενείας</em></strong></span> 
     </span>
     <span class='ocr_line' id='line_1_23' title="bbox 392 2538 2736 2632; baseline 0 -23"><span class='ocrx_word' id='word_1_193' title='bbox 392 2547 511 2609; x_wconf 82' lang='grc' dir='ltr'><strong><em>τοῦ</em></strong></span> <span class='ocrx_word' id='word_1_194' title='bbox 567 2542 749 2610; x_wconf 84' lang='grc' dir='ltr'><strong><em>κάῑν</em></strong></span> <span class='ocrx_word' id='word_1_195' title='bbox 803 2545 913 2609; x_wconf 81' lang='grc' dir='ltr'><strong><em>καὶ</em></strong></span> <span class='ocrx_word' id='word_1_196' title='bbox 967 2547 1083 2630; x_wconf 87' lang='grc' dir='ltr'><strong><em>τῆς</em></strong></span> <span class='ocrx_word' id='word_1_197' title='bbox 1137 2543 1319 2630; x_wconf 80' lang='grc' dir='ltr'><strong><em>γεζῆ</em></strong></span> <span class='ocrx_word' id='word_1_198' title='bbox 1378 2544 1627 2627; x_wconf 80' lang='grc' dir='ltr'><strong><em>λέπρας</em></strong></span> <span class='ocrx_word' id='word_1_199' title='bbox 1681 2546 1786 2609; x_wconf 79' lang='grc' dir='ltr'><strong><em>καὶ</em></strong></span> <span class='ocrx_word' id='word_1_200' title='bbox 1835 2547 1950 2630; x_wconf 84' lang='grc' dir='ltr'><strong><em>τῆς</em></strong></span> <span class='ocrx_word' id='word_1_201' title='bbox 1993 2543 2109 2610; x_wconf 78' lang='grc' dir='ltr'><strong><em>τοῦ</em></strong></span> <span class='ocrx_word' id='word_1_202' title='bbox 2158 2544 2398 2610; x_wconf 79' lang='grc' dir='ltr'><strong><em>ἰούδα</em></strong></span> <span class='ocrx_word' id='word_1_203' title='bbox 2443 2538 2736 2632; x_wconf 76' lang='grc' dir='ltr'><strong><em>ἀγχόνης,</em></strong></span> 
     </span>
     <span class='ocr_line' id='line_1_24' title="bbox 392 2639 2738 2732; baseline -0 -20"><span class='ocrx_word' id='word_1_204' title='bbox 392 2650 500 2712; x_wconf 83' lang='grc' dir='ltr'><strong><em>καὶ</em></strong></span> <span class='ocrx_word' id='word_1_205' title='bbox 544 2641 582 2732; x_wconf 81' lang='grc' dir='ltr'><em>ἦ</em></span> <span class='ocrx_word' id='word_1_206' title='bbox 628 2646 813 2729; x_wconf 79' lang='grc' dir='ltr'><strong><em>μερὶς</em></strong></span> <span class='ocrx_word' id='word_1_207' title='bbox 857 2639 1056 2709; x_wconf 77' lang='grc' dir='ltr'><strong><em>αὐτοῦ</em></strong></span> <span class='ocrx_word' id='word_1_208' title='bbox 1099 2643 1266 2728; x_wconf 83' lang='grc' dir='ltr'><strong><em>μετὰ</em></strong></span> <span class='ocrx_word' id='word_1_209' title='bbox 1308 2648 1440 2710; x_wconf 89' lang='grc' dir='ltr'><strong><em>τῶν</em></strong></span> <span class='ocrx_word' id='word_1_210' title='bbox 1487 2643 2010 2732; x_wconf 83' lang='grc' dir='ltr'><strong><em>σταυρωσάντων</em></strong></span> <span class='ocrx_word' id='word_1_211' title='bbox 2053 2645 2168 2713; x_wconf 88' lang='grc' dir='ltr'><strong><em>τὸν</em></strong></span> <span class='ocrx_word' id='word_1_212' title='bbox 2212 2645 2433 2731; x_wconf 90' lang='grc' dir='ltr'><strong><em>κύριον</em></strong></span> <span class='ocrx_word' id='word_1_213' title='bbox 2478 2649 2591 2732; x_wconf 84' lang='grc' dir='ltr'><strong><em>τῆς</em></strong></span> <span class='ocrx_word' id='word_1_214' title='bbox 2625 2645 2738 2712; x_wconf 87' lang='grc' dir='ltr'><strong><em>δό-</em></strong></span> 
     </span>
     <span class='ocr_line' id='line_1_25' title="bbox 395 2745 2735 2833; baseline 0.002 -23"><span class='ocrx_word' id='word_1_215' title='bbox 395 2747 524 2833; x_wconf 85' lang='grc' dir='ltr'><strong><em>ξης.</em></strong></span> <span class='ocrx_word' id='word_1_216' title='bbox 613 2749 692 2832; x_wconf 86' lang='grc' dir='ltr'><strong><em>τῇ</em></strong></span> <span class='ocrx_word' id='word_1_217' title='bbox 736 2749 890 2831; x_wconf 83' lang='grc' dir='ltr'><strong><em>γοῦν</em></strong></span> <span class='ocrx_word' id='word_1_218' title='bbox 939 2745 1145 2827; x_wconf 83' lang='grc' dir='ltr'><strong><em>ἰσχύει</em></strong></span> <span class='ocrx_word' id='word_1_219' title='bbox 1187 2747 1293 2811; x_wconf 79' lang='grc' dir='ltr'><strong><em>καὶ</em></strong></span> <span class='ocrx_word' id='word_1_220' title='bbox 1340 2746 1664 2833; x_wconf 76' lang='grc' dir='ltr'><strong><em>ἐμφανείᾳ</em></strong></span> <span class='ocrx_word' id='word_1_221' title='bbox 1709 2751 1826 2812; x_wconf 83' lang='grc' dir='ltr'><strong><em>τοῦ</em></strong></span> <span class='ocrx_word' id='word_1_222' title='bbox 1873 2745 2205 2832; x_wconf 85' lang='grc' dir='ltr'><strong><em>παρόντος</em></strong></span> <span class='ocrx_word' id='word_1_223' title='bbox 2245 2746 2735 2832; x_wconf 87' lang='grc' dir='ltr'><strong><em>χρυσόβούλλου</em></strong></span> 
     </span>
     <span class='ocr_line' id='line_1_26' title="bbox 394 2841 2737 2934; baseline 0 -21"><span class='ocrx_word' id='word_1_224' title='bbox 394 2847 591 2933; x_wconf 88' lang='grc' dir='ltr'><strong><em>λόγου</em></strong></span> <span class='ocrx_word' id='word_1_225' title='bbox 633 2850 749 2934; x_wconf 85' lang='grc' dir='ltr'><strong><em>τῆς</em></strong></span> <span class='ocrx_word' id='word_1_226' title='bbox 788 2847 1132 2930; x_wconf 82' lang='grc' dir='ltr'><strong><em>βασιλείας</em></strong></span> <span class='ocrx_word' id='word_1_227' title='bbox 1172 2871 1301 2929; x_wconf 88' lang='grc' dir='ltr'><strong><em>μου</em></strong></span> <span class='ocrx_word' id='word_1_228' title='bbox 1346 2841 1603 2934; x_wconf 73' lang='grc' dir='ltr'><strong><em>ὀφείλει</em></strong></span> <span class='ocrx_word' id='word_1_229' title='bbox 1646 2848 2003 2932; x_wconf 80' lang='grc' dir='ltr'><strong><em>λαμβάνειν</em></strong></span> <span class='ocrx_word' id='word_1_230' title='bbox 2048 2844 2396 2926; x_wconf 76' lang='grc' dir='ltr'><strong><em>ἀκωλύτως</em></strong></span> <span class='ocrx_word' id='word_1_231' title='bbox 2439 2842 2477 2934; x_wconf 81' lang='grc' dir='ltr'><em>ἦ</em></span> <span class='ocrx_word' id='word_1_232' title='bbox 2523 2848 2737 2934; x_wconf 87' lang='grc' dir='ltr'><strong><em>δηλω-</em></strong></span> 
     </span>
     <span class='ocr_line' id='line_1_27' title="bbox 393 2945 2735 3037; baseline -0 -22"><span class='ocrx_word' id='word_1_233' title='bbox 393 2956 602 3015; x_wconf 81' lang='grc' dir='ltr'><strong><em>θεῖσα</em></strong></span> <span class='ocrx_word' id='word_1_234' title='bbox 657 2954 985 3032; x_wconf 82' lang='grc' dir='ltr'><strong><em>σεβασμία</em></strong></span> <span class='ocrx_word' id='word_1_235' title='bbox 1039 2954 1309 3035; x_wconf 85' lang='grc' dir='ltr'><strong><em>μεγίστη</em></strong></span> <span class='ocrx_word' id='word_1_236' title='bbox 1367 2950 1533 3036; x_wconf 85' lang='grc' dir='ltr'><strong><em>μονὴ</em></strong></span> <span class='ocrx_word' id='word_1_237' title='bbox 1591 2953 1708 3036; x_wconf 86' lang='grc' dir='ltr'><strong><em>τῆς</em></strong></span> <span class='ocrx_word' id='word_1_238' title='bbox 1749 2953 2093 3033; x_wconf 86' lang='grc' dir='ltr'><strong><em>βασιλείας</em></strong></span> <span class='ocrx_word' id='word_1_239' title='bbox 2135 2974 2262 3033; x_wconf 86' lang='grc' dir='ltr'><strong><em>μου</em></strong></span> <span class='ocrx_word' id='word_1_240' title='bbox 2306 2945 2346 3037; x_wconf 84' lang='grc' dir='ltr'>ἡ</span> <span class='ocrx_word' id='word_1_241' title='bbox 2394 2948 2735 3035; x_wconf 77' lang='grc' dir='ltr'><strong><em>ἐπικεκλη·</em></strong></span> 
     </span>
     <span class='ocr_line' id='line_1_28' title="bbox 388 3044 2731 3137; baseline 0 -20"><span class='ocrx_word' id='word_1_242' title='bbox 388 3056 552 3136; x_wconf 86' lang='grc' dir='ltr'><strong><em>μένη</em></strong></span> <span class='ocrx_word' id='word_1_243' title='bbox 610 3048 1187 3137; x_wconf 88' lang='grc' dir='ltr'><strong><em>ξηροποτάμου</em></strong></span> <span class='ocrx_word' id='word_1_244' title='bbox 1245 3044 1382 3115; x_wconf 77' lang='grc' dir='ltr'><strong><em>ἀπὸ</em></strong></span> <span class='ocrx_word' id='word_1_245' title='bbox 1428 3054 1547 3116; x_wconf 83' lang='grc' dir='ltr'><strong><em>τοῦ</em></strong></span> <span class='ocrx_word' id='word_1_246' title='bbox 1608 3055 1719 3118; x_wconf 82' lang='grc' dir='ltr'><strong><em>νῦν</em></strong></span> <span class='ocrx_word' id='word_1_247' title='bbox 1773 3053 1879 3118; x_wconf 80' lang='grc' dir='ltr'><strong><em>καὶ</em></strong></span> <span class='ocrx_word' id='word_1_248' title='bbox 1942 3052 2035 3130; x_wconf 80' lang='grc' dir='ltr'><strong><em>εἰς</em></strong></span> <span class='ocrx_word' id='word_1_249' title='bbox 2089 3051 2166 3117; x_wconf 87' lang='grc' dir='ltr'><strong><em>τὸ</em></strong></span> <span class='ocrx_word' id='word_1_250' title='bbox 2213 3051 2360 3137; x_wconf 81' lang='grc' dir='ltr'><strong><em>ἑξῆς</em></strong></span> <span class='ocrx_word' id='word_1_251' title='bbox 2401 3048 2478 3115; x_wconf 89' lang='grc' dir='ltr'><strong><em>τὸ</em></strong></span> <span class='ocrx_word' id='word_1_252' title='bbox 2509 3052 2731 3137; x_wconf 82' lang='grc' dir='ltr'><strong><em>’ῥηθὲν</em></strong></span> 
     </span>
     <span class='ocr_line' id='line_1_29' title="bbox 392 3148 2733 3239; baseline 0 -23"><span class='ocrx_word' id='word_1_253' title='bbox 392 3152 737 3234; x_wconf 82' lang='grc' dir='ltr'><strong><em>σολέμνιον</em></strong></span> <span class='ocrx_word' id='word_1_254' title='bbox 794 3148 979 3234; x_wconf 84' lang='grc' dir='ltr'><strong><em>παρὰ</em></strong></span> <span class='ocrx_word' id='word_1_255' title='bbox 1020 3155 1138 3217; x_wconf 86' lang='grc' dir='ltr'><strong><em>τοῦ</em></strong></span> <span class='ocrx_word' id='word_1_256' title='bbox 1183 3158 1454 3234; x_wconf 86' lang='grc' dir='ltr'><strong><em>ταμείου</em></strong></span> <span class='ocrx_word' id='word_1_257' title='bbox 1498 3155 1614 3239; x_wconf 87' lang='grc' dir='ltr'><strong><em>τῆς</em></strong></span> <span class='ocrx_word' id='word_1_258' title='bbox 1656 3157 1972 3237; x_wconf 83' lang='grc' dir='ltr'><strong><em>κραταιᾶς</em></strong></span> <span class='ocrx_word' id='word_1_259' title='bbox 2013 3153 2357 3237; x_wconf 86' lang='grc' dir='ltr'><strong><em>βασιλείας</em></strong></span> <span class='ocrx_word' id='word_1_260' title='bbox 2399 3154 2530 3216; x_wconf 90' lang='grc' dir='ltr'><strong><em>τῶν</em></strong></span> <span class='ocrx_word' id='word_1_261' title='bbox 2576 3152 2733 3235; x_wconf 86' lang='grc' dir='ltr'><strong><em>ῥω-</em></strong></span> 
     </span>
     <span class='ocr_line' id='line_1_30' title="bbox 387 3245 2732 3338; baseline -0.001 -20"><span class='ocrx_word' id='word_1_262' title='bbox 387 3259 683 3337; x_wconf 88' lang='grc' dir='ltr'><strong><em>μαίων,</em></strong></span> <span class='ocrx_word' id='word_1_263' title='bbox 743 3252 854 3318; x_wconf 79' lang='grc' dir='ltr'><strong><em>ἵνα</em></strong></span> <span class='ocrx_word' id='word_1_264' title='bbox 908 3256 1072 3338; x_wconf 84' lang='grc' dir='ltr'><strong><em>ποιῇ</em></strong></span> <span class='ocrx_word' id='word_1_265' title='bbox 1131 3254 1538 3338; x_wconf 87' lang='grc' dir='ltr'><strong><em>λειτουργίαν</em></strong></span> <span class='ocrx_word' id='word_1_266' title='bbox 1596 3254 1762 3320; x_wconf 86' lang='grc' dir='ltr'><strong><em>κατὰ</em></strong></span> <span class='ocrx_word' id='word_1_267' title='bbox 1819 3256 1957 3318; x_wconf 85' lang='grc' dir='ltr'><strong><em>πᾶν</em></strong></span> <span class='ocrx_word' id='word_1_268' title='bbox 2014 3253 2345 3336; x_wconf 85' lang='grc' dir='ltr'><strong><em>σάββατον</em></strong></span> <span class='ocrx_word' id='word_1_269' title='bbox 2401 3245 2569 3333; x_wconf 76' lang='grc' dir='ltr'><strong><em>ὑπὲρ</em></strong></span> <span class='ocrx_word' id='word_1_270' title='bbox 2613 3256 2732 3337; x_wconf 88' lang='grc' dir='ltr'><strong><em>τῆς</em></strong></span> 
     </span>
     <span class='ocr_line' id='line_1_31' title="bbox 387 3344 2725 3441; baseline -0.001 -21"><span class='ocrx_word' id='word_1_271' title='bbox 387 3361 714 3438; x_wconf 85' lang='grc' dir='ltr'><strong><em>μακαρίας</em></strong></span> <span class='ocrx_word' id='word_1_272' title='bbox 761 3357 972 3440; x_wconf 83' lang='grc' dir='ltr'><strong><em>ψυχῆς</em></strong></span> <span class='ocrx_word' id='word_1_273' title='bbox 1012 3357 1129 3441; x_wconf 89' lang='grc' dir='ltr'><strong><em>τῆς</em></strong></span> <span class='ocrx_word' id='word_1_274' title='bbox 1174 3354 1670 3440; x_wconf 74' lang='grc' dir='ltr'><strong><em>ἔρασμιωτάτης</em></strong></span> <span class='ocrx_word' id='word_1_275' title='bbox 1711 3377 1831 3436; x_wconf 87' lang='grc' dir='ltr'><strong><em>μοι</em></strong></span> <span class='ocrx_word' id='word_1_276' title='bbox 1875 3347 2182 3432; x_wconf 74' lang='grc' dir='ltr'><strong><em>ἀοιδίμου</em></strong></span> <span class='ocrx_word' id='word_1_277' title='bbox 2217 3344 2578 3434; x_wconf 83' lang='grc' dir='ltr'><strong><em>αύγούστης</em></strong></span> <span class='ocrx_word' id='word_1_278' title='bbox 2604 3358 2725 3436; x_wconf 88' lang='grc' dir='ltr'><strong><em>βα-</em></strong></span> 
     </span>
     <span class='ocr_line' id='line_1_32' title="bbox 390 3443 2728 3542; baseline -0 -22"><span class='ocrx_word' id='word_1_279' title='bbox 390 3456 694 3539; x_wconf 88' lang='grc' dir='ltr'><strong><em>σιλίσσης</em></strong></span> <span class='ocrx_word' id='word_1_280' title='bbox 736 3453 1194 3539; x_wconf 80' lang='grc' dir='ltr'><strong><em>θεοδιύρας,</em></strong></span> <span class='ocrx_word' id='word_1_281' title='bbox 1216 3443 1350 3542; x_wconf 61' lang='grc' dir='ltr'><strong><em>’ἔχῃ</em></strong></span> <span class='ocrx_word' id='word_1_282' title='bbox 1400 3457 1472 3521; x_wconf 79' lang='grc' dir='ltr'><strong><em>δὲ</em></strong></span> <span class='ocrx_word' id='word_1_283' title='bbox 1516 3456 1622 3520; x_wconf 85' lang='grc' dir='ltr'><strong><em>καὶ</em></strong></span> <span class='ocrx_word' id='word_1_284' title='bbox 1668 3451 1785 3539; x_wconf 82' lang='grc' dir='ltr'><strong><em>τὴν</em></strong></span> <span class='ocrx_word' id='word_1_285' title='bbox 1831 3453 2257 3528; x_wconf 86' lang='grc' dir='ltr'><strong><em>δεσποτείαν,</em></strong></span> <span class='ocrx_word' id='word_1_286' title='bbox 2320 3449 2728 3536; x_wconf 78' lang='grc' dir='ltr'><strong><em>ἐπικαρπίαν</em></strong></span> 
     </span>
     <span class='ocr_line' id='line_1_33' title="bbox 387 3547 2728 3643; baseline -0 -22"><span class='ocrx_word' id='word_1_287' title='bbox 387 3580 461 3621; x_wconf 90' lang='grc' dir='ltr'><strong><em>τε</em></strong></span> <span class='ocrx_word' id='word_1_288' title='bbox 513 3558 621 3621; x_wconf 80' lang='grc' dir='ltr'><strong><em>καὶ</em></strong></span> <span class='ocrx_word' id='word_1_289' title='bbox 679 3558 817 3621; x_wconf 82' lang='grc' dir='ltr'><strong><em>πᾶν</em></strong></span> <span class='ocrx_word' id='word_1_290' title='bbox 875 3555 1194 3643; x_wconf 85' lang='grc' dir='ltr'><strong><em>είσόδημα</em></strong></span> <span class='ocrx_word' id='word_1_291' title='bbox 1235 3561 1369 3623; x_wconf 86' lang='grc' dir='ltr'><strong><em>τῶν</em></strong></span> <span class='ocrx_word' id='word_1_292' title='bbox 1412 3557 1753 3642; x_wconf 82' lang='grc' dir='ltr'><strong><em>ῥηθέντων</em></strong></span> <span class='ocrx_word' id='word_1_293' title='bbox 1796 3555 1997 3635; x_wconf 80' lang='grc' dir='ltr'><strong><em>τριῶν</em></strong></span> <span class='ocrx_word' id='word_1_294' title='bbox 2043 3547 2247 3636; x_wconf 76' lang='grc' dir='ltr'><strong><em>ἁγίων</em></strong></span> <span class='ocrx_word' id='word_1_295' title='bbox 2292 3552 2728 3636; x_wconf 85' lang='grc' dir='ltr'><strong><em>περιωνύμων</em></strong></span> 
     </span>
     <span class='ocr_line' id='line_1_34' title="bbox 389 3651 2730 3744; baseline -0.002 -21"><span class='ocrx_word' id='word_1_296' title='bbox 389 3660 563 3724; x_wconf 87' lang='grc' dir='ltr'><strong><em>ναῶν</em></strong></span> <span class='ocrx_word' id='word_1_297' title='bbox 607 3683 697 3735; x_wconf 89' lang='grc' dir='ltr'><strong><em>ως</em></strong></span> <span class='ocrx_word' id='word_1_298' title='bbox 740 3656 885 3725; x_wconf 86' lang='grc' dir='ltr'><strong><em>ι’δια</em></strong></span> <span class='ocrx_word' id='word_1_299' title='bbox 926 3652 1126 3742; x_wconf 78' lang='grc' dir='ltr'><strong><em>αὐτῆς</em></strong></span> <span class='ocrx_word' id='word_1_300' title='bbox 1168 3655 1464 3744; x_wconf 84' lang='grc' dir='ltr'><strong><em>κτήιιατα</em></strong></span> <span class='ocrx_word' id='word_1_301' title='bbox 1507 3656 1611 3720; x_wconf 86' lang='grc' dir='ltr'><strong><em>καὶ</em></strong></span> <span class='ocrx_word' id='word_1_302' title='bbox 1655 3651 1947 3737; x_wconf 86' lang='grc' dir='ltr'><strong><em>μετόχια,</em></strong></span> <span class='ocrx_word' id='word_1_303' title='bbox 1994 3654 2465 3739; x_wconf 87' lang='grc' dir='ltr'><strong><em>διατηρουμένη</em></strong></span> <span class='ocrx_word' id='word_1_304' title='bbox 2511 3653 2730 3720; x_wconf 85' lang='grc' dir='ltr'><strong><em>καθά-</em></strong></span> 
     </span>
     <span class='ocr_line' id='line_1_35' title="bbox 387 3749 2727 3842; baseline -0.001 -18"><span class='ocrx_word' id='word_1_305' title='bbox 387 3759 529 3838; x_wconf 89' lang='grc' dir='ltr'><strong><em>παξ</em></strong></span> <span class='ocrx_word' id='word_1_306' title='bbox 583 3757 650 3826; x_wconf 78' lang='grc' dir='ltr'><strong><em>ἐκ</em></strong></span> <span class='ocrx_word' id='word_1_307' title='bbox 705 3756 958 3836; x_wconf 86' lang='grc' dir='ltr'><strong><em>παντὸς</em></strong></span> <span class='ocrx_word' id='word_1_308' title='bbox 997 3759 1342 3842; x_wconf 84' lang='grc' dir='ltr'><strong><em>βασιλικου</em></strong></span> <span class='ocrx_word' id='word_1_309' title='bbox 1385 3781 1458 3822; x_wconf 90' lang='grc' dir='ltr'><strong><em>τε</em></strong></span> <span class='ocrx_word' id='word_1_310' title='bbox 1501 3757 1607 3822; x_wconf 80' lang='grc' dir='ltr'><strong><em>καὶ</em></strong></span> <span class='ocrx_word' id='word_1_311' title='bbox 1656 3757 2130 3839; x_wconf 84' lang='grc' dir='ltr'><strong><em>πατριαρχικοῦ</em></strong></span> <span class='ocrx_word' id='word_1_312' title='bbox 2175 3749 2217 3841; x_wconf 84' lang='grc' dir='ltr'><em>ἢ</em></span> <span class='ocrx_word' id='word_1_313' title='bbox 2260 3756 2365 3820; x_wconf 87' lang='grc' dir='ltr'><strong><em>καὶ</em></strong></span> <span class='ocrx_word' id='word_1_314' title='bbox 2409 3758 2727 3840; x_wconf 84' lang='grc' dir='ltr'><strong><em>κοσμικοῦ</em></strong></span> 
     </span>
    </p>
   </div>
   <div class='ocr_carea' id='block_1_3' title="bbox 388 3852 2728 4046">
    <p class='ocr_par' dir='ltr' id='par_1_3' title="bbox 388 3852 2728 4046">
     <span class='ocr_line' id='line_1_36' title="bbox 388 3852 1854 3944; baseline -0.004 -18"><span class='ocrx_word' id='word_1_315' title='bbox 388 3854 762 3943; x_wconf 78' lang='grc' dir='ltr'><strong><em>ἀξιώματος</em></strong></span> <span class='ocrx_word' id='word_1_316' title='bbox 805 3856 1037 3944; x_wconf 75' lang='grc' dir='ltr'><strong><em>ἀτελής</em></strong></span> <span class='ocrx_word' id='word_1_317' title='bbox 1078 3884 1152 3924; x_wconf 90' lang='grc' dir='ltr'><strong><em>τε</em></strong></span> <span class='ocrx_word' id='word_1_318' title='bbox 1191 3861 1299 3924; x_wconf 84' lang='grc' dir='ltr'><strong><em>καὶ</em></strong></span> <span class='ocrx_word' id='word_1_319' title='bbox 1346 3852 1854 3943; x_wconf 82' lang='grc' dir='ltr'><strong><em>ἆνεπηρέαστος.</em></strong></span> 
     </span>
     <span class='ocr_line' id='line_1_37' title="bbox 555 3951 2728 4046; baseline -0.002 -19"><span class='ocrx_word' id='word_1_320' title='bbox 555 3962 675 4039; x_wconf 84' lang='grc' dir='ltr'><strong><em>Εἰς</em></strong></span> <span class='ocrx_word' id='word_1_321' title='bbox 727 3964 883 4046; x_wconf 79' lang='grc' dir='ltr'><strong><em>γοῦν</em></strong></span> <span class='ocrx_word' id='word_1_322' title='bbox 936 3958 1217 4043; x_wconf 87' lang='grc' dir='ltr'><strong><em>μόνιμον</em></strong></span> <span class='ocrx_word' id='word_1_323' title='bbox 1274 3960 1379 4026; x_wconf 83' lang='grc' dir='ltr'><strong><em>καὶ</em></strong></span> <span class='ocrx_word' id='word_1_324' title='bbox 1428 3959 1686 4044; x_wconf 86' lang='grc' dir='ltr'><strong><em>διηνεκῆ</em></strong></span> <span class='ocrx_word' id='word_1_325' title='bbox 1716 3954 1848 4043; x_wconf 74' lang='grc' dir='ltr'><strong><em>τὴν</em></strong></span> <span class='ocrx_word' id='word_1_326' title='bbox 1892 3951 2262 4044; x_wconf 79' lang='grc' dir='ltr'><strong><em>ἀσφάλειαν</em></strong></span> <span class='ocrx_word' id='word_1_327' title='bbox 2305 3953 2542 4022; x_wconf 89' lang='grc' dir='ltr'><strong><em>τούτου</em></strong></span> <span class='ocrx_word' id='word_1_328' title='bbox 2590 3955 2728 4041; x_wconf 79' lang='grc' dir='ltr'><strong><em>ἐγέ-</em></strong></span> 
     </span>
    </p>
   </div>
   <div class='ocr_carea' id='block_1_4' title="bbox 386 4052 2729 4249">
    <p class='ocr_par' dir='ltr' id='par_1_4' title="bbox 386 4052 2729 4249">
     <span class='ocr_line' id='line_1_38' title="bbox 386 4052 2729 4145; baseline -0.003 -15"><span class='ocrx_word' id='word_1_329' title='bbox 386 4085 533 4130; x_wconf 82' lang='grc' dir='ltr'><strong><em>νετο</em></strong></span> <span class='ocrx_word' id='word_1_330' title='bbox 588 4065 697 4130; x_wconf 80' lang='grc' dir='ltr'><strong><em>καὶ</em></strong></span> <span class='ocrx_word' id='word_1_331' title='bbox 756 4058 792 4127; x_wconf 90' lang='lat'><em>5</em></span> <span class='ocrx_word' id='word_1_332' title='bbox 838 4059 1071 4143; x_wconf 78' lang='grc' dir='ltr'><strong><em>παρών</em></strong></span> <span class='ocrx_word' id='word_1_333' title='bbox 1110 4057 1593 4145; x_wconf 86' lang='grc' dir='ltr'><strong><em>χρυσόβουλλος</em></strong></span> <span class='ocrx_word' id='word_1_334' title='bbox 1637 4058 1829 4144; x_wconf 79' lang='grc' dir='ltr'><strong><em>λόγος</em></strong></span> <span class='ocrx_word' id='word_1_335' title='bbox 1871 4061 1987 4145; x_wconf 87' lang='grc' dir='ltr'><strong><em>τῆς</em></strong></span> <span class='ocrx_word' id='word_1_336' title='bbox 2030 4052 2337 4144; x_wconf 75' lang='grc' dir='ltr'><strong><em>εὐσεβοῦς</em></strong></span> <span class='ocrx_word' id='word_1_337' title='bbox 2377 4052 2561 4143; x_wconf 82' lang='grc' dir='ltr'><strong><em>ἡμῶν</em></strong></span> <span class='ocrx_word' id='word_1_338' title='bbox 2603 4063 2729 4142; x_wconf 89' lang='grc' dir='ltr'><strong><em>βα-</em></strong></span> 
     </span>
     <span class='ocr_line' id='line_1_39' title="bbox 386 4158 2728 4249; baseline -0.002 -18"><span class='ocrx_word' id='word_1_339' title='bbox 386 4165 657 4244; x_wconf 84' lang='grc' dir='ltr'><strong><em>σιλείας,</em></strong></span> <span class='ocrx_word' id='word_1_340' title='bbox 705 4158 1078 4238; x_wconf 78' lang='grc' dir='ltr'><strong><em>ἀπολυθεὶς</em></strong></span> <span class='ocrx_word' id='word_1_341' title='bbox 1119 4160 1285 4248; x_wconf 79' lang='grc' dir='ltr'><strong><em>κατᾲ</em></strong></span> <span class='ocrx_word' id='word_1_342' title='bbox 1312 4163 1489 4248; x_wconf 88' lang='grc' dir='ltr'><strong><em>μῆνα</em></strong></span> <span class='ocrx_word' id='word_1_343' title='bbox 1540 4159 2097 4249; x_wconf 85' lang='grc' dir='ltr'><strong><em>φευρουάριον</em></strong></span> <span class='ocrx_word' id='word_1_344' title='bbox 2139 4162 2256 4245; x_wconf 83' lang='grc' dir='ltr'><strong><em>τῆς</em></strong></span> <span class='ocrx_word' id='word_1_345' title='bbox 2303 4158 2728 4245; x_wconf 75' lang='grc' dir='ltr'><strong><em>ἐνισταμένης</em></strong></span> 
     </span>
    </p>
   </div>
   <div class='ocr_carea' id='block_1_5' title="bbox 519 4391 2026 4464">
    <p class='ocr_par' dir='ltr' id='par_1_5' title="bbox 519 4391 2026 4464">
     <span class='ocr_line' id='line_1_40' title="bbox 519 4391 2026 4464; baseline 0 -16"><span class='ocrx_word' id='word_1_346' title='bbox 519 4398 562 4428; x_wconf 80' lang='lat'><strong><em>⁸⁸</em></strong></span> <span class='ocrx_word' id='word_1_347' title='bbox 611 4399 798 4448; x_wconf 64' lang='lat' dir='ltr'><strong>Malim:</strong></span> <span class='ocrx_word' id='word_1_348' title='bbox 854 4391 1187 4449; x_wconf 74' lang='grc' dir='ltr'><strong><em>ἐνοικιακῶν.</em></strong></span> <span class='ocrx_word' id='word_1_349' title='bbox 1420 4399 1459 4428; x_wconf 83' lang='lat'><strong><em>⁵⁷</em></strong></span> <span class='ocrx_word' id='word_1_350' title='bbox 1511 4400 1681 4451; x_wconf 77' lang='lat' dir='ltr'><strong>Psalm.</strong></span> <span class='ocrx_word' id='word_1_351' title='bbox 1737 4400 1941 4464; x_wconf 70' lang='lat' dir='ltr'>cxxxi,</span> <span class='ocrx_word' id='word_1_352' title='bbox 1978 4401 2026 4449; x_wconf 79' lang='lat'><strong><em>7.</em></strong></span> 
     </span>
    </p>
   </div>
  </div>
 </body>
</html>
