2900 4950
402 225 525 285 222
1196 203 1313 288 εοίι.
1354 238 1409 287 ιι,
1483 238 1592 288 nov.
1635 237 1758 287 cxv.
1798 236 1947 285 cxvn.

403 393 647 471 ρεσθαι
707 386 804 463 εἴς
847 388 952 452 τεῖ
1007 384 1129 462 τὰς
1170 387 1302 450 τῶν
1348 384 1802 472 φαλσαμάτων
1844 383 2103 470 γραφὰς
2147 386 2252 452 καὶ
2298 382 2417 462 τὰς
2463 387 2594 451 τῶν
2643 385 2747 452 δε-

402 479 789 572 λεασμάτων
836 485 1301 572 παραγραφὰς,
1352 482 1476 565 ιῦς3
1523 487 1587 552 εἴ
1625 491 1696 571 γέ
1741 508 1908 551 ποτε
1951 485 2228 551 τοιαῦτά
2269 510 2372 563 τις
2415 484 2602 570 παρὰ
2623 484 2744 552 τὸν

403 590 602 673 νόμον
646 591 751 655 καὶ
798 587 882 654 τὰ
926 582 1472 672 συμβιβασθέντα
1513 590 1620 653 καὶ
1664 591 1999 674 γραφῆναι
2045 582 2405 670 ὁρισθέντα
2441 582 2741 673 εὑρεθείη

401 690 997 776 διαπραττόμενος,
1056 684 1165 756 ὑπ’
1228 684 1510 775 εὐθύνην
1566 688 1848 756 ἔσεσθαι
1899 691 2005 756 καὶ
2051 687 2205 766 τοὺς
2247 682 2447 754 αὐτὸν
2490 711 2740 775 μαρτυ-

399 791 742 878 ρήσαντας.
2581 853 2588 858 „

562 890 670 959 Ἐν
716 894 755 958 δ
769 895 799 959 ὲ
842 896 948 977 τῷ
992 891 1051 977 β’
1098 915 1267 977 κεφ.
1316 887 1599 978 φησίν·
1648 886 1684 955 ὃ
1730 883 2743 976 προχειρισθησόμενοςόφείλει

402 997 515 1062 ἐπὶ
561 994 891 1078 στόματος
936 993 1103 1076 ἔχειν
1145 992 1301 1071 τοὺς
1340 992 1408 1075 μ’
1456 993 1719 1068 τίτλους
1753 995 1870 1057 τοῦ
1903 989 2288 1075 ἐγχειριδίου
2319 987 2601 1075 νομίμου
2632 994 2736 1058 καὶ

398 1099 531 1162 τῶν
577 1093 627 1175 ξ’
673 1097 982 1182 βιβλίωνΑ
1026 1093 1144 1181 τὴν
1187 1097 1447 1179 γνῶσιν,
1497 1094 1951 1177 παιδευθῆναι
1995 1094 2067 1158 δὲ
2109 1094 2213 1158 καὶ
2260 1090 2375 1178 τὴν
2411 1091 2739 1177 ἐγκύκλιον

396 1198 768 1276 παίδευσιν,
817 1193 905 1275 ιῦς
946 1195 1034 1282 μὴ
1084 1193 1551 1278 διαμαρτάνειν
1597 1194 1665 1261 ἐν
1709 1204 1857 1271 ταῖς
1902 1193 2238 1259 ἐκδόσεσιν
2281 1188 2324 1280 ἢ
2357 1195 2732 1261 διολισθαί-

398 1324 532 1364 νειν
587 1302 740 1381 περὶ
786 1298 901 1383 τὴν
947 1300 1151 1376 λέξιν,
1211 1296 1378 1377 ἔχειν
1424 1297 1496 1361 δὲ
1539 1299 1644 1362 καὶ
1691 1294 1804 1360 τὸν
1845 1294 2079 1379 χρόνον
2125 1297 2577 1381 πληρέστατον
2619 1298 2735 1361 τοῦ

396 1400 925 1483 διατρανοῦσθαι
969 1400 1075 1464 καὶ
1121 1401 1213 1482 τῷ
1260 1400 1350 1481 νῷ
1395 1399 1504 1461 καὶ
1550 1399 1643 1482 τῷ
1688 1395 1978 1478 σώματι·
2019 1394 2239 1478 χειρὸς
2283 1397 2354 1460 δὲ
2383 1400 2603 1488 γραφῇ
2637 1395 2736 1462 ἕκ-

394 1500 705 1565 τυπούτω
764 1499 830 1564 ἐν
874 1501 967 1583 τῷ
1014 1495 1339 1582 συλλόγῳ,
1403 1495 1563 1582 μήτι
1606 1500 1738 1563 τῶν
1785 1492 2120 1583 ἀδοκήτων
2166 1497 2733 1582 διαπράττεσθαι·

398 1601 458 1667 εἰ
503 1602 574 1666 δὲ
620 1605 992 1686 φωραθείη,
1042 1594 1390 1664 ἐκπίπτειν
1434 1601 1552 1662 τοῦ
1595 1601 1886 1681 βαθμοῦ.

560 1695 667 1766 Ἐν
714 1700 797 1765 δὲ
843 1702 947 1783 τῷ
991 1697 1044 1782 γ’
1092 1723 1259 1786 κεφ.
1307 1695 1589 1785 φησίν·
1635 1699 1740 1765 δεῖ
1783 1695 2326 1784 προχειρίζεσθαι
2359 1701 2593 1765 τοῦτον
2623 1695 2737 1765 οὖ-

393 1807 591 1867 τωσί·
660 1800 827 1884 μετὰ
880 1799 998 1887 τὴν
1057 1800 1534 1884 διαμαρτυρίαν
1591 1802 1696 1865 καὶ
1754 1799 1870 1886 τὴν
1928 1799 2190 1885 ἔρευναν
2249 1799 2737 1886 ἐμφανίζεσθαι

392 1901 559 1984 μετὰ
601 1905 719 1967 τοῦ
766 1901 1082 1988 συλλόγου
1128 1904 1260 1966 τῶν
1302 1903 1798 1986 ταβουλλαρὶων
1843 1904 1952 1967 καὶ
1984 1904 2101 1966 τοῦ
2134 1908 2608 1988 πριμμικηρίου
2638 1906 2734 1988 τῷ

395 2001 799 2090 ἐνδοξοτάτῳ
846 2001 1111 2089 ἐπάρχῳ
1156 2005 1272 2090 τῆς
1316 2001 1608 2081 πόλεως,
1658 2002 2026 2090 ἐφεστρίδα
2066 1997 2544 2088 ἠμφιεσμένον,
2612 2003 2735 2070 ἐπ-

368 2110 769 2189 ·ομνυμένων
816 2103 1074 2171 ἐκείνων
1120 2104 1212 2184 εἷς
1254 2103 1418 2171 θεὸν
1447 2107 1556 2171 καὶ
1586 2103 1705 2183 τὰς
1736 2110 2061 2192 σωτηρίας
2091 2107 2221 2169 τῶν
2249 2106 2598 2188 βασιλέων,
2643 2105 2731 2192 μὴ

395 2204 507 2271 διά
550 2231 698 2271 τινα
738 2203 926 2288 χάριν
971 2201 1013 2290 ἢ
1056 2205 1469 2292 παράκλησιν
1513 2201 1554 2290 ἢ
1600 2212 1969 2290 συγγένειαν
2013 2199 2056 2291 ἢ
2100 2204 2329 2291 φιλίαν
2374 2208 2608 2271 τοῦτον
2637 2210 2733 2294 τῷ

391 2309 638 2390 βαθμῷ
696 2305 1161 2386 ἐντάττεσθαι,
1223 2301 1390 2371 ἀλλὰ
1447 2301 1528 2371 δι’
1593 2301 1825 2394 άρετὴν
1879 2308 1985 2372 καὶ
2030 2309 2272 2392 γνῶσιν
2316 2309 2419 2372 καὶ
2470 2306 2734 2374 σύνεσιν

391 2408 497 2470 καὶ
544 2404 620 2468 τὸ
667 2403 884 2470 ἱκανὸν
931 2400 1099 2471 εἶναι
1145 2405 1212 2473 ἐν
1256 2409 1460 2473 πᾶσι·
1507 2409 1612 2473 καὶ
1657 2406 1824 2491 μετὰ
1866 2406 1980 2493 τὴν
2024 2409 2156 2475 τῶν
2204 2402 2411 2491 ὅρκων
2445 2414 2733 2494 βεβαίω-

392 2531 497 2573 σιν
558 2507 877 2594 σφραγῒδι
932 2502 1129 2573 αὐτὸν
1185 2509 1730 2592 προχειρίζεσθαι
1787 2508 1854 2576 ἐν
1909 2513 2004 2596 τῷ
2062 2509 2392 2596 ἐπαρχικῷ
2450 2517 2731 2597 σεκρέτῳ

390 2607 577 2691 παρὰ
631 2612 748 2673 τοῦ
806 2607 921 2695 τὴν
978 2603 1327 2695 ἡγεμονίαν
1373 2609 1660 2691 ἔχοντος,
1724 2605 1851 2676 εἶθ’
1902 2607 2111 2688 οὕτως
2157 2610 2592 2677 ἐντάττεσθαι
2635 2616 2731 2700 τῷ

304 2702 311 2709 ’
389 2707 683 2794 συλλόγῳ
740 2716 847 2774 καὶ
909 2716 1484 2794 συναριθμεῖσθαι
1548 2722 1691 2788 τοῖς
1755 2713 2292 2795 ταβουλλαρίοις·
2361 2714 2594 2779 ἔπειτα
2663 2713 2731 2779 ἓν

387 2814 542 2895 ναῷ,
593 2799 670 2875 οὗ
712 2812 997 2896 πλησίον
1040 2812 1156 2898 τὴν
1198 2819 1575 2898 κατοίκησιν
1608 2812 1754 2893 ἔχει,
1790 2808 2246 2898 ἀφικνεῖσθαι,
2295 2812 2565 2880 πάντων
2594 2817 2730 2880 τῶν

386 2911 878 2996 ταβουλλαρίων
925 2912 1315 2999 ἓφεστρίδας
1356 2909 1841 2999 ἠμφιεσμένων,
1889 2916 2000 3003 καὶ
2042 2916 2390 2982 τελεῖσθαι
2421 2910 2502 2979 δι’
2540 2908 2730 3001 εὐχῆς

385 3014 502 3075 τοῦ
552 3011 773 3096 ἱερέως
815 3011 932 3100 τὴν
979 3013 1333 3100 ἐφεστρίδα
1399 3008 1945 3099 άποβαλλὸμενον
1988 3018 2093 3080 καὶ
2144 3014 2369 3081 λευκὸν
2416 3014 2731 3101 φελόνιον

386 3112 951 3198 ἔνδιδυσκόμενον,
1019 3117 1123 3181 καὶ
1182 3113 1749 3199 προπεμπόμενον
1804 3114 1990 3201 παρὰ
2044 3119 2175 3181 τῶν
2231 3117 2730 3202 ταβουλλαρίων

384 3214 654 3282 πάντων
697 3215 817 3295 τὰς
861 3215 1253 3304 ἐφεστρίδας
1284 3212 1770 3303 ἠμφιεσμένων,
1815 3220 1932 3284 τοῦ
1965 3223 2440 3304 πριμμικηρίου
2472 3222 2730 3302 θυμια-

382 3315 608 3403 τήριον
666 3318 926 3399 ἔχοντος
986 3323 1093 3383 καὶ
1151 3317 1322 3402 πρὸς
1376 3313 1576 3384 αὐτὸν
1619 3318 1736 3404 τὴν
1782 3313 2062 3391 εὐωδίαν
2106 3319 2593 3403 ἐκπέμποντος,
2658 3319 2730 3388 ἐν

383 3427 532 3493 ταῖς
571 3420 756 3499 χερσὶ
799 3416 914 3484 τὸν
958 3418 1161 3502 νόμον
1208 3417 1709 3503 ἐπιφερόμενον,
1757 3423 1873 3484 τοῦ
1917 3424 2320 3487 κατευθῦναι
2362 3419 2480 3498 τὰς
2525 3415 2731 3500 ὀδοὺς

383 3509 585 3579 αὐτοῦ
632 3515 743 3581 διὰ
785 3521 902 3581 τοῦ
942 3515 1385 3604 θυμιατηρίου
1420 3524 1922 3605 σημαινομένου,
1972 3517 2063 3599 ὥς
2091 3527 2406 3605 θυμίαμα
2432 3520 2730 3588 ἐνώπιον

381 3621 623 3701 κυρίου.
715 3613 923 3697 οὕτως
977 3609 1091 3684 οὖν
1150 3618 1428 3701 ἐνδόξως
1484 3618 1979 3706 παραγίνεσθαι
2031 3622 2096 3689 ἐν
2140 3626 2220 3710 τῇ
2263 3624 2591 3711 καθέδρᾳ,
2658 3623 2728 3691 ἔν

378 3706 422 3805 ᾖ
467 3715 841 3805 ἐκληρώθη·
889 3713 1031 3785 εἶτα
1075 3721 1248 3788 οἴκοι
1292 3721 1816 3810 ἐπαναστρέφειν
1858 3722 2028 3807 μετὰ
2069 3727 2185 3811 τῆς
2230 3723 2465 3791 ἑαυτοῦ
2503 3724 2722 3813 δόξης,

383 3819 863 3904 συμποσιάζειν
905 3847 977 3887 τε
1019 3821 1097 3888 τὸ
1139 3826 1493 3910 τηνικαῦτα
1523 3822 1692 3908 μετὰ
1734 3828 1865 3891 τῶν
1910 3825 2395 3910 συμπαρόντων
2424 3828 2535 3893 καὶ
2564 3850 2728 3894 συν-

380 3928 880 4008 ευφραίνεσθαι.

512 4139 530 4164 ²
568 4141 683 4191 Cod.
713 4139 788 4192 δέ.
930 4143 947 4170 ³
985 4146 1213 4195 particula
1252 4139 1324 4199 ὥς
1359 4147 1560 4197 delenda
1598 4161 1706 4196 esse
1743 4149 1939 4201 videtur.
2089 4146 2110 4173 ⁴
2147 4150 2177 4200 i.
2215 4165 2258 4200 e.
2295 4150 2508 4199 Prochiri
2544 4159 2594 4199 et
2631 4151 2724 4200 Ba-

377 4223 638 4275 silicorum.
