<?xml version="1.0" encoding="UTF-8"?>
<!DOCTYPE html PUBLIC "-//W3C//DTD XHTML 1.0 Transitional//EN"
    "http://www.w3.org/TR/xhtml1/DTD/xhtml1-transitional.dtd">
<html xmlns="http://www.w3.org/1999/xhtml" xml:lang="en" lang="en">
 <head>
  <title>
</title>
<meta http-equiv="Content-Type" content="text/html;charset=utf-8" />
  <meta name='ocr-system' content='tesseract 3.04.00' />
  <meta name='ocr-capabilities' content='ocr_page ocr_carea ocr_par ocr_line ocrx_word'/>
</head>
<body>
  <div class='ocr_page' id='page_1' title='image "./jusgraecoromanu00linggoog_0286.png"; bbox 0 0 2900 4950; ppageno 0'>
   <div class='ocr_carea' id='block_1_1' title="bbox 377 247 1804 310">
    <p class='ocr_par' dir='ltr' id='par_1_1' title="bbox 377 247 1804 310">
     <span class='ocr_line' id='line_1_1' title="bbox 377 247 1804 310; baseline -0.001 -1"><span class='ocrx_word' id='word_1_1' title='bbox 377 247 503 310; x_wconf 84' lang='lat'><em>236</em></span> <span class='ocrx_word' id='word_1_2' title='bbox 1291 259 1409 309; x_wconf 81' lang='lat' dir='ltr'>eon.</span> <span class='ocrx_word' id='word_1_3' title='bbox 1445 259 1525 309; x_wconf 86' lang='lat'>111.</span> <span class='ocrx_word' id='word_1_4' title='bbox 1597 259 1708 308; x_wconf 73' lang='lat' dir='ltr'><strong>Nov.</strong></span> <span class='ocrx_word' id='word_1_5' title='bbox 1750 259 1804 308; x_wconf 84' lang='lat' dir='ltr'><em>n.</em></span> 
     </span>
    </p>
   </div>
   <div class='ocr_carea' id='block_1_2' title="bbox 375 408 1497 484">
    <p class='ocr_par' dir='ltr' id='par_1_2' title="bbox 375 408 1497 484">
     <span class='ocr_line' id='line_1_2' title="bbox 375 408 1497 484; baseline -0.004 -11"><span class='ocrx_word' id='word_1_6' title='bbox 375 413 448 473; x_wconf 81' lang='lat' dir='ltr'><em>de</em></span> <span class='ocrx_word' id='word_1_7' title='bbox 491 410 689 472; x_wconf 76' lang='lat' dir='ltr'><strong>fundis</strong></span> <span class='ocrx_word' id='word_1_8' title='bbox 733 408 1098 471; x_wconf 78' lang='lat' dir='ltr'><strong>militaribus,</strong></span> <span class='ocrx_word' id='word_1_9' title='bbox 1187 410 1277 484; x_wconf 86' lang='grc' dir='ltr'><em>(Α.</em></span> <span class='ocrx_word' id='word_1_10' title='bbox 1324 411 1497 483; x_wconf 83' lang='lat'><strong>922.)</strong></span> 
     </span>
    </p>
   </div>
   <div class='ocr_carea' id='block_1_3' title="bbox 255 568 2729 4443">
    <p class='ocr_par' dir='ltr' id='par_1_3' title="bbox 255 568 2729 4443">
     <span class='ocr_line' id='line_1_3' title="bbox 373 568 2726 646; baseline -0 -19"><span class='ocrx_word' id='word_1_11' title='bbox 373 575 498 646; x_wconf 80' lang='grc' dir='ltr'><em>ρᾶν,</em></span> <span class='ocrx_word' id='word_1_12' title='bbox 551 571 613 627; x_wconf 81' lang='grc' dir='ltr'><em>οὗ</em></span> <span class='ocrx_word' id='word_1_13' title='bbox 648 572 761 644; x_wconf 80' lang='grc' dir='ltr'><em>μὴν</em></span> <span class='ocrx_word' id='word_1_14' title='bbox 797 570 826 625; x_wconf 94' lang='lat'><em>6</em></span> <span class='ocrx_word' id='word_1_15' title='bbox 876 568 1033 630; x_wconf 78' lang='grc' dir='ltr'><em>ἄλλος</em></span> <span class='ocrx_word' id='word_1_16' title='bbox 1069 571 1096 624; x_wconf 97' lang='lat'><em>6</em></span> <span class='ocrx_word' id='word_1_17' title='bbox 1132 572 1208 644; x_wconf 82' lang='grc' dir='ltr'><em>μη</em></span> <span class='ocrx_word' id='word_1_18' title='bbox 1249 569 1326 624; x_wconf 80' lang='grc' dir='ltr'><em>ὢν</em></span> <span class='ocrx_word' id='word_1_19' title='bbox 1360 570 1640 632; x_wconf 88' lang='grc' dir='ltr'><em>κοινωνός.</em></span> <span class='ocrx_word' id='word_1_20' title='bbox 1717 570 1746 625; x_wconf 96' lang='lat'><em>6</em></span> <span class='ocrx_word' id='word_1_21' title='bbox 1780 572 1884 643; x_wconf 81' lang='grc' dir='ltr'><em>μὲν</em></span> <span class='ocrx_word' id='word_1_22' title='bbox 1917 571 2026 644; x_wconf 80' lang='grc' dir='ltr'><em>γὰρ</em></span> <span class='ocrx_word' id='word_1_23' title='bbox 2062 570 2326 628; x_wconf 80' lang='grc' dir='ltr'><em>κοινωνὸς</em></span> <span class='ocrx_word' id='word_1_24' title='bbox 2360 570 2458 625; x_wconf 78' lang='grc' dir='ltr'><em>δύο</em></span> <span class='ocrx_word' id='word_1_25' title='bbox 2495 571 2606 644; x_wconf 82' lang='grc' dir='ltr'><em>ἔχει</em></span> <span class='ocrx_word' id='word_1_26' title='bbox 2641 575 2726 628; x_wconf 81' lang='grc' dir='ltr'><em>δί-</em></span> 
     </span>
     <span class='ocr_line' id='line_1_4' title="bbox 369 652 2729 729; baseline -0 -16"><span class='ocrx_word' id='word_1_27' title='bbox 369 678 500 713; x_wconf 79' lang='grc' dir='ltr'><em>καια</em></span> <span class='ocrx_word' id='word_1_28' title='bbox 547 658 608 711; x_wconf 82' lang='grc' dir='ltr'><em>τὸ</em></span> <span class='ocrx_word' id='word_1_29' title='bbox 657 661 754 722; x_wconf 78' lang='grc' dir='ltr'><em>τῆς</em></span> <span class='ocrx_word' id='word_1_30' title='bbox 788 653 1063 728; x_wconf 79' lang='grc' dir='ltr'><em>ἀναμιγῆς</em></span> <span class='ocrx_word' id='word_1_31' title='bbox 1095 656 1188 710; x_wconf 80' lang='grc' dir='ltr'><em>καὶ</em></span> <span class='ocrx_word' id='word_1_32' title='bbox 1221 655 1284 709; x_wconf 87' lang='grc' dir='ltr'><em>τὸ</em></span> <span class='ocrx_word' id='word_1_33' title='bbox 1321 661 1418 721; x_wconf 74' lang='grc' dir='ltr'><em>τῆς</em></span> <span class='ocrx_word' id='word_1_34' title='bbox 1448 658 1755 715; x_wconf 75' lang='grc' dir='ltr'><strong><em>κοινωνίας.</em></strong></span> <span class='ocrx_word' id='word_1_35' title='bbox 1833 655 1862 709; x_wconf 92' lang='lat'><em>6</em></span> <span class='ocrx_word' id='word_1_36' title='bbox 1900 656 1959 709; x_wconf 80' lang='grc' dir='ltr'><em>δὲ</em></span> <span class='ocrx_word' id='word_1_37' title='bbox 1990 654 2066 727; x_wconf 76' lang='grc' dir='ltr'><em>μὴ</em></span> <span class='ocrx_word' id='word_1_38' title='bbox 2106 652 2185 707; x_wconf 80' lang='grc' dir='ltr'><em>ὢν</em></span> <span class='ocrx_word' id='word_1_39' title='bbox 2216 657 2483 714; x_wconf 79' lang='grc' dir='ltr'><em>κοινωνὸς</em></span> <span class='ocrx_word' id='word_1_40' title='bbox 2514 656 2576 711; x_wconf 82' lang='grc' dir='ltr'><em>ἓν</em></span> <span class='ocrx_word' id='word_1_41' title='bbox 2609 656 2729 729; x_wconf 81' lang='grc' dir='ltr'><em>ἔχει</em></span> 
     </span>
     <span class='ocr_line' id='line_1_5' title="bbox 372 736 2721 813; baseline -0 -17"><span class='ocrx_word' id='word_1_42' title='bbox 372 743 586 797; x_wconf 81' lang='grc' dir='ltr'><em>δίκαιον</em></span> <span class='ocrx_word' id='word_1_43' title='bbox 617 739 796 813; x_wconf 91' lang='grc' dir='ltr'><em>μόνον</em></span> <span class='ocrx_word' id='word_1_44' title='bbox 832 741 894 794; x_wconf 85' lang='grc' dir='ltr'><em>τὸ</em></span> <span class='ocrx_word' id='word_1_45' title='bbox 932 745 1027 807; x_wconf 77' lang='grc' dir='ltr'><em>τῆς</em></span> <span class='ocrx_word' id='word_1_46' title='bbox 1063 738 1348 811; x_wconf 80' lang='grc' dir='ltr'><em>ἀναμιγῆς.</em></span> <span class='ocrx_word' id='word_1_47' title='bbox 1398 741 1492 794; x_wconf 78' lang='grc' dir='ltr'><em>καὶ</em></span> <span class='ocrx_word' id='word_1_48' title='bbox 1524 740 1720 794; x_wconf 85' lang='grc' dir='ltr'><em>λοιπὸν</em></span> <span class='ocrx_word' id='word_1_49' title='bbox 1754 736 1890 794; x_wconf 73' lang='grc' dir='ltr'><em>ὅταν</em></span> <span class='ocrx_word' id='word_1_50' title='bbox 1922 741 2334 810; x_wconf 78' lang='grc' dir='ltr'><em>παραιτήσηται</em></span> <span class='ocrx_word' id='word_1_51' title='bbox 2369 736 2398 792; x_wconf 91' lang='lat'><em>6</em></span> <span class='ocrx_word' id='word_1_52' title='bbox 2434 741 2721 804; x_wconf 79' lang='grc' dir='ltr'><em>κοινωνὸς,</em></span> 
     </span>
     <span class='ocr_line' id='line_1_6' title="bbox 371 820 2727 897; baseline -0.001 -16"><span class='ocrx_word' id='word_1_53' title='bbox 371 825 498 882; x_wconf 88' lang='grc' dir='ltr'><em>τότε</em></span> <span class='ocrx_word' id='word_1_54' title='bbox 534 826 562 879; x_wconf 84' lang='lat'><em>6</em></span> <span class='ocrx_word' id='word_1_55' title='bbox 597 824 775 897; x_wconf 89' lang='grc' dir='ltr'><em>μόνον</em></span> <span class='ocrx_word' id='word_1_56' title='bbox 811 824 1253 895; x_wconf 79' lang='grc' dir='ltr'><em>ἀναμεμιγμένος</em></span> <span class='ocrx_word' id='word_1_57' title='bbox 1286 827 1544 885; x_wconf 79' lang='grc' dir='ltr'><em>καλεῖται,</em></span> <span class='ocrx_word' id='word_1_58' title='bbox 1584 822 1688 878; x_wconf 80' lang='grc' dir='ltr'><em>κᾶν</em></span> <span class='ocrx_word' id='word_1_59' title='bbox 1721 826 1870 886; x_wconf 76' lang='grc' dir='ltr'><em>ξένος</em></span> <span class='ocrx_word' id='word_1_60' title='bbox 1904 824 2054 878; x_wconf 78' lang='grc' dir='ltr'><em>ἐστὶν</em></span> <span class='ocrx_word' id='word_1_61' title='bbox 2089 820 2261 892; x_wconf 80' lang='grc' dir='ltr'><em>ἤγουν</em></span> <span class='ocrx_word' id='word_1_62' title='bbox 2296 820 2419 878; x_wconf 76' lang='grc' dir='ltr'><em>οὔτε</em></span> <span class='ocrx_word' id='word_1_63' title='bbox 2456 826 2727 896; x_wconf 77' lang='grc' dir='ltr'><em>συγγενὴς</em></span> 
     </span>
     <span class='ocr_line' id='line_1_7' title="bbox 372 898 2724 982; baseline 0 -18"><span class='ocrx_word' id='word_1_64' title='bbox 372 909 497 966; x_wconf 74' lang='grc' dir='ltr'><em>οὔτε</em></span> <span class='ocrx_word' id='word_1_65' title='bbox 530 908 809 967; x_wconf 81' lang='grc' dir='ltr'><em>κοινωνός.</em></span> <span class='ocrx_word' id='word_1_66' title='bbox 883 907 981 962; x_wconf 78' lang='grc' dir='ltr'><em>ἐὰν</em></span> <span class='ocrx_word' id='word_1_67' title='bbox 1014 909 1074 962; x_wconf 83' lang='grc' dir='ltr'><em>δὲ</em></span> <span class='ocrx_word' id='word_1_68' title='bbox 1108 909 1197 962; x_wconf 77' lang='grc' dir='ltr'><em>καὶ</em></span> <span class='ocrx_word' id='word_1_69' title='bbox 1233 898 1392 968; x_wconf 74' lang='grc' dir='ltr'><em>οὗτος</em></span> <span class='ocrx_word' id='word_1_70' title='bbox 1426 910 1454 962; x_wconf 90' lang='lat'><em>6</em></span> <span class='ocrx_word' id='word_1_71' title='bbox 1494 912 1592 963; x_wconf 90' lang='grc' dir='ltr'><em>τοῦ</em></span> <span class='ocrx_word' id='word_1_72' title='bbox 1627 909 1816 981; x_wconf 82' lang='grc' dir='ltr'><em>τρίτου</em></span> <span class='ocrx_word' id='word_1_73' title='bbox 1850 912 2074 979; x_wconf 87' lang='grc' dir='ltr'><em>βαθμοῦ</em></span> <span class='ocrx_word' id='word_1_74' title='bbox 2108 907 2519 980; x_wconf 78' lang='grc' dir='ltr'><em>παραιτησηται</em></span> <span class='ocrx_word' id='word_1_75' title='bbox 2554 908 2582 962; x_wconf 92' lang='lat'><em>6</em></span> <span class='ocrx_word' id='word_1_76' title='bbox 2617 912 2724 982; x_wconf 81' lang='grc' dir='ltr'><em>μό-</em></span> 
     </span>
     <span class='ocr_line' id='line_1_8' title="bbox 369 990 2723 1066; baseline 0 -17"><span class='ocrx_word' id='word_1_77' title='bbox 369 1016 472 1049; x_wconf 90' lang='grc' dir='ltr'><em>νον</em></span> <span class='ocrx_word' id='word_1_78' title='bbox 506 992 947 1066; x_wconf 86' lang='grc' dir='ltr'><em>ἀναμεμιγμένος</em></span> <span class='ocrx_word' id='word_1_79' title='bbox 990 993 1082 1046; x_wconf 78' lang='grc' dir='ltr'><em>καὶ</em></span> <span class='ocrx_word' id='word_1_80' title='bbox 1114 995 1264 1054; x_wconf 76' lang='grc' dir='ltr'><em>ξένος</em></span> <span class='ocrx_word' id='word_1_81' title='bbox 1299 991 1378 1047; x_wconf 82' lang='grc' dir='ltr'><em>ῶν</em></span> <span class='ocrx_word' id='word_1_82' title='bbox 1410 994 1503 1048; x_wconf 80' lang='grc' dir='ltr'><em>καὶ</em></span> <span class='ocrx_word' id='word_1_83' title='bbox 1533 991 1673 1064; x_wconf 78' lang='grc' dir='ltr'><em>μήτε</em></span> <span class='ocrx_word' id='word_1_84' title='bbox 1708 992 1971 1063; x_wconf 78' lang='grc' dir='ltr'><em>συγγενὴς</em></span> <span class='ocrx_word' id='word_1_85' title='bbox 2002 990 2143 1063; x_wconf 71' lang='grc' dir='ltr'><em>μήτε</em></span> <span class='ocrx_word' id='word_1_86' title='bbox 2173 993 2454 1055; x_wconf 79' lang='grc' dir='ltr'><em>κοινωνὸς,</em></span> <span class='ocrx_word' id='word_1_87' title='bbox 2482 992 2609 1048; x_wconf 89' lang='grc' dir='ltr'><em>τότε</em></span> <span class='ocrx_word' id='word_1_88' title='bbox 2624 1014 2723 1049; x_wconf 77' lang='grc' dir='ltr'><em>κα-</em></span> 
     </span>
     <span class='ocr_line' id='line_1_9' title="bbox 369 1066 2719 1151; baseline -0 -19"><span class='ocrx_word' id='word_1_89' title='bbox 369 1081 542 1135; x_wconf 84' lang='grc' dir='ltr'><em>λεῖται</em></span> <span class='ocrx_word' id='word_1_90' title='bbox 577 1077 605 1131; x_wconf 89' lang='lat'>6</span> <span class='ocrx_word' id='word_1_91' title='bbox 643 1082 740 1131; x_wconf 90' lang='grc' dir='ltr'><em>τοῦ</em></span> <span class='ocrx_word' id='word_1_92' title='bbox 775 1076 1123 1146; x_wconf 77' lang='grc' dir='ltr'><em>τετάρτου</em></span> <span class='ocrx_word' id='word_1_93' title='bbox 1156 1083 1394 1150; x_wconf 91' lang='grc' dir='ltr'><em>βαθμοῦ.</em></span> <span class='ocrx_word' id='word_1_94' title='bbox 1448 1078 1533 1135; x_wconf 87' lang='grc' dir='ltr'><em>τίς</em></span> <span class='ocrx_word' id='word_1_95' title='bbox 1567 1076 1626 1131; x_wconf 85' lang='grc' dir='ltr'><em>δὲ</em></span> <span class='ocrx_word' id='word_1_96' title='bbox 1645 1075 1812 1131; x_wconf 88' lang='grc' dir='ltr'><em>πάλιν</em></span> <span class='ocrx_word' id='word_1_97' title='bbox 1835 1066 1994 1135; x_wconf 74' lang='grc' dir='ltr'><em>οὗτός</em></span> <span class='ocrx_word' id='word_1_98' title='bbox 2010 1075 2179 1139; x_wconf 83' lang='grc' dir='ltr'><em>ἐστιν,</em></span> <span class='ocrx_word' id='word_1_99' title='bbox 2220 1075 2490 1131; x_wconf 79' lang='grc' dir='ltr'><em>ἄκουσον·</em></span> <span class='ocrx_word' id='word_1_100' title='bbox 2531 1076 2560 1131; x_wconf 93' lang='lat'>6</span> <span class='ocrx_word' id='word_1_101' title='bbox 2582 1096 2719 1151; x_wconf 87' lang='grc' dir='ltr'><em>συμ-</em></span> 
     </span>
     <span class='ocr_line' id='line_1_10' title="bbox 368 1153 2715 1235; baseline 0 -18"><span class='ocrx_word' id='word_1_102' title='bbox 368 1163 762 1235; x_wconf 84' lang='grc' dir='ltr'><em>παρακείμενος</em></span> <span class='ocrx_word' id='word_1_103' title='bbox 799 1160 1072 1232; x_wconf 78' lang='grc' dir='ltr'><em>ὅμοτελῆς.</em></span> <span class='ocrx_word' id='word_1_104' title='bbox 1126 1153 1247 1215; x_wconf 76' lang='grc' dir='ltr'><em>οἷον</em></span> <span class='ocrx_word' id='word_1_105' title='bbox 1280 1160 1633 1234; x_wconf 86' lang='grc' dir='ltr'><em>παράδειγμα</em></span> <span class='ocrx_word' id='word_1_106' title='bbox 1668 1160 1832 1214; x_wconf 90' lang='grc' dir='ltr'><em>τοῦτό</em></span> <span class='ocrx_word' id='word_1_107' title='bbox 1869 1158 1987 1214; x_wconf 78' lang='grc' dir='ltr'><em>ἔστι</em></span> <span class='ocrx_word' id='word_1_108' title='bbox 2027 1162 2087 1215; x_wconf 84' lang='grc' dir='ltr'><em>τὸ</em></span> <span class='ocrx_word' id='word_1_109' title='bbox 2123 1165 2379 1215; x_wconf 87' lang='grc' dir='ltr'><em>τοιοῦτον</em></span> <span class='ocrx_word' id='word_1_110' title='bbox 2400 1182 2412 1194; x_wconf 91' lang='grc'><em>·</em></span> <span class='ocrx_word' id='word_1_111' title='bbox 2452 1161 2622 1217; x_wconf 78' lang='grc' dir='ltr'><em>ἐκεῖνο</em></span> <span class='ocrx_word' id='word_1_112' title='bbox 2648 1164 2715 1218; x_wconf 83' lang='grc' dir='ltr'><em>τὸ</em></span> 
     </span>
     <span class='ocr_line' id='line_1_11' title="bbox 255 1237 2716 1320; baseline 0.002 -25"><span class='ocrx_word' id='word_1_113' title='bbox 255 1245 282 1295; x_wconf 87' lang='grc' dir='ltr'>Γ</span> <span class='ocrx_word' id='word_1_114' title='bbox 285 1244 348 1257; x_wconf 34' lang='lat' dir='ltr'><em>‘X</em></span> <span class='ocrx_word' id='word_1_115' title='bbox 368 1248 588 1320; x_wconf 79' lang='grc' dir='ltr'><em>πραθὲν</em></span> <span class='ocrx_word' id='word_1_116' title='bbox 634 1244 982 1318; x_wconf 76' lang='grc' dir='ltr'><em>προάστειον,</em></span> <span class='ocrx_word' id='word_1_117' title='bbox 1033 1243 1165 1319; x_wconf 78' lang='grc' dir='ltr'><em>ὅπερ</em></span> <span class='ocrx_word' id='word_1_118' title='bbox 1214 1245 1501 1320; x_wconf 72' lang='grc' dir='ltr'><em>ἠγόρασαν</em></span> <span class='ocrx_word' id='word_1_119' title='bbox 1548 1244 1604 1300; x_wconf 81' lang='grc' dir='ltr'><em>οἱ</em></span> <span class='ocrx_word' id='word_1_120' title='bbox 1637 1237 1735 1300; x_wconf 73' lang='grc' dir='ltr'><em>οὖν</em></span> <span class='ocrx_word' id='word_1_121' title='bbox 1766 1245 2022 1317; x_wconf 72' lang='grc' dir='ltr'><em>ιςοινωνοὶ</em></span> <span class='ocrx_word' id='word_1_122' title='bbox 2057 1244 2173 1317; x_wconf 80' lang='grc' dir='ltr'><em>ἅμα</em></span> <span class='ocrx_word' id='word_1_123' title='bbox 2206 1246 2298 1299; x_wconf 85' lang='grc' dir='ltr'><em>καὶ</em></span> <span class='ocrx_word' id='word_1_124' title='bbox 2334 1246 2490 1305; x_wconf 80' lang='grc' dir='ltr'><em>ἄλλος</em></span> <span class='ocrx_word' id='word_1_125' title='bbox 2521 1246 2716 1319; x_wconf 83' lang='grc' dir='ltr'><em>μόνος,</em></span> 
     </span>
     <span class='ocr_line' id='line_1_12' title="bbox 368 1328 2720 1402; baseline 0 -17"><span class='ocrx_word' id='word_1_126' title='bbox 368 1332 509 1397; x_wconf 70' lang='grc' dir='ltr'><em>πλὴν</em></span> <span class='ocrx_word' id='word_1_127' title='bbox 553 1332 646 1385; x_wconf 78' lang='grc' dir='ltr'><em>καὶ</em></span> <span class='ocrx_word' id='word_1_128' title='bbox 696 1328 752 1384; x_wconf 81' lang='grc' dir='ltr'><em>οἱ</em></span> <span class='ocrx_word' id='word_1_129' title='bbox 795 1338 940 1401; x_wconf 79' lang='grc' dir='ltr'><em>τρεῖς</em></span> <span class='ocrx_word' id='word_1_130' title='bbox 985 1328 1290 1401; x_wconf 72' lang='grc' dir='ltr'><em>ἀδιαίρετοι</em></span> <span class='ocrx_word' id='word_1_131' title='bbox 1333 1332 1424 1385; x_wconf 82' lang='grc' dir='ltr'><em>καὶ</em></span> <span class='ocrx_word' id='word_1_132' title='bbox 1472 1328 1938 1402; x_wconf 88' lang='grc' dir='ltr'><em>ἀναμεμιγμένοι,</em></span> <span class='ocrx_word' id='word_1_133' title='bbox 1988 1334 2151 1384; x_wconf 87' lang='grc' dir='ltr'><em>τοῦτο</em></span> <span class='ocrx_word' id='word_1_134' title='bbox 2187 1329 2297 1401; x_wconf 84' lang='grc' dir='ltr'><em>ἔχει</em></span> <span class='ocrx_word' id='word_1_135' title='bbox 2329 1330 2556 1401; x_wconf 83' lang='grc' dir='ltr'><em>γείτονά</em></span> <span class='ocrx_word' id='word_1_136' title='bbox 2589 1351 2720 1386; x_wconf 86' lang='grc' dir='ltr'><em>τινα</em></span> 
     </span>
     <span class='ocr_line' id='line_1_13' title="bbox 370 1412 2712 1488; baseline 0 -18"><span class='ocrx_word' id='word_1_137' title='bbox 370 1417 580 1486; x_wconf 81' lang='grc' dir='ltr'><em>σύνορα</em></span> <span class='ocrx_word' id='word_1_138' title='bbox 625 1413 825 1486; x_wconf 81' lang='grc' dir='ltr'><em>ἔχοντα</em></span> <span class='ocrx_word' id='word_1_139' title='bbox 872 1415 1355 1488; x_wconf 75' lang='grc' dir='ltr'><em>συμπαρακείμενα</em></span> <span class='ocrx_word' id='word_1_140' title='bbox 1399 1414 1541 1486; x_wconf 83' lang='grc' dir='ltr'><em>πρὸς</em></span> <span class='ocrx_word' id='word_1_141' title='bbox 1586 1414 1656 1468; x_wconf 78' lang='grc' dir='ltr'><em>τὰ</em></span> <span class='ocrx_word' id='word_1_142' title='bbox 1691 1412 1899 1484; x_wconf 81' lang='grc' dir='ltr'><em>σύνορα</em></span> <span class='ocrx_word' id='word_1_143' title='bbox 1936 1417 2033 1467; x_wconf 90' lang='grc' dir='ltr'><em>τοῦ</em></span> <span class='ocrx_word' id='word_1_144' title='bbox 2070 1412 2322 1469; x_wconf 78' lang='grc' dir='ltr'><em>τοιούτου</em></span> <span class='ocrx_word' id='word_1_145' title='bbox 2354 1416 2712 1487; x_wconf 85' lang='grc' dir='ltr'><em>προαστείου,</em></span> 
     </span>
     <span class='ocr_line' id='line_1_14' title="bbox 367 1495 2718 1572; baseline 0 -19"><span class='ocrx_word' id='word_1_146' title='bbox 367 1499 461 1553; x_wconf 73' lang='grc' dir='ltr'><em>καὶ</em></span> <span class='ocrx_word' id='word_1_147' title='bbox 494 1499 601 1554; x_wconf 76' lang='grc' dir='ltr'><em>εἶσὶ</em></span> <span class='ocrx_word' id='word_1_148' title='bbox 634 1499 704 1552; x_wconf 78' lang='grc' dir='ltr'><em>τὰ</em></span> <span class='ocrx_word' id='word_1_149' title='bbox 732 1498 1007 1570; x_wconf 84' lang='grc' dir='ltr'><em>χωράφια</em></span> <span class='ocrx_word' id='word_1_150' title='bbox 1051 1498 1221 1569; x_wconf 83' lang='grc' dir='ltr'><em>τυχὸν</em></span> <span class='ocrx_word' id='word_1_151' title='bbox 1270 1498 1477 1554; x_wconf 72' lang='grc' dir='ltr'><em>ἐκείνου</em></span> <span class='ocrx_word' id='word_1_152' title='bbox 1514 1496 1686 1570; x_wconf 78' lang='grc' dir='ltr'><em>ἤγουν</em></span> <span class='ocrx_word' id='word_1_153' title='bbox 1721 1496 1779 1551; x_wconf 79' lang='grc' dir='ltr'><em>οἷ</em></span> <span class='ocrx_word' id='word_1_154' title='bbox 1808 1495 2121 1570; x_wconf 72' lang='grc' dir='ltr'><em>ἀμπελῶνες</em></span> <span class='ocrx_word' id='word_1_155' title='bbox 2156 1503 2533 1572; x_wconf 86' lang='grc' dir='ltr'><em>συνοροῦντες,</em></span> <span class='ocrx_word' id='word_1_156' title='bbox 2572 1501 2718 1565; x_wconf 78' lang='grc' dir='ltr'><em>πλὴν</em></span> 
     </span>
     <span class='ocr_line' id='line_1_15' title="bbox 368 1577 2718 1654; baseline -0 -15"><span class='ocrx_word' id='word_1_157' title='bbox 368 1584 460 1639; x_wconf 80' lang='grc' dir='ltr'><em>καὶ</em></span> <span class='ocrx_word' id='word_1_158' title='bbox 506 1586 755 1639; x_wconf 81' lang='grc' dir='ltr'><em>τελοῦσιν</em></span> <span class='ocrx_word' id='word_1_159' title='bbox 800 1582 904 1637; x_wconf 80' lang='lat'>6716</span> <span class='ocrx_word' id='word_1_160' title='bbox 951 1581 1048 1637; x_wconf 74' lang='grc' dir='ltr'><em>ἕνα</em></span> <span class='ocrx_word' id='word_1_161' title='bbox 1096 1581 1367 1649; x_wconf 74' lang='grc' dir='ltr'><em>δεσπότην</em></span> <span class='ocrx_word' id='word_1_162' title='bbox 1411 1583 1506 1637; x_wconf 78' lang='grc' dir='ltr'><em>καὶ</em></span> <span class='ocrx_word' id='word_1_163' title='bbox 1551 1582 1719 1637; x_wconf 75' lang='grc' dir='ltr'><em>ἐκεῖνο</em></span> <span class='ocrx_word' id='word_1_164' title='bbox 1756 1582 1819 1635; x_wconf 80' lang='grc' dir='ltr'><em>τὸ</em></span> <span class='ocrx_word' id='word_1_165' title='bbox 1855 1582 2186 1654; x_wconf 78' lang='grc' dir='ltr'><em>προάστειον</em></span> <span class='ocrx_word' id='word_1_166' title='bbox 2218 1585 2313 1637; x_wconf 80' lang='grc' dir='ltr'><em>καὶ</em></span> <span class='ocrx_word' id='word_1_167' title='bbox 2345 1588 2540 1646; x_wconf 86' lang='grc' dir='ltr'><em>τοῦτο,</em></span> <span class='ocrx_word' id='word_1_168' title='bbox 2594 1577 2718 1639; x_wconf 84' lang='grc' dir='ltr'><em>οἷον</em></span> 
     </span>
     <span class='ocr_line' id='line_1_16' title="bbox 368 1664 2717 1742; baseline 0.001 -21"><span class='ocrx_word' id='word_1_169' title='bbox 368 1667 473 1721; x_wconf 75' lang='lat'>6⁷16</span> <span class='ocrx_word' id='word_1_170' title='bbox 508 1669 647 1739; x_wconf 86' lang='grc' dir='ltr'><em>μίαν</em></span> <span class='ocrx_word' id='word_1_171' title='bbox 682 1664 1124 1738; x_wconf 73' lang='grc' dir='ltr'><em>ἀρχιεπισκοπῆν,</em></span> <span class='ocrx_word' id='word_1_172' title='bbox 1168 1664 1198 1732; x_wconf 80' lang='grc' dir='ltr'><strong><em>ἢ</em></strong></span> <span class='ocrx_word' id='word_1_173' title='bbox 1234 1669 1504 1722; x_wconf 76' lang='grc' dir='ltr'><em>κλείονται</em></span> <span class='ocrx_word' id='word_1_174' title='bbox 1538 1665 1614 1726; x_wconf 82' lang='grc' dir='ltr'><em>εἷς</em></span> <span class='ocrx_word' id='word_1_175' title='bbox 1646 1667 1708 1723; x_wconf 70' lang='grc' dir='ltr'><em>ἓν</em></span> <span class='ocrx_word' id='word_1_176' title='bbox 1742 1667 1911 1738; x_wconf 83' lang='grc' dir='ltr'><em>τυχὸν</em></span> <span class='ocrx_word' id='word_1_177' title='bbox 1937 1667 2152 1740; x_wconf 84' lang='grc' dir='ltr'><em>χωρίον</em></span> <span class='ocrx_word' id='word_1_178' title='bbox 2176 1664 2308 1740; x_wconf 78' lang='grc' dir='ltr'><em>ὅπερ</em></span> <span class='ocrx_word' id='word_1_179' title='bbox 2325 1670 2542 1741; x_wconf 81' lang='grc' dir='ltr'><em>χωρίον</em></span> <span class='ocrx_word' id='word_1_180' title='bbox 2564 1688 2717 1742; x_wconf 85' lang='grc' dir='ltr'><em>περι·</em></span> 
     </span>
     <span class='ocr_line' id='line_1_17' title="bbox 367 1744 2715 1825; baseline -0 -19"><span class='ocrx_word' id='word_1_181' title='bbox 367 1750 525 1806; x_wconf 73' lang='grc' dir='ltr'><em>κλείει</em></span> <span class='ocrx_word' id='word_1_182' title='bbox 558 1751 712 1811; x_wconf 78' lang='grc' dir='ltr'><em>ἐντὸς</em></span> <span class='ocrx_word' id='word_1_183' title='bbox 743 1752 913 1806; x_wconf 80' lang='grc' dir='ltr'><em>πολλὰ</em></span> <span class='ocrx_word' id='word_1_184' title='bbox 947 1750 1266 1824; x_wconf 76' lang='grc' dir='ltr'><em>προάστεια.</em></span> <span class='ocrx_word' id='word_1_185' title='bbox 1321 1751 1421 1805; x_wconf 80' lang='grc' dir='ltr'><em>έάν</em></span> <span class='ocrx_word' id='word_1_186' title='bbox 1458 1744 1558 1807; x_wconf 73' lang='grc' dir='ltr'><em>οὖν</em></span> <span class='ocrx_word' id='word_1_187' title='bbox 1591 1754 1837 1816; x_wconf 81' lang='grc' dir='ltr'><em>πωλῆται</em></span> <span class='ocrx_word' id='word_1_188' title='bbox 1870 1750 2039 1804; x_wconf 76' lang='grc' dir='ltr'><em>έκεῖνο</em></span> <span class='ocrx_word' id='word_1_189' title='bbox 2078 1751 2141 1804; x_wconf 84' lang='grc' dir='ltr'><em>τὸ</em></span> <span class='ocrx_word' id='word_1_190' title='bbox 2177 1754 2509 1825; x_wconf 79' lang='grc' dir='ltr'><em>προγραφὲν</em></span> <span class='ocrx_word' id='word_1_191' title='bbox 2542 1752 2715 1825; x_wconf 83' lang='grc' dir='ltr'><em>προά-</em></span> 
     </span>
     <span class='ocr_line' id='line_1_18' title="bbox 370 1832 2719 1908; baseline 0 -18"><span class='ocrx_word' id='word_1_192' title='bbox 370 1854 554 1890; x_wconf 87' lang='grc' dir='ltr'><em>στειον</em></span> <span class='ocrx_word' id='word_1_193' title='bbox 604 1834 635 1900; x_wconf 81' lang='grc' dir='ltr'><em>ἢ</em></span> <span class='ocrx_word' id='word_1_194' title='bbox 681 1838 848 1907; x_wconf 80' lang='grc' dir='ltr'><em>μέρος</em></span> <span class='ocrx_word' id='word_1_195' title='bbox 895 1834 983 1891; x_wconf 79' lang='grc' dir='ltr'><em>ἀπ’</em></span> <span class='ocrx_word' id='word_1_196' title='bbox 1037 1836 1223 1897; x_wconf 74' lang='grc' dir='ltr'><em>αὐτοῦ,</em></span> <span class='ocrx_word' id='word_1_197' title='bbox 1278 1835 1307 1888; x_wconf 90' lang='lat'>6</span> <span class='ocrx_word' id='word_1_198' title='bbox 1346 1837 1818 1907; x_wconf 67' lang='grc' dir='ltr'><em>συμπεπλεγμένοι·</em></span> <span class='ocrx_word' id='word_1_199' title='bbox 1851 1835 1943 1889; x_wconf 79' lang='grc' dir='ltr'><em>καὶ</em></span> <span class='ocrx_word' id='word_1_200' title='bbox 1977 1832 2418 1908; x_wconf 75' lang='grc' dir='ltr'><em>ἀναμεμιγμένος</em></span> <span class='ocrx_word' id='word_1_201' title='bbox 2452 1839 2719 1907; x_wconf 75' lang='grc' dir='ltr'><em>συγγενὴς</em></span> 
     </span>
     <span class='ocr_line' id='line_1_19' title="bbox 366 1917 2716 1993; baseline 0 -18"><span class='ocrx_word' id='word_1_202' title='bbox 366 1920 586 1991; x_wconf 83' lang='grc' dir='ltr'><em>πρῶτός</em></span> <span class='ocrx_word' id='word_1_203' title='bbox 631 1918 749 1973; x_wconf 82' lang='grc' dir='ltr'><em>ἔστι</em></span> <span class='ocrx_word' id='word_1_204' title='bbox 794 1920 1051 1975; x_wconf 86' lang='grc' dir='ltr'><em>πάντων·</em></span> <span class='ocrx_word' id='word_1_205' title='bbox 1100 1920 1149 1975; x_wconf 79' lang='grc' dir='ltr'><em>εἰ</em></span> <span class='ocrx_word' id='word_1_206' title='bbox 1184 1922 1242 1975; x_wconf 80' lang='grc' dir='ltr'><em>δὲ</em></span> <span class='ocrx_word' id='word_1_207' title='bbox 1278 1921 1479 1980; x_wconf 77' lang='grc' dir='ltr'><em>ἐκεῖνος</em></span> <span class='ocrx_word' id='word_1_208' title='bbox 1510 1919 1937 1993; x_wconf 73' lang='grc' dir='ltr'><em>παραιτήσηται,</em></span> <span class='ocrx_word' id='word_1_209' title='bbox 1978 1917 2229 1989; x_wconf 78' lang='grc' dir='ltr'><em>δεύτερός</em></span> <span class='ocrx_word' id='word_1_210' title='bbox 2262 1919 2413 1974; x_wconf 78' lang='grc' dir='ltr'><em>ἐστιν</em></span> <span class='ocrx_word' id='word_1_211' title='bbox 2447 1920 2476 1974; x_wconf 90' lang='lat'>6</span> <span class='ocrx_word' id='word_1_212' title='bbox 2513 1918 2716 1993; x_wconf 83' lang='grc' dir='ltr'><em>ἀναμε-</em></span> 
     </span>
     <span class='ocr_line' id='line_1_20' title="bbox 364 2002 2717 2077; baseline 0 -18"><span class='ocrx_word' id='word_1_213' title='bbox 364 2006 633 2077; x_wconf 88' lang='grc' dir='ltr'><em>μιγμένος</em></span> <span class='ocrx_word' id='word_1_214' title='bbox 668 2003 1064 2074; x_wconf 81' lang='grc' dir='ltr'><em>συγκοινωνός·</em></span> <span class='ocrx_word' id='word_1_215' title='bbox 1103 2004 1151 2060; x_wconf 84' lang='grc' dir='ltr'><em>εἷ</em></span> <span class='ocrx_word' id='word_1_216' title='bbox 1186 2006 1245 2059; x_wconf 81' lang='grc' dir='ltr'><em>δὲ</em></span> <span class='ocrx_word' id='word_1_217' title='bbox 1278 2006 1370 2059; x_wconf 83' lang='grc' dir='ltr'><em>καὶ</em></span> <span class='ocrx_word' id='word_1_218' title='bbox 1404 2005 1605 2065; x_wconf 80' lang='grc' dir='ltr'><em>ἐκεῖνος</em></span> <span class='ocrx_word' id='word_1_219' title='bbox 1640 2002 1704 2058; x_wconf 83' lang='grc' dir='ltr'><em>οὐ</em></span> <span class='ocrx_word' id='word_1_220' title='bbox 1739 2005 1904 2064; x_wconf 81' lang='grc' dir='ltr'><em>θέλει,</em></span> <span class='ocrx_word' id='word_1_221' title='bbox 1944 2005 2129 2076; x_wconf 83' lang='grc' dir='ltr'><em>τρίτος</em></span> <span class='ocrx_word' id='word_1_222' title='bbox 2151 2003 2303 2058; x_wconf 74' lang='grc' dir='ltr'><em>ἐστὶν</em></span> <span class='ocrx_word' id='word_1_223' title='bbox 2328 2004 2357 2058; x_wconf 88' lang='lat'>6</span> <span class='ocrx_word' id='word_1_224' title='bbox 2382 2004 2562 2077; x_wconf 86' lang='grc' dir='ltr'><em>μόνον</em></span> <span class='ocrx_word' id='word_1_225' title='bbox 2578 2002 2717 2059; x_wconf 85' lang='grc' dir='ltr'><em>ἀνα-</em></span> 
     </span>
     <span class='ocr_line' id='line_1_21' title="bbox 364 2086 2716 2162; baseline 0 -18"><span class='ocrx_word' id='word_1_226' title='bbox 364 2092 699 2162; x_wconf 87' lang='grc' dir='ltr'><em>μεμιγμένος</em></span> <span class='ocrx_word' id='word_1_227' title='bbox 742 2087 846 2143; x_wconf 82' lang='grc' dir='ltr'><em>κᾶν</em></span> <span class='ocrx_word' id='word_1_228' title='bbox 881 2091 1030 2148; x_wconf 72' lang='grc' dir='ltr'><em>ξένος</em></span> <span class='ocrx_word' id='word_1_229' title='bbox 1061 2088 1238 2154; x_wconf 89' lang='grc' dir='ltr'><em>πάντη</em></span> <span class='ocrx_word' id='word_1_230' title='bbox 1288 2088 1438 2144; x_wconf 74' lang='grc' dir='ltr'><em>ἐστὶν</em></span> <span class='ocrx_word' id='word_1_231' title='bbox 1471 2090 1564 2143; x_wconf 82' lang='grc' dir='ltr'><em>καὶ</em></span> <span class='ocrx_word' id='word_1_232' title='bbox 1595 2087 1735 2160; x_wconf 76' lang='grc' dir='ltr'><em>μήτε</em></span> <span class='ocrx_word' id='word_1_233' title='bbox 1771 2088 2032 2158; x_wconf 71' lang='grc' dir='ltr'><em>συγγενὴς</em></span> <span class='ocrx_word' id='word_1_234' title='bbox 2064 2086 2202 2159; x_wconf 68' lang='grc' dir='ltr'><em>μήτε</em></span> <span class='ocrx_word' id='word_1_235' title='bbox 2237 2091 2514 2148; x_wconf 81' lang='grc' dir='ltr'><em>κοινωνός.</em></span> <span class='ocrx_word' id='word_1_236' title='bbox 2579 2089 2629 2145; x_wconf 73' lang='grc' dir='ltr'><em>εἰ</em></span> <span class='ocrx_word' id='word_1_237' title='bbox 2651 2091 2716 2145; x_wconf 83' lang='grc' dir='ltr'><em>δὲ</em></span> 
     </span>
     <span class='ocr_line' id='line_1_22' title="bbox 363 2165 2713 2245; baseline -0 -16"><span class='ocrx_word' id='word_1_238' title='bbox 363 2176 455 2229; x_wconf 78' lang='grc' dir='ltr'><em>καὶ</em></span> <span class='ocrx_word' id='word_1_239' title='bbox 504 2165 664 2234; x_wconf 73' lang='grc' dir='ltr'><em>οὗτος</em></span> <span class='ocrx_word' id='word_1_240' title='bbox 710 2172 772 2228; x_wconf 82' lang='grc' dir='ltr'><em>οὗ</em></span> <span class='ocrx_word' id='word_1_241' title='bbox 817 2174 1069 2243; x_wconf 77' lang='grc' dir='ltr'><em>βούλεται</em></span> <span class='ocrx_word' id='word_1_242' title='bbox 1115 2172 1143 2227; x_wconf 88' lang='lat'>6</span> <span class='ocrx_word' id='word_1_243' title='bbox 1195 2174 1408 2245; x_wconf 87' lang='grc' dir='ltr'><em>τρίτος,</em></span> <span class='ocrx_word' id='word_1_244' title='bbox 1460 2173 1583 2227; x_wconf 87' lang='grc' dir='ltr'><em>τότε</em></span> <span class='ocrx_word' id='word_1_245' title='bbox 1627 2175 1871 2227; x_wconf 82' lang='grc' dir='ltr'><em>καλεῖται</em></span> <span class='ocrx_word' id='word_1_246' title='bbox 1906 2171 1935 2225; x_wconf 89' lang='lat'>6</span> <span class='ocrx_word' id='word_1_247' title='bbox 1974 2172 2293 2243; x_wconf 59' lang='grc' dir='ltr'><em>τέταρτος*</em></span> <span class='ocrx_word' id='word_1_248' title='bbox 2268 2195 2296 2226; x_wconf 92' lang='grc' dir='ltr'><em>ο</em></span> <span class='ocrx_word' id='word_1_249' title='bbox 2332 2172 2436 2228; x_wconf 79' lang='grc' dir='ltr'><em>ὑπὸ</em></span> <span class='ocrx_word' id='word_1_250' title='bbox 2474 2172 2537 2227; x_wconf 85' lang='grc' dir='ltr'><em>τὸ</em></span> <span class='ocrx_word' id='word_1_251' title='bbox 2575 2172 2713 2228; x_wconf 53' lang='lat' dir='ltr'><em>abra</em></span> 
     </span>
     <span class='ocr_line' id='line_1_23' title="bbox 357 2254 2713 2332; baseline -0.001 -20"><span class='ocrx_word' id='word_1_252' title='bbox 357 2259 577 2332; x_wconf 83' lang='grc' dir='ltr'><em>χωρίον</em></span> <span class='ocrx_word' id='word_1_253' title='bbox 622 2260 791 2313; x_wconf 89' lang='grc' dir='ltr'><em>τελῶν</em></span> <span class='ocrx_word' id='word_1_254' title='bbox 823 2257 914 2310; x_wconf 84' lang='grc' dir='ltr'><em>καὶ</em></span> <span class='ocrx_word' id='word_1_255' title='bbox 951 2259 1431 2329; x_wconf 83' lang='grc' dir='ltr'><em>συμπαρακείμενα</em></span> <span class='ocrx_word' id='word_1_256' title='bbox 1465 2255 1608 2329; x_wconf 83' lang='grc' dir='ltr'><em>ἔχων</em></span> <span class='ocrx_word' id='word_1_257' title='bbox 1645 2256 1808 2311; x_wconf 89' lang='grc' dir='ltr'><em>τόπια</em></span> <span class='ocrx_word' id='word_1_258' title='bbox 1844 2254 1874 2322; x_wconf 80' lang='grc' dir='ltr'><strong><em>ἢ</em></strong></span> <span class='ocrx_word' id='word_1_259' title='bbox 1914 2255 2184 2327; x_wconf 77' lang='grc' dir='ltr'><em>οἰκήματα</em></span> <span class='ocrx_word' id='word_1_260' title='bbox 2221 2255 2252 2323; x_wconf 79' lang='grc' dir='ltr'><strong><em>ἢ</em></strong></span> <span class='ocrx_word' id='word_1_261' title='bbox 2290 2255 2614 2329; x_wconf 78' lang='grc' dir='ltr'><em>ἀμπελῶνας</em></span> <span class='ocrx_word' id='word_1_262' title='bbox 2632 2262 2713 2328; x_wconf 75' lang='grc' dir='ltr'><em>τῷ</em></span> 
     </span>
     <span class='ocr_line' id='line_1_24' title="bbox 365 2340 2713 2414; baseline 0.001 -18"><span class='ocrx_word' id='word_1_263' title='bbox 365 2343 699 2413; x_wconf 78' lang='grc' dir='ltr'><em>πωλουμένῳ</em></span> <span class='ocrx_word' id='word_1_264' title='bbox 746 2341 838 2396; x_wconf 76' lang='grc' dir='ltr'><em>καὶ</em></span> <span class='ocrx_word' id='word_1_265' title='bbox 885 2340 1215 2413; x_wconf 79' lang='grc' dir='ltr'><em>ὁμοροῦντα.</em></span> <span class='ocrx_word' id='word_1_266' title='bbox 1287 2361 1445 2400; x_wconf 89' lang='grc' dir='ltr'><em>ουτος</em></span> <span class='ocrx_word' id='word_1_267' title='bbox 1491 2342 1602 2411; x_wconf 82' lang='grc' dir='ltr'><em>γὰρ</em></span> <span class='ocrx_word' id='word_1_268' title='bbox 1649 2340 1677 2394; x_wconf 90' lang='lat'>6</span> <span class='ocrx_word' id='word_1_269' title='bbox 1724 2343 1982 2410; x_wconf 81' lang='grc' dir='ltr'><em>τέταρτος</em></span> <span class='ocrx_word' id='word_1_270' title='bbox 2014 2341 2427 2414; x_wconf 83' lang='grc' dir='ltr'><em>προτιμιότερός</em></span> <span class='ocrx_word' id='word_1_271' title='bbox 2458 2340 2578 2396; x_wconf 70' lang='grc' dir='ltr'><em>ἔστι</em></span> <span class='ocrx_word' id='word_1_272' title='bbox 2611 2347 2713 2398; x_wconf 82' lang='grc' dir='ltr'><em>τοῦ</em></span> 
     </span>
     <span class='ocr_line' id='line_1_25' title="bbox 363 2418 2714 2500; baseline 0 -18"><span class='ocrx_word' id='word_1_273' title='bbox 363 2429 597 2499; x_wconf 84' lang='grc' dir='ltr'><em>πέμπτ</em></span> <span class='ocrx_word' id='word_1_274' title='bbox 612 2447 716 2487; x_wconf 91' lang='grc' dir='ltr'><em>ου,</em></span> <span class='ocrx_word' id='word_1_275' title='bbox 754 2429 852 2479; x_wconf 87' lang='grc' dir='ltr'><em>τοῦ</em></span> <span class='ocrx_word' id='word_1_276' title='bbox 887 2424 962 2496; x_wconf 81' lang='grc' dir='ltr'><em>μὴ</em></span> <span class='ocrx_word' id='word_1_277' title='bbox 995 2421 1155 2485; x_wconf 80' lang='grc' dir='ltr'><em>ὄντος</em></span> <span class='ocrx_word' id='word_1_278' title='bbox 1175 2424 1467 2496; x_wconf 82' lang='grc' dir='ltr'><em>ὁμοτελοῦς</em></span> <span class='ocrx_word' id='word_1_279' title='bbox 1487 2423 1620 2481; x_wconf 86' lang='grc' dir='ltr'><em>ἀλλα</em></span> <span class='ocrx_word' id='word_1_280' title='bbox 1636 2423 1812 2497; x_wconf 88' lang='grc' dir='ltr'><em>μόνον</em></span> <span class='ocrx_word' id='word_1_281' title='bbox 1835 2423 2035 2479; x_wconf 77' lang='grc' dir='ltr'><em>ἕνωσιν</em></span> <span class='ocrx_word' id='word_1_282' title='bbox 2050 2425 2143 2481; x_wconf 84' lang='grc' dir='ltr'><em>καὶ</em></span> <span class='ocrx_word' id='word_1_283' title='bbox 2159 2418 2468 2500; x_wconf 72' lang='grc' dir='ltr'><em>συνάφειαν</em></span> <span class='ocrx_word' id='word_1_284' title='bbox 2489 2426 2714 2500; x_wconf 79' lang='grc' dir='ltr'><em>ἔχοντος</em></span> 
     </span>
     <span class='ocr_line' id='line_1_26' title="bbox 364 2510 2714 2584; baseline -0 -18"><span class='ocrx_word' id='word_1_285' title='bbox 364 2511 428 2567; x_wconf 75' lang='grc' dir='ltr'><em>ἕν</em></span> <span class='ocrx_word' id='word_1_286' title='bbox 473 2531 583 2565; x_wconf 87' lang='grc' dir='ltr'><em>τινι</em></span> <span class='ocrx_word' id='word_1_287' title='bbox 626 2513 783 2583; x_wconf 89' lang='grc' dir='ltr'><em>μέρει</em></span> <span class='ocrx_word' id='word_1_288' title='bbox 826 2513 926 2564; x_wconf 91' lang='grc' dir='ltr'><em>τοῦ</em></span> <span class='ocrx_word' id='word_1_289' title='bbox 971 2512 1324 2581; x_wconf 81' lang='grc' dir='ltr'><em>πωλουμένου</em></span> <span class='ocrx_word' id='word_1_290' title='bbox 1370 2512 1735 2583; x_wconf 86' lang='grc' dir='ltr'><em>προαστείου,</em></span> <span class='ocrx_word' id='word_1_291' title='bbox 1792 2511 1938 2564; x_wconf 87' lang='grc' dir='ltr'><em>διότι</em></span> <span class='ocrx_word' id='word_1_292' title='bbox 1984 2510 2082 2563; x_wconf 84' lang='grc' dir='ltr'><em>δύο</em></span> <span class='ocrx_word' id='word_1_293' title='bbox 2120 2511 2303 2565; x_wconf 74' lang='grc' dir='ltr'><em>δίκαια·</em></span> <span class='ocrx_word' id='word_1_294' title='bbox 2338 2511 2450 2584; x_wconf 76' lang='grc' dir='ltr'><em>ἔχει</em></span> <span class='ocrx_word' id='word_1_295' title='bbox 2480 2513 2574 2567; x_wconf 79' lang='grc' dir='ltr'><em>καὶ</em></span> <span class='ocrx_word' id='word_1_296' title='bbox 2611 2512 2714 2578; x_wconf 81' lang='grc' dir='ltr'><em>την</em></span> 
     </span>
     <span class='ocr_line' id='line_1_27' title="bbox 367 2593 2713 2669; baseline 0 -19"><span class='ocrx_word' id='word_1_297' title='bbox 367 2595 793 2669; x_wconf 86' lang='grc' dir='ltr'><em>συμπαράθεσιν</em></span> <span class='ocrx_word' id='word_1_298' title='bbox 838 2593 930 2648; x_wconf 79' lang='grc' dir='ltr'><em>καὶ</em></span> <span class='ocrx_word' id='word_1_299' title='bbox 977 2596 1080 2660; x_wconf 83' lang='grc' dir='ltr'><em>την</em></span> <span class='ocrx_word' id='word_1_300' title='bbox 1128 2593 1474 2667; x_wconf 83' lang='grc' dir='ltr'><em>ὁμοτέλειαν,</em></span> <span class='ocrx_word' id='word_1_301' title='bbox 1526 2595 1555 2648; x_wconf 94' lang='lat'>6</span> <span class='ocrx_word' id='word_1_302' title='bbox 1605 2594 1665 2649; x_wconf 82' lang='grc' dir='ltr'><em>δὲ</em></span> <span class='ocrx_word' id='word_1_303' title='bbox 1710 2596 1956 2666; x_wconf 87' lang='grc' dir='ltr'><em>πέμπτος</em></span> <span class='ocrx_word' id='word_1_304' title='bbox 2000 2596 2180 2666; x_wconf 90' lang='grc' dir='ltr'><em>μόνον</em></span> <span class='ocrx_word' id='word_1_305' title='bbox 2213 2595 2315 2662; x_wconf 77' lang='grc' dir='ltr'><em>τὴν</em></span> <span class='ocrx_word' id='word_1_306' title='bbox 2348 2593 2579 2651; x_wconf 76' lang='grc' dir='ltr'><em>ἕνωσιν·</em></span> <span class='ocrx_word' id='word_1_307' title='bbox 2626 2596 2713 2652; x_wconf 81' lang='grc' dir='ltr'><em>ἔνι</em></span> 
     </span>
     <span class='ocr_line' id='line_1_28' title="bbox 365 2677 2713 2752; baseline 0.001 -18"><span class='ocrx_word' id='word_1_308' title='bbox 365 2681 475 2752; x_wconf 77' lang='grc' dir='ltr'><em>γὰρ</em></span> <span class='ocrx_word' id='word_1_309' title='bbox 523 2679 628 2733; x_wconf 79' lang='grc' dir='ltr'><em>ὑπὸ</em></span> <span class='ocrx_word' id='word_1_310' title='bbox 667 2677 794 2733; x_wconf 78' lang='grc' dir='ltr'><em>ἄλλο</em></span> <span class='ocrx_word' id='word_1_311' title='bbox 823 2680 1039 2750; x_wconf 79' lang='grc' dir='ltr'><em>χωρίον</em></span> <span class='ocrx_word' id='word_1_312' title='bbox 1072 2679 1510 2751; x_wconf 81' lang='grc' dir='ltr'><em>περικλειόμενον</em></span> <span class='ocrx_word' id='word_1_313' title='bbox 1546 2679 1608 2733; x_wconf 83' lang='grc' dir='ltr'><em>τὸ</em></span> <span class='ocrx_word' id='word_1_314' title='bbox 1644 2679 1978 2751; x_wconf 82' lang='grc' dir='ltr'><em>προάστειον</em></span> <span class='ocrx_word' id='word_1_315' title='bbox 2013 2677 2181 2733; x_wconf 75' lang='grc' dir='ltr'><em>αὐτοῦ</em></span> <span class='ocrx_word' id='word_1_316' title='bbox 2219 2679 2251 2745; x_wconf 79' lang='grc' dir='ltr'><strong><em>ἢ</em></strong></span> <span class='ocrx_word' id='word_1_317' title='bbox 2287 2679 2391 2735; x_wconf 72' lang='grc' dir='ltr'><em>ὑπὸ</em></span> <span class='ocrx_word' id='word_1_318' title='bbox 2430 2683 2592 2735; x_wconf 82' lang='grc' dir='ltr'><em>ἄλλον</em></span> <span class='ocrx_word' id='word_1_319' title='bbox 2626 2682 2713 2737; x_wconf 86' lang='grc' dir='ltr'><em>δε-</em></span> 
     </span>
     <span class='ocr_line' id='line_1_29' title="bbox 367 2761 2713 2839; baseline 0.001 -20"><span class='ocrx_word' id='word_1_320' title='bbox 367 2763 578 2830; x_wconf 87' lang='grc' dir='ltr'><em>σπότην</em></span> <span class='ocrx_word' id='word_1_321' title='bbox 623 2763 808 2822; x_wconf 83' lang='grc' dir='ltr'><em>διδοὺς</em></span> <span class='ocrx_word' id='word_1_322' title='bbox 855 2765 1019 2823; x_wconf 84' lang='grc' dir='ltr'><em>τέλος.</em></span> <span class='ocrx_word' id='word_1_323' title='bbox 1093 2764 1150 2817; x_wconf 89' lang='grc' dir='ltr'><em>τί</em></span> <span class='ocrx_word' id='word_1_324' title='bbox 1182 2764 1241 2818; x_wconf 89' lang='grc' dir='ltr'><em>δέ</em></span> <span class='ocrx_word' id='word_1_325' title='bbox 1275 2763 1394 2818; x_wconf 79' lang='grc' dir='ltr'><em>ἐστι</em></span> <span class='ocrx_word' id='word_1_326' title='bbox 1429 2763 1845 2836; x_wconf 84' lang='grc' dir='ltr'><em>συμπαράθεσις</em></span> <span class='ocrx_word' id='word_1_327' title='bbox 1877 2764 1970 2817; x_wconf 81' lang='grc' dir='ltr'><em>καὶ</em></span> <span class='ocrx_word' id='word_1_328' title='bbox 2006 2765 2061 2817; x_wconf 86' lang='grc' dir='ltr'><em>τί</em></span> <span class='ocrx_word' id='word_1_329' title='bbox 2105 2761 2333 2828; x_wconf 75' lang='grc' dir='ltr'><em>ἕνωσις,·</em></span> <span class='ocrx_word' id='word_1_330' title='bbox 2380 2762 2574 2827; x_wconf 76' lang='grc' dir='ltr'><em>ἕνωσις</em></span> <span class='ocrx_word' id='word_1_331' title='bbox 2604 2767 2713 2839; x_wconf 80' lang='grc' dir='ltr'><em>μὲν</em></span> 
     </span>
     <span class='ocr_line' id='line_1_30' title="bbox 362 2845 2705 2921; baseline 0.002 -19"><span class='ocrx_word' id='word_1_332' title='bbox 362 2850 472 2921; x_wconf 89' lang='grc' dir='ltr'><em>γάρ</em></span> <span class='ocrx_word' id='word_1_333' title='bbox 521 2846 701 2910; x_wconf 79' lang='grc' dir='ltr'><em>ἔστιν,</em></span> <span class='ocrx_word' id='word_1_334' title='bbox 754 2845 887 2902; x_wconf 76' lang='grc' dir='ltr'><em>ὅταν</em></span> <span class='ocrx_word' id='word_1_335' title='bbox 932 2848 1003 2903; x_wconf 82' lang='grc' dir='ltr'><em>τὰ</em></span> <span class='ocrx_word' id='word_1_336' title='bbox 1056 2845 1196 2920; x_wconf 81' lang='grc' dir='ltr'><em>ἄκρα</em></span> <span class='ocrx_word' id='word_1_337' title='bbox 1231 2854 1346 2902; x_wconf 88' lang='grc' dir='ltr'><em>τῶν</em></span> <span class='ocrx_word' id='word_1_338' title='bbox 1379 2850 1479 2902; x_wconf 82' lang='grc' dir='ltr'><em>δύο</em></span> <span class='ocrx_word' id='word_1_339' title='bbox 1518 2849 1727 2903; x_wconf 87' lang='grc' dir='ltr'><em>τοπίων</em></span> <span class='ocrx_word' id='word_1_340' title='bbox 1760 2848 2026 2902; x_wconf 78' lang='grc' dir='ltr'><em>ἑνοῦνται.</em></span> <span class='ocrx_word' id='word_1_341' title='bbox 2101 2850 2409 2920; x_wconf 78' lang='grc' dir='ltr'><em>παράθεσις</em></span> <span class='ocrx_word' id='word_1_342' title='bbox 2442 2851 2503 2906; x_wconf 82' lang='grc' dir='ltr'><em>δέ</em></span> <span class='ocrx_word' id='word_1_343' title='bbox 2535 2851 2705 2914; x_wconf 75' lang='grc' dir='ltr'><em>ἐστιν,</em></span> 
     </span>
     <span class='ocr_line' id='line_1_31' title="bbox 365 2930 2711 3007; baseline 0.001 -20"><span class='ocrx_word' id='word_1_344' title='bbox 365 2930 502 2988; x_wconf 80' lang='grc' dir='ltr'><em>ὅταν</em></span> <span class='ocrx_word' id='word_1_345' title='bbox 537 2931 637 3005; x_wconf 63' lang='grc' dir='ltr'><em>οἰχ</em></span> <span class='ocrx_word' id='word_1_346' title='bbox 672 2931 910 2999; x_wconf 75' lang='grc' dir='ltr'><em>ἥνωνται</em></span> <span class='ocrx_word' id='word_1_347' title='bbox 941 2935 1047 3007; x_wconf 82' lang='grc' dir='ltr'><em>μὲν</em></span> <span class='ocrx_word' id='word_1_348' title='bbox 1082 2933 1150 2988; x_wconf 82' lang='grc' dir='ltr'><em>τὰ</em></span> <span class='ocrx_word' id='word_1_349' title='bbox 1186 2933 1327 3006; x_wconf 77' lang='grc' dir='ltr'><em>ἄκρα</em></span> <span class='ocrx_word' id='word_1_350' title='bbox 1362 2932 1496 2988; x_wconf 82' lang='grc' dir='ltr'><em>ἀλλὰ</em></span> <span class='ocrx_word' id='word_1_351' title='bbox 1528 2936 1702 3006; x_wconf 87' lang='grc' dir='ltr'><em>μέσον</em></span> <span class='ocrx_word' id='word_1_352' title='bbox 1734 2931 1817 2987; x_wconf 81' lang='grc' dir='ltr'><em>ἔνι</em></span> <span class='ocrx_word' id='word_1_353' title='bbox 1850 2933 1914 2987; x_wconf 85' lang='grc' dir='ltr'><em>τὸ</em></span> <span class='ocrx_word' id='word_1_354' title='bbox 1953 2934 2207 3004; x_wconf 84' lang='grc' dir='ltr'><em>διαιροῦν</em></span> <span class='ocrx_word' id='word_1_355' title='bbox 2252 2939 2428 2989; x_wconf 86' lang='grc' dir='ltr'><em>ταῦτα</em></span> <span class='ocrx_word' id='word_1_356' title='bbox 2468 2933 2711 3001; x_wconf 70' lang='grc' dir='ltr'><em>ἀλλήλων</em></span> 
     </span>
     <span class='ocr_line' id='line_1_32' title="bbox 361 3009 2709 3094; baseline 0.001 -22"><span class='ocrx_word' id='word_1_357' title='bbox 361 3017 562 3092; x_wconf 77' lang='grc' dir='ltr'><em>μικρὸν</em></span> <span class='ocrx_word' id='word_1_358' title='bbox 606 3018 698 3072; x_wconf 85' lang='grc' dir='ltr'><em>καὶ</em></span> <span class='ocrx_word' id='word_1_359' title='bbox 746 3017 931 3089; x_wconf 71' lang='grc' dir='ltr'><em>ὀλίγον</em></span> <span class='ocrx_word' id='word_1_360' title='bbox 965 3020 1037 3081; x_wconf 80' lang='grc' dir='ltr'><em>τὶ,</em></span> <span class='ocrx_word' id='word_1_361' title='bbox 1077 3009 1199 3074; x_wconf 75' lang='grc' dir='ltr'><em>οἷον</em></span> <span class='ocrx_word' id='word_1_362' title='bbox 1233 3017 1373 3091; x_wconf 78' lang='grc' dir='ltr'><em>ῥύμη</em></span> <span class='ocrx_word' id='word_1_363' title='bbox 1413 3018 1570 3084; x_wconf 76' lang='grc' dir='ltr'><em>στενὴ</em></span> <span class='ocrx_word' id='word_1_364' title='bbox 1612 3016 1642 3083; x_wconf 82' lang='grc' dir='ltr'><strong><em>ἢ</em></strong></span> <span class='ocrx_word' id='word_1_365' title='bbox 1678 3017 1922 3089; x_wconf 88' lang='grc' dir='ltr'><em>πάροδος</em></span> <span class='ocrx_word' id='word_1_366' title='bbox 1956 3021 2148 3083; x_wconf 80' lang='grc' dir='ltr'><em>τοπικὴ</em></span> <span class='ocrx_word' id='word_1_367' title='bbox 2183 3020 2275 3073; x_wconf 75' lang='grc' dir='ltr'><em>καὶ</em></span> <span class='ocrx_word' id='word_1_368' title='bbox 2300 3019 2603 3094; x_wconf 75' lang='grc' dir='ltr'><em>χωριτικὴ,</em></span> <span class='ocrx_word' id='word_1_369' title='bbox 2642 3018 2709 3075; x_wconf 77' lang='grc' dir='ltr'><em>οὔ</em></span> 
     </span>
     <span class='ocr_line' id='line_1_33' title="bbox 360 3101 2713 3177; baseline 0.001 -21"><span class='ocrx_word' id='word_1_370' title='bbox 360 3103 473 3176; x_wconf 77' lang='grc' dir='ltr'><em>μὴν</em></span> <span class='ocrx_word' id='word_1_371' title='bbox 507 3104 747 3175; x_wconf 83' lang='grc' dir='ltr'><em>δημοσία</em></span> <span class='ocrx_word' id='word_1_372' title='bbox 783 3101 924 3163; x_wconf 83' lang='grc' dir='ltr'><em>ὁδός.</em></span> <span class='ocrx_word' id='word_1_373' title='bbox 1001 3103 1052 3158; x_wconf 74' lang='grc' dir='ltr'><em>εἰ</em></span> <span class='ocrx_word' id='word_1_374' title='bbox 1093 3103 1202 3177; x_wconf 82' lang='grc' dir='ltr'><em>γὰρ</em></span> <span class='ocrx_word' id='word_1_375' title='bbox 1240 3102 1440 3175; x_wconf 72' lang='grc' dir='ltr'><em>εὑρεθῇ</em></span> <span class='ocrx_word' id='word_1_376' title='bbox 1477 3103 1718 3175; x_wconf 83' lang='grc' dir='ltr'><em>δημοσία</em></span> <span class='ocrx_word' id='word_1_377' title='bbox 1752 3103 1845 3156; x_wconf 78' lang='grc' dir='ltr'><em>καὶ</em></span> <span class='ocrx_word' id='word_1_378' title='bbox 1877 3104 2105 3156; x_wconf 80' lang='grc' dir='ltr'><em>πλατεῖα</em></span> <span class='ocrx_word' id='word_1_379' title='bbox 2140 3101 2286 3165; x_wconf 80' lang='grc' dir='ltr'><em>ὁδὸς,</em></span> <span class='ocrx_word' id='word_1_380' title='bbox 2326 3104 2451 3159; x_wconf 87' lang='grc' dir='ltr'><em>τότε</em></span> <span class='ocrx_word' id='word_1_381' title='bbox 2486 3103 2544 3158; x_wconf 78' lang='grc' dir='ltr'><em>οἱ</em></span> <span class='ocrx_word' id='word_1_382' title='bbox 2576 3122 2713 3177; x_wconf 86' lang='grc' dir='ltr'><em>συμ-</em></span> 
     </span>
     <span class='ocr_line' id='line_1_34' title="bbox 361 3177 2710 3263; baseline -0 -20"><span class='ocrx_word' id='word_1_383' title='bbox 361 3189 755 3263; x_wconf 81' lang='grc' dir='ltr'><em>παραιιείμενοι</em></span> <span class='ocrx_word' id='word_1_384' title='bbox 802 3177 908 3242; x_wconf 78' lang='grc' dir='ltr'><em>ὦδε</em></span> <span class='ocrx_word' id='word_1_385' title='bbox 955 3184 1051 3241; x_wconf 78' lang='grc' dir='ltr'><em>οῦκ</em></span> <span class='ocrx_word' id='word_1_386' title='bbox 1095 3187 1285 3260; x_wconf 80' lang='grc' dir='ltr'><em>ἔχουσι</em></span> <span class='ocrx_word' id='word_1_387' title='bbox 1318 3190 1656 3261; x_wconf 88' lang='grc' dir='ltr'><em>προτίμησιν</em></span> <span class='ocrx_word' id='word_1_388' title='bbox 1690 3187 1766 3247; x_wconf 83' lang='grc' dir='ltr'><em>εἷς</em></span> <span class='ocrx_word' id='word_1_389' title='bbox 1798 3187 1862 3241; x_wconf 84' lang='grc' dir='ltr'><em>τὸ</em></span> <span class='ocrx_word' id='word_1_390' title='bbox 1899 3186 2068 3242; x_wconf 75' lang='grc' dir='ltr'><em>ἐκεῖσε</em></span> <span class='ocrx_word' id='word_1_391' title='bbox 2099 3190 2267 3260; x_wconf 82' lang='grc' dir='ltr'><em>μέρος</em></span> <span class='ocrx_word' id='word_1_392' title='bbox 2301 3187 2377 3245; x_wconf 81' lang='grc' dir='ltr'><em>ὥς</em></span> <span class='ocrx_word' id='word_1_393' title='bbox 2410 3192 2505 3253; x_wconf 83' lang='grc' dir='ltr'><em>τῆς</em></span> <span class='ocrx_word' id='word_1_394' title='bbox 2540 3189 2710 3261; x_wconf 88' lang='grc' dir='ltr'><em>δημο-</em></span> 
     </span>
     <span class='ocr_line' id='line_1_35' title="bbox 362 3265 2709 3345; baseline -0.001 -17"><span class='ocrx_word' id='word_1_395' title='bbox 362 3275 486 3333; x_wconf 86' lang='grc' dir='ltr'><em>σίας</em></span> <span class='ocrx_word' id='word_1_396' title='bbox 531 3273 664 3327; x_wconf 82' lang='grc' dir='ltr'><em>ὄδοῦ</em></span> <span class='ocrx_word' id='word_1_397' title='bbox 690 3272 1036 3345; x_wconf 79' lang='grc' dir='ltr'><em>χωριζούσης</em></span> <span class='ocrx_word' id='word_1_398' title='bbox 1070 3269 1282 3332; x_wconf 79' lang='grc' dir='ltr'><em>αὐτούς.</em></span> <span class='ocrx_word' id='word_1_399' title='bbox 1311 3304 1378 3314; x_wconf 91' lang='grc'><strong>-</strong></span> <span class='ocrx_word' id='word_1_400' title='bbox 1405 3270 1500 3324; x_wconf 84' lang='grc' dir='ltr'><em>Ἐν</em></span> <span class='ocrx_word' id='word_1_401' title='bbox 1532 3278 1599 3344; x_wconf 75' lang='grc' dir='ltr'><em>τῇ</em></span> <span class='ocrx_word' id='word_1_402' title='bbox 1635 3274 1964 3344; x_wconf 76' lang='grc' dir='ltr'><em>προτιμήσει</em></span> <span class='ocrx_word' id='word_1_403' title='bbox 1997 3272 2040 3326; x_wconf 78' lang='grc' dir='ltr'><em>ε’</em></span> <span class='ocrx_word' id='word_1_404' title='bbox 2073 3272 2323 3342; x_wconf 81' lang='grc' dir='ltr'><em>βαθμοὺς</em></span> <span class='ocrx_word' id='word_1_405' title='bbox 2357 3265 2499 3345; x_wconf 61' lang='grc' dir='ltr'><em>εἶναι</em></span> <span class='ocrx_word' id='word_1_406' title='bbox 2530 3292 2709 3345; x_wconf 85' lang='grc' dir='ltr'><em>μεμα-</em></span> 
     </span>
     <span class='ocr_line' id='line_1_36' title="bbox 360 3352 2705 3429; baseline 0 -18"><span class='ocrx_word' id='word_1_407' title='bbox 360 3357 626 3429; x_wconf 75' lang='grc' dir='ltr'><em>θήκαμεν.</em></span> <span class='ocrx_word' id='word_1_408' title='bbox 700 3358 983 3411; x_wconf 87' lang='grc' dir='ltr'><em>τουτέστιν</em></span> <span class='ocrx_word' id='word_1_409' title='bbox 1018 3352 1107 3410; x_wconf 80' lang='grc' dir='ltr'><em>ἵνα</em></span> <span class='ocrx_word' id='word_1_410' title='bbox 1141 3359 1367 3427; x_wconf 87' lang='grc' dir='ltr'><em>πρῶτον</em></span> <span class='ocrx_word' id='word_1_411' title='bbox 1398 3357 1676 3421; x_wconf 76' lang='grc' dir='ltr'><em>κληθῶσιν</em></span> <span class='ocrx_word' id='word_1_412' title='bbox 1711 3354 1766 3410; x_wconf 77' lang='grc' dir='ltr'><em>οἱ</em></span> <span class='ocrx_word' id='word_1_413' title='bbox 1801 3353 2006 3427; x_wconf 82' lang='grc' dir='ltr'><em>ἀναμὶξ</em></span> <span class='ocrx_word' id='word_1_414' title='bbox 2039 3354 2379 3427; x_wconf 81' lang='grc' dir='ltr'><em>συγκείμενοι</em></span> <span class='ocrx_word' id='word_1_415' title='bbox 2403 3363 2705 3427; x_wconf 77' lang='grc' dir='ltr'><em>συγγενεῖς,</em></span> 
     </span>
     <span class='ocr_line' id='line_1_37' title="bbox 361 3435 2710 3512; baseline 0 -16"><span class='ocrx_word' id='word_1_416' title='bbox 361 3435 480 3497; x_wconf 76' lang='grc' dir='ltr'><em>εἶτα</em></span> <span class='ocrx_word' id='word_1_417' title='bbox 529 3440 587 3494; x_wconf 78' lang='grc' dir='ltr'><em>οἱ</em></span> <span class='ocrx_word' id='word_1_418' title='bbox 631 3437 771 3494; x_wconf 70' lang='grc' dir='ltr'><em>οὕτω</em></span> <span class='ocrx_word' id='word_1_419' title='bbox 822 3442 1291 3511; x_wconf 84' lang='grc' dir='ltr'><em>συμπεπλεγμένοι</em></span> <span class='ocrx_word' id='word_1_420' title='bbox 1335 3441 1623 3502; x_wconf 83' lang='grc' dir='ltr'><em>κοινωνοὶ,</em></span> <span class='ocrx_word' id='word_1_421' title='bbox 1673 3439 1797 3512; x_wconf 79' lang='grc' dir='ltr'><em>μεθ’</em></span> <span class='ocrx_word' id='word_1_422' title='bbox 1841 3436 1935 3501; x_wconf 76' lang='grc' dir='ltr'><em>οὓς</em></span> <span class='ocrx_word' id='word_1_423' title='bbox 1970 3440 2026 3494; x_wconf 79' lang='grc' dir='ltr'><em>οἱ</em></span> <span class='ocrx_word' id='word_1_424' title='bbox 2055 3440 2235 3511; x_wconf 87' lang='grc' dir='ltr'><em>μόνον</em></span> <span class='ocrx_word' id='word_1_425' title='bbox 2269 3437 2710 3512; x_wconf 85' lang='grc' dir='ltr'><em>ἀναμεμιγμένοι</em></span> 
     </span>
     <span class='ocr_line' id='line_1_38' title="bbox 361 3521 2710 3599; baseline 0 -20"><span class='ocrx_word' id='word_1_426' title='bbox 361 3523 412 3579; x_wconf 74' lang='grc' dir='ltr'><em>εἰ</em></span> <span class='ocrx_word' id='word_1_427' title='bbox 442 3522 535 3577; x_wconf 80' lang='grc' dir='ltr'><em>καὶ</em></span> <span class='ocrx_word' id='word_1_428' title='bbox 580 3524 734 3584; x_wconf 82' lang='grc' dir='ltr'><em>ξένον</em></span> <span class='ocrx_word' id='word_1_429' title='bbox 766 3521 943 3588; x_wconf 82' lang='grc' dir='ltr'><em>πάντη</em></span> <span class='ocrx_word' id='word_1_430' title='bbox 995 3528 1072 3594; x_wconf 76' lang='grc' dir='ltr'><em>τῷ</em></span> <span class='ocrx_word' id='word_1_431' title='bbox 1108 3523 1440 3597; x_wconf 74' lang='grc' dir='ltr'><em>ἔκχωροῦντι</em></span> <span class='ocrx_word' id='word_1_432' title='bbox 1478 3524 1827 3596; x_wconf 87' lang='grc' dir='ltr'><em>τυγχάνοιεν,</em></span> <span class='ocrx_word' id='word_1_433' title='bbox 1884 3523 2071 3580; x_wconf 79' lang='grc' dir='ltr'><em>ἔπειτα</em></span> <span class='ocrx_word' id='word_1_434' title='bbox 2118 3525 2175 3580; x_wconf 84' lang='grc' dir='ltr'><em>οἱ</em></span> <span class='ocrx_word' id='word_1_435' title='bbox 2206 3526 2710 3599; x_wconf 81' lang='grc' dir='ltr'><em>συμπαρακείμενοι</em></span> 
     </span>
     <span class='ocr_line' id='line_1_39' title="bbox 362 3605 2710 3683; baseline 0.001 -22"><span class='ocrx_word' id='word_1_436' title='bbox 362 3607 665 3679; x_wconf 82' lang='grc' dir='ltr'><em>ὄμοτελεῖς,</em></span> <span class='ocrx_word' id='word_1_437' title='bbox 704 3607 993 3677; x_wconf 88' lang='grc' dir='ltr'><em>μετέπειτα</em></span> <span class='ocrx_word' id='word_1_438' title='bbox 1040 3607 1098 3662; x_wconf 85' lang='grc' dir='ltr'><em>οἱ</em></span> <span class='ocrx_word' id='word_1_439' title='bbox 1129 3608 1310 3666; x_wconf 82' lang='grc' dir='ltr'><em>ἁπλῶς·</em></span> <span class='ocrx_word' id='word_1_440' title='bbox 1345 3607 1406 3663; x_wconf 80' lang='grc' dir='ltr'><em>ἓν</em></span> <span class='ocrx_word' id='word_1_441' title='bbox 1438 3628 1550 3663; x_wconf 89' lang='grc' dir='ltr'><em>τινι</em></span> <span class='ocrx_word' id='word_1_442' title='bbox 1581 3613 1737 3683; x_wconf 88' lang='grc' dir='ltr'><em>μέρει</em></span> <span class='ocrx_word' id='word_1_443' title='bbox 1772 3615 2062 3669; x_wconf 87' lang='grc' dir='ltr'><em>συναπτῶς</em></span> <span class='ocrx_word' id='word_1_444' title='bbox 2097 3608 2386 3680; x_wconf 81' lang='grc' dir='ltr'><em>ἧνωμένοι.</em></span> <span class='ocrx_word' id='word_1_445' title='bbox 2450 3605 2556 3662; x_wconf 82' lang='grc' dir='ltr'><em>ἀλλ’</em></span> <span class='ocrx_word' id='word_1_446' title='bbox 2590 3607 2710 3664; x_wconf 71' lang='grc' dir='ltr'><em>ἐπεὶ</em></span> 
     </span>
     <span class='ocr_line' id='line_1_40' title="bbox 361 3689 2709 3767; baseline 0 -20"><span class='ocrx_word' id='word_1_447' title='bbox 361 3691 682 3764; x_wconf 84' lang='grc' dir='ltr'><em>διχονοοῦσί</em></span> <span class='ocrx_word' id='word_1_448' title='bbox 725 3710 866 3750; x_wconf 91' lang='grc' dir='ltr'><em>τινες</em></span> <span class='ocrx_word' id='word_1_449' title='bbox 911 3690 968 3746; x_wconf 75' lang='grc' dir='ltr'><em>ἐκ</em></span> <span class='ocrx_word' id='word_1_450' title='bbox 1016 3695 1114 3745; x_wconf 87' lang='grc' dir='ltr'><em>τοῦ</em></span> <span class='ocrx_word' id='word_1_451' title='bbox 1147 3691 1371 3764; x_wconf 78' lang='grc' dir='ltr'><em>πρῶτον</em></span> <span class='ocrx_word' id='word_1_452' title='bbox 1404 3699 1650 3767; x_wconf 82' lang='grc' dir='ltr'><em>βαθμοῦ,</em></span> <span class='ocrx_word' id='word_1_453' title='bbox 1699 3697 1945 3766; x_wconf 86' lang='grc' dir='ltr'><em>λέγοντες</em></span> <span class='ocrx_word' id='word_1_454' title='bbox 1982 3690 2069 3747; x_wconf 87' lang='grc' dir='ltr'><em>ότι</em></span> <span class='ocrx_word' id='word_1_455' title='bbox 2105 3713 2159 3747; x_wconf 86' lang='grc' dir='ltr'><em>οι</em></span> <span class='ocrx_word' id='word_1_456' title='bbox 2193 3689 2397 3765; x_wconf 78' lang='grc' dir='ltr'><em>ἀναμὶξ</em></span> <span class='ocrx_word' id='word_1_457' title='bbox 2429 3698 2709 3764; x_wconf 75' lang='grc' dir='ltr'><em>συγγενεῖς</em></span> 
     </span>
     <span class='ocr_line' id='line_1_41' title="bbox 359 3773 2708 3851; baseline 0 -19"><span class='ocrx_word' id='word_1_458' title='bbox 359 3776 704 3849; x_wconf 73' lang='grc' dir='ltr'><em>ὑπάρχουσιν</em></span> <span class='ocrx_word' id='word_1_459' title='bbox 737 3773 794 3830; x_wconf 82' lang='grc' dir='ltr'><em>οἱ</em></span> <span class='ocrx_word' id='word_1_460' title='bbox 826 3773 1264 3848; x_wconf 86' lang='grc' dir='ltr'><em>ἀναμεμιγμένοι</em></span> <span class='ocrx_word' id='word_1_461' title='bbox 1280 3775 1355 3837; x_wconf 76' lang='grc' dir='ltr'><em>εἰς</em></span> <span class='ocrx_word' id='word_1_462' title='bbox 1372 3798 1475 3844; x_wconf 87' lang='grc' dir='ltr'><em>την</em></span> <span class='ocrx_word' id='word_1_463' title='bbox 1495 3781 1833 3851; x_wconf 86' lang='grc' dir='ltr'><em>συγγένειαν,</em></span> <span class='ocrx_word' id='word_1_464' title='bbox 1870 3779 2047 3836; x_wconf 79' lang='grc' dir='ltr'><em>καλῶς</em></span> <span class='ocrx_word' id='word_1_465' title='bbox 2065 3776 2270 3838; x_wconf 73' lang='grc' dir='ltr'><em>εἰδότες</em></span> <span class='ocrx_word' id='word_1_466' title='bbox 2286 3777 2708 3848; x_wconf 87' lang='grc' dir='ltr'><em>έλεγχθητωσαν</em></span> 
     </span>
     <span class='ocr_line' id='line_1_42' title="bbox 356 3859 2705 3937; baseline -0 -20"><span class='ocrx_word' id='word_1_467' title='bbox 356 3860 463 3917; x_wconf 74' lang='lat'>6716</span> <span class='ocrx_word' id='word_1_468' title='bbox 497 3863 715 3916; x_wconf 88' lang='grc' dir='ltr'><em>πολλῶν</em></span> <span class='ocrx_word' id='word_1_469' title='bbox 747 3862 1054 3933; x_wconf 85' lang='grc' dir='ltr'><em>τεκμηρίων</em></span> <span class='ocrx_word' id='word_1_470' title='bbox 1086 3862 1178 3916; x_wconf 79' lang='grc' dir='ltr'><em>καὶ</em></span> <span class='ocrx_word' id='word_1_471' title='bbox 1212 3860 1546 3918; x_wconf 75' lang='grc' dir='ltr'><em>ὑποθέσεων.</em></span> <span class='ocrx_word' id='word_1_472' title='bbox 1620 3864 1710 3917; x_wconf 85' lang='grc' dir='ltr'><em>καὶ</em></span> <span class='ocrx_word' id='word_1_473' title='bbox 1756 3867 1982 3937; x_wconf 89' lang='grc' dir='ltr'><em>πρῶτον</em></span> <span class='ocrx_word' id='word_1_474' title='bbox 2013 3863 2117 3934; x_wconf 81' lang='grc' dir='ltr'><em>μὲν</em></span> <span class='ocrx_word' id='word_1_475' title='bbox 2151 3859 2236 3916; x_wconf 73' lang='grc' dir='ltr'><em>ὑπ’</em></span> <span class='ocrx_word' id='word_1_476' title='bbox 2278 3860 2447 3917; x_wconf 74' lang='grc' dir='ltr'><em>αὐτοῦ</em></span> <span class='ocrx_word' id='word_1_477' title='bbox 2480 3861 2573 3916; x_wconf 79' lang='grc' dir='ltr'><em>καὶ</em></span> <span class='ocrx_word' id='word_1_478' title='bbox 2603 3859 2705 3933; x_wconf 83' lang='grc' dir='ltr'><em>μό·</em></span> 
     </span>
     <span class='ocr_line' id='line_1_43' title="bbox 356 3942 2706 4019; baseline 0 -19"><span class='ocrx_word' id='word_1_479' title='bbox 356 3965 456 4000; x_wconf 91' lang='grc' dir='ltr'><em>νου</em></span> <span class='ocrx_word' id='word_1_480' title='bbox 490 3951 590 4001; x_wconf 90' lang='grc' dir='ltr'><em>τοῦ</em></span> <span class='ocrx_word' id='word_1_481' title='bbox 626 3945 888 4019; x_wconf 80' lang='grc' dir='ltr'><em>ρηματος,</em></span> <span class='ocrx_word' id='word_1_482' title='bbox 929 3942 1017 3999; x_wconf 74' lang='grc' dir='ltr'><em>ὅτι</em></span> <span class='ocrx_word' id='word_1_483' title='bbox 1052 3945 1152 4018; x_wconf 77' lang='grc' dir='ltr'><em>οὐχ</em></span> <span class='ocrx_word' id='word_1_484' title='bbox 1186 3945 1369 4005; x_wconf 86' lang='grc' dir='ltr'><em>απλῶς</em></span> <span class='ocrx_word' id='word_1_485' title='bbox 1401 3948 1544 4018; x_wconf 88' lang='grc' dir='ltr'><em>λέγει</em></span> <span class='ocrx_word' id='word_1_486' title='bbox 1578 3944 1783 4019; x_wconf 84' lang='grc' dir='ltr'><em>ἀναμιξ</em></span> <span class='ocrx_word' id='word_1_487' title='bbox 1815 3952 2094 4019; x_wconf 86' lang='grc' dir='ltr'><em>συγγενεῖς</em></span> <span class='ocrx_word' id='word_1_488' title='bbox 2127 3944 2260 4001; x_wconf 82' lang='grc' dir='ltr'><em>ἀλλὰ</em></span> <span class='ocrx_word' id='word_1_489' title='bbox 2285 3967 2340 3999; x_wconf 95' lang='grc' dir='ltr'><em>οι</em></span> <span class='ocrx_word' id='word_1_490' title='bbox 2325 3944 2706 4018; x_wconf 66' lang='grc' dir='ltr'><em>’συγκείμενοι</em></span> 
     </span>
     <span class='ocr_line' id='line_1_44' title="bbox 357 4028 2705 4104; baseline -0.002 -20"><span class='ocrx_word' id='word_1_491' title='bbox 357 4029 562 4104; x_wconf 80' lang='grc' dir='ltr'><em>ἀναμὶξ</em></span> <span class='ocrx_word' id='word_1_492' title='bbox 593 4036 872 4101; x_wconf 88' lang='grc' dir='ltr'><em>συγγενεῖς</em></span> <span class='ocrx_word' id='word_1_493' title='bbox 905 4030 1076 4102; x_wconf 80' lang='grc' dir='ltr'><em>ἤγουν</em></span> <span class='ocrx_word' id='word_1_494' title='bbox 1111 4029 1167 4085; x_wconf 81' lang='grc' dir='ltr'><em>οἱ</em></span> <span class='ocrx_word' id='word_1_495' title='bbox 1198 4028 1653 4104; x_wconf 78' lang='grc' dir='ltr'><em>ἀναμεμιγμένους</em></span> <span class='ocrx_word' id='word_1_496' title='bbox 1689 4032 2032 4102; x_wconf 81' lang='grc' dir='ltr'><em>συγκείμενοι</em></span> <span class='ocrx_word' id='word_1_497' title='bbox 2077 4036 2157 4102; x_wconf 74' lang='grc' dir='ltr'><em>τῷ</em></span> <span class='ocrx_word' id='word_1_498' title='bbox 2191 4032 2480 4103; x_wconf 85' lang='grc' dir='ltr'><em>πράγματι</em></span> <span class='ocrx_word' id='word_1_499' title='bbox 2511 4047 2705 4101; x_wconf 61' lang='grc' dir='ltr'><em>συγγε,</em></span> 
     </span>
     <span class='ocr_line' id='line_1_45' title="bbox 356 4112 2704 4189; baseline 0 -22"><span class='ocrx_word' id='word_1_500' title='bbox 356 4119 481 4173; x_wconf 81' lang='grc' dir='ltr'><em>νεῒς.</em></span> <span class='ocrx_word' id='word_1_501' title='bbox 537 4115 631 4168; x_wconf 80' lang='grc' dir='ltr'><em>καὶ</em></span> <span class='ocrx_word' id='word_1_502' title='bbox 662 4117 829 4170; x_wconf 85' lang='grc' dir='ltr'><em>πάλιν</em></span> <span class='ocrx_word' id='word_1_503' title='bbox 864 4112 952 4170; x_wconf 78' lang='grc' dir='ltr'><em>ὅτι</em></span> <span class='ocrx_word' id='word_1_504' title='bbox 986 4115 1101 4171; x_wconf 78' lang='grc' dir='ltr'><em>ἐπεὶ</em></span> <span class='ocrx_word' id='word_1_505' title='bbox 1136 4122 1414 4186; x_wconf 80' lang='grc' dir='ltr'><em>συγγενεῖς</em></span> <span class='ocrx_word' id='word_1_506' title='bbox 1450 4113 1707 4186; x_wconf 73' lang='grc' dir='ltr'><em>ὀνομάζει</em></span> <span class='ocrx_word' id='word_1_507' title='bbox 1740 4115 1770 4171; x_wconf 92' lang='lat'><em>6</em></span> <span class='ocrx_word' id='word_1_508' title='bbox 1808 4117 1981 4188; x_wconf 84' lang='grc' dir='ltr'><em>νόμος</em></span> <span class='ocrx_word' id='word_1_509' title='bbox 2013 4116 2274 4189; x_wconf 82' lang='grc' dir='ltr'><em>περιττὸν</em></span> <span class='ocrx_word' id='word_1_510' title='bbox 2308 4115 2410 4181; x_wconf 77' lang='grc' dir='ltr'><em>τὴν</em></span> <span class='ocrx_word' id='word_1_511' title='bbox 2428 4118 2580 4187; x_wconf 78' lang='grc' dir='ltr'><em>μῖξιν</em></span> <span class='ocrx_word' id='word_1_512' title='bbox 2601 4114 2704 4168; x_wconf 83' lang='grc' dir='ltr'><em>πά-</em></span> 
     </span>
     <span class='ocr_line' id='line_1_46' title="bbox 354 4196 2703 4273; baseline 0 -21"><span class='ocrx_word' id='word_1_513' title='bbox 354 4198 443 4252; x_wconf 81' lang='grc' dir='ltr'><em>λιν</em></span> <span class='ocrx_word' id='word_1_514' title='bbox 487 4196 688 4253; x_wconf 69' lang='grc' dir='ltr'><em>εἰπεῖν·</em></span> <span class='ocrx_word' id='word_1_515' title='bbox 737 4198 768 4264; x_wconf 75' lang='grc' dir='ltr'><strong><em>ἦ</em></strong></span> <span class='ocrx_word' id='word_1_516' title='bbox 807 4199 917 4271; x_wconf 82' lang='grc' dir='ltr'><em>γὰρ</em></span> <span class='ocrx_word' id='word_1_517' title='bbox 957 4201 1243 4270; x_wconf 84' lang='grc' dir='ltr'><em>συγγένεια</em></span> <span class='ocrx_word' id='word_1_518' title='bbox 1278 4198 1413 4265; x_wconf 75' lang='grc' dir='ltr'><em>αὕτη</em></span> <span class='ocrx_word' id='word_1_519' title='bbox 1449 4197 1573 4254; x_wconf 72' lang='grc' dir='ltr'><em>καθ’</em></span> <span class='ocrx_word' id='word_1_520' title='bbox 1613 4200 1812 4265; x_wconf 77' lang='grc' dir='ltr'><em>ἑαυτὴν</em></span> <span class='ocrx_word' id='word_1_521' title='bbox 1843 4202 2172 4271; x_wconf 79' lang='grc' dir='ltr'><em>γινώσκεται</em></span> <span class='ocrx_word' id='word_1_522' title='bbox 2204 4200 2296 4255; x_wconf 81' lang='grc' dir='ltr'><em>καὶ</em></span> <span class='ocrx_word' id='word_1_523' title='bbox 2311 4199 2703 4273; x_wconf 78' lang='grc' dir='ltr'><em>χαρακτηρίζε-</em></span> 
     </span>
     <span class='ocr_line' id='line_1_47' title="bbox 355 4281 2703 4358; baseline 0 -23"><span class='ocrx_word' id='word_1_524' title='bbox 355 4300 449 4337; x_wconf 89' lang='grc' dir='ltr'><em>ται</em></span> <span class='ocrx_word' id='word_1_525' title='bbox 483 4281 588 4335; x_wconf 84' lang='grc' dir='ltr'><em>ῦπὸ</em></span> <span class='ocrx_word' id='word_1_526' title='bbox 624 4287 721 4348; x_wconf 83' lang='grc' dir='ltr'><em>τῆς</em></span> <span class='ocrx_word' id='word_1_527' title='bbox 754 4284 1061 4342; x_wconf 87' lang='grc' dir='ltr'><em>συνθέσεως</em></span> <span class='ocrx_word' id='word_1_528' title='bbox 1094 4288 1207 4338; x_wconf 87' lang='grc' dir='ltr'><em>τῶν</em></span> <span class='ocrx_word' id='word_1_529' title='bbox 1241 4281 1339 4337; x_wconf 79' lang='grc' dir='ltr'><em>δύο</em></span> <span class='ocrx_word' id='word_1_530' title='bbox 1376 4289 1476 4338; x_wconf 87' lang='grc' dir='ltr'><em>τοῦ</em></span> <span class='ocrx_word' id='word_1_531' title='bbox 1510 4282 1677 4355; x_wconf 88' lang='grc' dir='ltr'><em>λόγου</em></span> <span class='ocrx_word' id='word_1_532' title='bbox 1710 4289 1915 4358; x_wconf 87' lang='grc' dir='ltr'><em>μερῶν,</em></span> <span class='ocrx_word' id='word_1_533' title='bbox 1956 4282 2081 4350; x_wconf 79' lang='grc' dir='ltr'><em>ἦτοι</em></span> <span class='ocrx_word' id='word_1_534' title='bbox 2117 4288 2213 4350; x_wconf 79' lang='grc' dir='ltr'><em>τῆς</em></span> <span class='ocrx_word' id='word_1_535' title='bbox 2247 4283 2351 4339; x_wconf 80' lang='grc' dir='ltr'><em>σὺν</em></span> <span class='ocrx_word' id='word_1_536' title='bbox 2385 4285 2703 4355; x_wconf 80' lang='grc' dir='ltr'><em>προθέσεως</em></span> 
     </span>
     <span class='ocr_line' id='line_1_48' title="bbox 354 4364 2703 4443; baseline 0 -23"><span class='ocrx_word' id='word_1_537' title='bbox 354 4365 447 4421; x_wconf 65' lang='grc' dir='ltr'><em>καὶ</em></span> <span class='ocrx_word' id='word_1_538' title='bbox 480 4371 579 4422; x_wconf 87' lang='grc' dir='ltr'><em>τοῦ</em></span> <span class='ocrx_word' id='word_1_539' title='bbox 611 4368 802 4438; x_wconf 86' lang='grc' dir='ltr'><em>γένους</em></span> <span class='ocrx_word' id='word_1_540' title='bbox 837 4364 1126 4436; x_wconf 83' lang='grc' dir='ltr'><em>ὀνόματος,</em></span> <span class='ocrx_word' id='word_1_541' title='bbox 1166 4366 1239 4426; x_wconf 79' lang='grc' dir='ltr'><em>ὥς</em></span> <span class='ocrx_word' id='word_1_542' title='bbox 1271 4367 1363 4421; x_wconf 82' lang='grc' dir='ltr'><em>καὶ</em></span> <span class='ocrx_word' id='word_1_543' title='bbox 1393 4368 1535 4422; x_wconf 79' lang='grc' dir='ltr'><em>κατὰ</em></span> <span class='ocrx_word' id='word_1_544' title='bbox 1569 4368 1670 4424; x_wconf 83' lang='grc' dir='ltr'><em>τὸν</em></span> <span class='ocrx_word' id='word_1_545' title='bbox 1701 4368 1879 4439; x_wconf 86' lang='grc' dir='ltr'><em>νόμον</em></span> <span class='ocrx_word' id='word_1_546' title='bbox 1900 4369 2066 4443; x_wconf 90' lang='grc' dir='ltr'><em>μέχρι</em></span> <span class='ocrx_word' id='word_1_547' title='bbox 2094 4374 2194 4424; x_wconf 91' lang='grc' dir='ltr'><em>τοῦ</em></span> <span class='ocrx_word' id='word_1_548' title='bbox 2216 4366 2456 4441; x_wconf 78' lang='grc' dir='ltr'><em>ἑβδόμου</em></span> <span class='ocrx_word' id='word_1_549' title='bbox 2476 4371 2703 4438; x_wconf 81' lang='grc' dir='ltr'><em>βαθμοῦ</em></span> 
     </span>
    </p>
   </div>
  </div>
 </body>
</html>
