2900 4950
320 261 446 327 470
1182 257 1302 309 con.
1339 258 1410 306 lv.
1481 255 1596 305 mov.
1635 252 1806 303 bxvu.

326 423 527 503 ζουσα
571 418 678 482 καὶ
722 410 839 500 τὴν
885 405 1120 495 ὀδύνην
1152 402 1564 484 ἐπαύξουσα,
1610 407 1756 476 τοῖς
1800 397 1872 463 δὲ
1902 392 2153 461 ἀδικεῖν
2183 391 2523 473 ἑλομένοις
2550 386 2682 473 τὴν

327 515 428 608 ἐφ’
475 507 553 606 ἧς
592 513 908 603 ἠδίκησαν
953 505 1327 576 ἀπόλαυσιν
1371 496 2032 578 πολυπλασιάζουσα,
2076 491 2189 559 καὶ
2231 494 2310 579 τῇ
2354 492 2491 556 τῶν
2522 483 2687 555 ἀνε-

328 618 541 704 σίμων
584 611 843 702 ἡμερῶν
888 605 1194 697 ἀφθονίᾳ
1236 607 1342 671 καὶ
1387 606 1482 688 τῷ
1528 599 1894 683 πλατυσμῷ
1923 599 2040 682 τῆς
2067 596 2201 660 τῶν
2233 586 2685 677 δικαστηρίων

329 721 565 805 σχολῆς
610 718 724 783 ἐπὶ
767 710 1016 798 μακρὸν
1062 705 1291 785 αὐτοῖς
1344 699 1864 787 ἀποπληροῦσα*
1904 697 2024 782 τὴν
2069 696 2315 782 ἔφεσιν.
2405 715 2687 778 τοιγαρ-

329 825 445 889 οὗν
503 820 612 885 καὶ
669 812 709 901 ἦ
765 813 1074 900 βασιλεία
1128 832 1277 892 μου,
1334 844 1420 853 -—
1474 806 1671 868 τοῦτο
1726 802 1845 886 μὲν
1900 802 2007 865 καὶ
2063 800 2181 863 τοῦ
2245 793 2682 877 θεοπάτορος

329 923 437 989 καὶ
482 918 809 1005 βασιλέως
854 914 893 979 δ
906 909 1096 996 αβὶδ
1141 908 1233 986 εἷς
1277 896 1460 994 ᾆσμα
1503 908 1727 986 κυρίου
1773 903 1873 987 τῷ
1916 900 2075 984 ἐλέῳ
2120 895 2236 984 τὴν
2279 902 2493 979 κρίσιν
2538 918 2683 960 πα·-

330 1017 796 1107 ραζευγνύντος
862 1010 1222 1088 ἀκούουσα,
1296 1004 1657 1073 κάντεῦθεν
1728 1000 1816 1088 μὴ
1884 1001 2203 1065 τοσοῦτον
2267 994 2501 1079 ὕμνοις
2562 997 2678 1061 καὶ

334 1117 541 1209 ᾤδαῒς
582 1120 689 1185 καὶ
737 1119 1028 1200 λογικαῖς
1073 1106 1408 1194 λατρείαις
1444 1103 1697 1189 χαίρειν
1738 1101 1903 1168 θεὸν
1950 1101 2018 1168 ἐν
2051 1109 2202 1176 ταῖς
2230 1094 2516 1180 ἑορτίοις
2540 1100 2683 1162 τῶν

330 1219 590 1311 ἡμερῶν
650 1214 1181 1301 συλλογιζομένη,
1242 1205 1497 1274 ὁπόσον
1556 1203 1686 1288 ἄρα
1740 1207 1832 1289 τῷ
1890 1202 1960 1269 ἐκ
2001 1204 2118 1267 τοῦ
2179 1199 2363 1265 ἐλέου
2406 1199 2513 1263 καὶ
2559 1200 2684 1283 τῆς

333 1329 607 1411 κρίσεως
649 1315 1247 1407 ᾄσματα-’τοῦτο
1295 1311 1368 1376 δὲ
1410 1311 1517 1373 καὶ
1562 1305 1640 1371 τὸ
1685 1305 1752 1372 ὲν
1799 1298 2197 1389 εὐαγγελίοις
2240 1294 2389 1366 οὐαὶ
2420 1301 2529 1365 καὶ
2558 1299 2683 1365 τὸν

343 1420 750 1503 ταλανισμὸν
795 1418 1037 1484 ἐκεῖνον
1081 1410 1494 1500 ὑφορωμένη,
1545 1406 1617 1474 ὃν
1670 1407 1763 1485 εἷς
1805 1405 1958 1484 τοὺς
2014 1399 2376 1485 ὑποκριτὰς
2428 1425 2595 1487 φαρ
2614 1427 2685 1467 ι-

337 1532 634 1600 σαίους
680 1517 714 1586 ὃ
746 1516 961 1604 σωτὴρ
995 1512 1410 1590 ἀπετείνατο,
1462 1506 1564 1575 ὅτι
1596 1513 2005 1593 προσωπείῳ
2035 1508 2152 1590 τῆς
2180 1505 2311 1571 τῶν
2343 1501 2684 1587 ἑορτάδων

334 1623 594 1716 ἡμερῶν
640 1621 932 1709 φυλακῆς
972 1622 1282 1705 μεγίστην
1328 1612 1515 1678 ἔνδον
1560 1605 1840 1693 ἀνομίαν
1896 1605 2500 1692 περικαλύπτομεν,
2558 1602 2683 1689 τὴν

335 1733 550 1812 κρίσιν
593 1720 781 1807 παρὰ
825 1720 1078 1807 φαῦλον
1123 1720 1468 1797 τιθέμενοι
1511 1714 1616 1776 καὶ
1663 1709 1777 1777 τὸν
1825 1708 2024 1788 ἔλεον,
2071 1745 2157 1754 -
2200 1704 2371 1790 πρὸς
2412 1703 2685 1783 τούτοις

337 1823 594 1895 κάκεῖνο
651 1826 767 1909 τῆς
823 1817 865 1888 ἀ
878 1827 978 1904 ββ
993 1815 1184 1885 ακοὺ
1198 1842 1244 1898 μ
1304 1819 1720 1899 προφητείας
1775 1805 2214 1895 εὐλαβουμένη
2273 1803 2312 1893 ἦ
2369 1807 2684 1893 βασιλεία

283 1952 286 1955 ’
337 1954 485 2014 μου,
529 1930 857 2011 μεμίσηκα
914 1917 1238 2001 ἀπῶσμαι
1281 1914 1513 2000 ἑορτὰς
1556 1909 1739 1996 ὑμῶν
1782 1915 1887 1978 καὶ
1935 1906 2011 1977 οὗ
2056 1909 2144 1999 μὴ
2193 1904 2565 1994 όσφρανθῶ
2612 1906 2683 1974 ἐν

338 2039 488 2106 ταῖς
542 2027 982 2115 πανηγύρεσιν
1036 2016 1211 2104 ὑμῖν,
1257 2054 1344 2066 -·
1388 2016 1481 2095 εἰς
1537 2012 1652 2101 τὴν
1710 2015 2056 2097 παροῦσαν
2103 2010 2482 2094 οἰκονομίαν
2529 2008 2683 2094 ἐλή-

341 2132 570 2197 λυθαὸ.
662 2128 720 2193 εἶ
761 2125 882 2212 γὰρ
926 2122 1005 2190 τὸ
1051 2121 1118 2188 ἓν
1163 2117 1477 2204 σαββάτῳ
1520 2117 2016 2201 κατολισθῆσαν
2060 2115 2292 2199 κτῆνος
2337 2110 2431 2190 εἷς
2464 2108 2683 2195 βόθυ-

341 2255 453 2297 νον
508 2224 906 2295 ἀνέλκεσθαι
963 2218 999 2288 ὖ
1059 2219 1273 2305 σωτὴρ
1334 2219 1591 2285 ἐκεῖθεν
1649 2215 2130 2292 διεκελεύσατο,
2188 2215 2296 2279 καὶ
2359 2213 2685 2301 μηδαμῶς

339 2332 456 2419 τὴν
509 2334 624 2416 τῆς
679 2329 947 2411 νομικῆς
991 2317 1222 2411 ἀργίας
1265 2318 1639 2404 παράλυσιν
1683 2315 2252 2387 ὑποστέλλεσθαι·
2314 2312 2508 2400 πόσῳ
2550 2312 2712 2396 μά-’

339 2434 539 2499 λιστα
590 2427 708 2514 χρὴ
765 2425 880 2492 τὸν
935 2426 1050 2489 τοῦ
1109 2417 1350 2507 ἀλόγου
1415 2420 1688 2520 κτήνρυς
1745 2413 2148 2506 ἀσυγκρίτως
2212 2410 2684 2500 ὑπερκείμενον

342 2531 727 2616 ἄνθρωπον,
773 2525 887 2591 τὸν
932 2524 1103 2608 λόγῳ
1148 2527 1592 2608 τετιμημένον,
1639 2519 1755 2586 τὸν
1797 2522 1965 2586 θεοῦ
1998 2517 2215 2587 εἰκόνα
2247 2517 2686 2602 σεμνολογού-

341 2656 567 2719 μενον,
625 2630 733 2695 καὶ
789 2626 857 2693 ἐν
915 2626 1197 2712 ἑορτίοις
1253 2619 1559 2710 ἡμέραις,
1608 2616 1709 2708 ἐφ’
1760 2616 1866 2700 αἶς
1913 2620 2100 2705 ἔργου
2146 2617 2398 2697 παντὸς
2443 2618 2683 2705 σχολὴν

344 2733 616 2819 ἄγομεν,
660 2731 778 2797 τοῦ
820 2725 1079 2813 βόθρου
1124 2727 1503 2808 πειρᾶσθαι
1546 2725 1721 2788 πᾶσι
1763 2719 2042 2805 τρόποις
2087 2715 2411 2800 ἀνέλκειν,
2468 2720 2562 2797 είς
2607 2717 2685 2787 ὃν

343 2830 543 2904 αὐτὸν
595 2826 636 2917 ἦ
694 2831 1086 2913 παλαμναία
1137 2828 1245 2892 καὶ
1300 2822 1544 2910 μαινάς
1589 2819 1813 2890 ἀδικία
1858 2823 1970 2888 ἐπὶ
2015 2822 2303 2907 κεφαλῆς
2348 2815 2686 2908 ὠθήσασα

342 2933 823 3020 κατεκρήμνισε.
911 2931 1020 2995 καὶ
1067 2927 1125 2994 εἷ
1167 2924 1502 3012 χριστὸς
1546 2919 1743 3001 αὐτὸς
1783 2927 1901 2988 τοῦ
1947 2921 2270 3000 σκιώδους
2311 2919 2520 3005 νόμου
2564 2922 2684 3010 τὴν

344 3030 748 3122 ἐπιφυλλίδα
793 3033 954 3112 ξέων
997 3031 1105 3095 καὶ
1148 3027 1226 3093 τὸ
1272 3029 1486 3111 λέμμα
1528 3028 1635 3093 καὶ
1681 3023 1799 3111 τὴν
1843 3018 2164 3108 ἀνθέρικα
2207 3021 2317 3089 καὶ
2346 3021 2460 3088 τὸν
2490 3034 2683 3091 σῖτον

341 3140 458 3224 τῆς
501 3129 821 3221 ἀληθείας
865 3132 1307 3217 παραγυμνῶν
1355 3127 1421 3195 ἐν
1466 3138 1611 3206 τοῖς
1656 3125 1982 3210 σάββασιν
2035 3121 2511 3211 ἐτερατούργει,
2572 3148 2684 3191 νο-

345 3241 626 3313 σοῦντας
645 3230 1063 3319 θεραπεύων,
1112 3235 1696 3318 συντετριμμένους
1728 3225 2022 3310 ἰώμενος,
2069 3229 2175 3293 καὶ
2205 3224 2322 3313 τὴν
2353 3225 2420 3293 ἐν
2453 3221 2683 3305 αὖτσῖς

346 3334 667 3405 ἀνέκαθεν
724 3337 1190 3417 νενομισμένην
1246 3329 1595 3414 ἐκεχειρίαν
1650 3327 1761 3394 καὶ
1817 3323 2149 3413 ἀπραξίαν
2210 3326 2322 3394 ἐπὶ
2388 3333 2682 3415 σωτηρίᾳ

341 3441 476 3504 τῶν
519 3437 730 3512 κακῶς
774 3433 1051 3515 ἐχόντων
1094 3431 1536 3513 καινοτομῶν·
1583 3432 1731 3505 πῶς
1771 3425 1929 3513 ἡμῖν
1976 3423 2052 3492 οὗ
2097 3427 2216 3506 τὰς
2258 3427 2515 3505 πολλὰς
2557 3452 2682 3495 πε·-

343 3540 706 3626 ριαιρετέον
748 3536 880 3599 τῶν
925 3533 1360 3617 δικαστηρίων
1405 3525 1683 3608 ἀδικίας,
1729 3523 1898 3615 ὗπέρ
1941 3555 2014 3596 τε
2054 3530 2171 3615 τῆς
2211 3532 2343 3595 τῶν
2388 3526 2683 3610 πασχόν-

342 3663 475 3705 των
520 3633 714 3702 ἄδικα
758 3631 1144 3718 ἐκδικήσεως
1185 3632 1291 3696 καὶ
1336 3633 1451 3718 τῆς
1494 3633 1627 3696 τῶν
1670 3633 1949 3696 τοιαῦτα
1992 3629 2299 3714 δρώντων
2344 3623 2682 3711 ἀναχαιτί-

349 3762 552 3819 σεως,·
615 3737 722 3801 καὶ
780 3736 988 3800 ταῦτα
1042 3735 1185 3810 νῦν,
1246 3727 1453 3799 ὁπότε
1495 3726 1533 3819 ἡ
1577 3731 1885 3816 βασιλεία
1926 3754 2056 3813 μου
2098 3729 2218 3809 τὰς
2259 3733 2376 3817 τῆς
2420 3723 2680 3808 ἀδικίας

344 3867 419 3910 τε
447 3842 580 3907 καὶ
634 3835 1019 3916 πλεονεξίας
1083 3833 1266 3919 ῥίζας
1321 3829 1603 3915 ἀτεχνῶς
1660 3828 2297 3916 ἀποδενδρωθείσας
2332 3825 2677 3915 τ’κρίβωσε,

344 3940 458 4009 καὶ
507 3937 801 4015 πολλοὺς
854 3935 1107 4020 ἐπέγνω
1162 3938 1296 4000 τῶν
1352 3929 1737 4017 ἀνθρώπων
1782 3932 1877 4010 εἰς
1917 3927 2295 4018 τούμφανὲς
2337 3936 2451 3998 νῦν
2495 3930 2685 4017 ἐκρή-

347 4043 583 4121 ξαντας
631 4037 711 4125 ἢν
767 4037 835 4105 ἐκ
886 4038 1140 4120 μακροῦ
1184 4033 1421 4100 ὤδινον
1467 4040 1791 4119 πονηρίαν
1833 4036 1941 4100 καὶ
1985 4033 2254 4118 τρόπων
2301 4032 2678 4117 σκαιότητα,

351 4137 442 4219 ὥς
504 4135 712 4216 ἀδεῶς
743 4147 920 4232 1τοῒς
982 4136 1399 4219 παρανόμοις
1466 4134 1833 4217 ἐπιτολμᾶν
1897 4136 2005 4200 καὶ
2065 4131 2540 4211 ἀνυποστόλως
2594 4132 2682 4199 τὰ

482 4355 504 4383 ⁴
539 4356 679 4406 Labb.
718 4348 1110 4420 ἀποπληροῦσι.
1263 4352 1283 4379 ³
1319 4356 1458 4403 Forte
1493 4348 1729 4413 ἐλήλυθε.

2883 782 2885 881 ¹
