2900 4950
980 163 1129 227 lmpp.
1166 163 1341 212 Leonis
1376 169 1425 212 et
1462 162 1776 213 Constantini.
2459 150 2541 209 53

182 311 527 397 τυγχάνει,
573 309 692 389 τὰς
735 303 938 388 αύτὰς
978 306 1146 375 κατὰ
1189 306 1410 375 πάντα
1451 312 1547 395 τῷ
1587 305 1774 394 ἀνδρὶ
1805 310 2046 388 ποινὰς
2076 308 2538 398 ὖποστήσεται.

183 410 377 479 ἀλλὰ
419 416 626 478 ταῦτα
668 413 787 496 μὲν
835 412 1025 496 εἴπερ
1071 407 1351 492 εὔποροι
1408 404 1538 476 εἶεν
1583 409 1650 474 οἱ
1703 409 1780 474 τὸ
1830 417 2236 477 συνοικέσιον
2280 413 2540 490 λύοντες

182 520 727 596 τεθεσπίκαμεν·
788 512 846 578 εἰ
898 510 1022 597 γὰρ
1081 508 1340 593 ἄπορόν
1384 508 1529 575 ἔστι
1570 508 1648 574 τὸ
1691 509 2091 595 πρόσωπον,
2152 508 2187 573 ὃ
2229 510 2344 595 τὴν
2388 510 2540 577 ἄκο-

188 639 376 698 σμον
420 614 660 704 ταύτην
701 618 1127 695 καινοτομίαν
1172 609 1551 695 εἰργάσατο,
1599 606 1748 676 άντὶ
1788 613 1909 694 μὲν
1952 614 2068 696 τῆς
2111 618 2543 696 προκειμένης

188 715 440 801 ζημίας
485 716 797 802 σφοδρῶς
842 714 1231 795 αἰκισθῆναι
1272 711 1687 794 κελεύομεν”,
1744 710 1857 777 καὶ
1907 710 2019 777 ἐπὶ
2064 723 2208 791 τοῖς
2252 714 2537 793 λοιποῖς,

190 813 298 894 ὡς
344 812 442 881 15²⁶
482 814 719 899 παρὼν
767 811 1133 898 διαγορεύει
1176 811 1393 894 νόμος,
1440 811 2016 897 κατακριθήσεται.

374 914 456 1001 β’.
546 919 679 981 Καὶ
738 916 946 979 ταῦτα
1001 914 1119 997 μὲν
1172 909 1330 999 ἡμῖν
1384 913 1544 996 περὶ
1598 916 1730 979 τῶν
1776 914 1844 980 ἐκ
1885 916 2002 979 τοῦ
2047 921 2376 999 παναγίου
2416 922 2540 999 βα-

184 1024 582 1101 πτίσματος
634 1014 717 1080 τὰ
776 1014 1023 1080 ἑαυτῶν
1076 1014 1262 1097 παρὰ
1316 1015 1559 1097 νόμους
1615 1015 1981 1096 δεξαμένων
2034 1020 2226 1081 τέκνα
2268 1040 2539 1100 νενομο-

181 1123 503 1203 θέτηται.
568 1114 797 1200 ἐπειδὴ
846 1114 918 1179 δέ
959 1139 1132 1191 τινες
1176 1115 1424 1198 ἑτέροις
1470 1112 1821 1199 διαφόροις
1862 1113 2142 1197 τρόποις
2174 1115 2258 1181 τά
2287 1117 2537 1184 ἑαυτῶν

184 1219 635 1294 διαλύσαντες
699 1220 1073 1281 συνοικέσια
1146 1213 1395 1298 ἑτέροις
1467 1204 1669 1293 αὖθις
1741 1213 2214 1300 συνεκρότησαν
2281 1217 2534 1300 γάμοις,

182 1314 558 1402 ἀναγκαῖον
614 1311 772 1402 ἡμῖν
824 1320 1254 1400 κατεφαίνετο
1267 1365 1285 1394 ,
1344 1318 1449 1381 καὶ
1496 1315 1614 1403 τὴν
1668 1317 1822 1400 περὶ
1881 1310 2097 1381 αὐτῶν
2155 1318 2541 1396 σπουδαίως

182 1416 633 1504 ποιήσασθαι
676 1414 1076 1499 ἐπιμέλειαν.
1167 1416 1233 1481 οἱ
1272 1417 1394 1500 μὲν
1436 1415 1559 1502 γὰρ
1618 1414 1937 1499 ἀπεχθῶς
1991 1416 2164 1502 πρὸς
2220 1411 2540 1503 ἀλλήλους

190 1521 639 1595 διατεθέντες,
685 1519 793 1583 καὶ
840 1514 1194 1600 προϊόντος
1235 1520 1354 1581 τοῦ
1392 1517 1630 1603 χρόνου
1675 1521 1791 1583 τοῦ
1833 1526 2073 1601 μίσους
2114 1513 2534 1605 αὐξηθέντος,

188 1621 525 1706 μηδεμιᾶς
570 1613 836 1702 εὐλόγου
880 1615 1494 1704 παρεμπεσούσης’Π
1548 1619 1960 1706 προφάσεως,
2006 1615 2158 1684 καθ’
2205 1619 2283 1707 ἢν
2327 1619 2536 1706 ἄνδρα

192 1717 340 1788 ἀπὸ
383 1718 686 1806 γυναικὸς
723 1719 1129 1802 χωρίζεσθαι
1174 1718 1239 1784 οἱ
1284 1713 1575 1804 εὐσεβεῖς
1619 1719 2073 1805 διαγορεύουσι
2114 1721 2325 1805 νόμοι,
2369 1726 2533 1809 κακῇ

194 1827 555 1908 συμφωνίᾳ
598 1820 710 1886 τὸν
757 1820 1005 1887 ἑαυτῶν
1052 1820 1356 1885 διέλυσαν
1398 1819 1625 1905 γάμον,
1674 1815 1752 1886 ού
1787 1821 2218 1908 σωφροσύνης
2260 1822 2535 1907 ἐρῶντες

192 1918 353 1989 οὐδὲ
395 1920 835 2007 καθαριότητι
875 1927 1027 2005 βίου
1067 1926 1432 2003 χαίροντες,
1502 1917 1669 1987 ἀλλὰ
1724 1916 2083 2007 ἆκράτητον
2140 1918 2534 2001 άκαθέκτοις

193 2024 599 2107 ἐπιθυμίαις
654 2022 926 2100 ἑαυτοὺς
979 2021 1302 2107 ἐφιέντες,
1368 2023 1477 2086 καὶ
1533 2021 1781 2087 τούτων
1842 2023 2097 2108 ἔλεγχος
2150 2018 2531 2109 άψευδὲς·ἦ

192 2123 365 2209 μετὰ
406 2123 521 2209 τὴν
567 2122 889 2203 διάζευξιν
933 2117 1149 2189 αύτῶν
1194 2117 1609 2208 ἀναστροφή·
1667 2123 1732 2188 οἱ
1793 2124 1864 2189 δὲ
1919 2128 2148 2208 σκοπῷ
2203 2120 2534 2206 εὐσεβείας

191 2231 578 2312 κινηθέντες
620 2224 792 2309 πρὸς
833 2228 1030 2289 τοῦτο
1074 2218 1411 2309 ἀφίκοντο.
1501 2226 1612 2289 καὶ
1669 2223 1728 2291 εἰ
1780 2226 1900 2304 μὲν
1948 2221 2152 2310 ἄμφω
2208 2223 2376 2306 μετὰ
2415 2222 2532 2309 τὴν

89 2347 95 2353 “
197 2328 524 2411 διαίρεσιν
568 2325 635 2392 ἐν
681 2321 962 2411 ἆγνείᾳ”
1001 2327 1299 2411 βιοῦντες
1342 2324 1667 2404 διέλυσαν,
1716 2319 1904 2392 οὐδὲν
1949 2318 2029 2391 ἂν
2059 2323 2376 2392 σκολιὸν”
2419 2320 2532 2390 ού-

198 2431 273 2497 δὲ
318 2423 570 2515 ἆχαρὲς·
595 2426 663 2495 ἐκ
705 2430 821 2515 τῆς
861 2425 1171 2513 τοιαύτης
1214 2424 1577 2506 διαλύσεως
1606 2433 1989 2512 συμβαίνειν
2033 2427 2313 2511 ἔμελλεν,
2362 2421 2531 2493 ἀλλὰ

199 2530 536 2598 ἐπαινετοὶ
599 2524 728 2598 εἷεν
790 2532 908 2616 τῆς
966 2530 1166 2616 καλῆς
1230 2553 1304 2596 τε
1365 2532 1473 2596 καὶ
1532 2523 1790 2616 ἀγαθῆς
1845 2535 2328 2615 προαιρέσεως,
2396 2531 2529 2593 τῶν

201 2634 526 2718 φθαρτῶν
567 2629 651 2697 τὰ
696 2629 1020 2719 ἄφθαρτα
1062 2634 1171 2697 καὶ
1214 2634 1347 2696 τῶν
1377 2629 1706 2716 ἐπικήρων
1749 2629 1832 2697 τά
1873 2631 2123 2716 μόνιμα
2152 2631 2259 2695 καὶ
2298 2629 2528 2713 διαρκῆ

198 2731 665 2817 προελόμενοι·
713 2732 773 2799 εἰ
817 2734 890 2798 δὲ
934 2726 1050 2814 οὐχ
1094 2727 1302 2810 οὕτως
1347 2734 1760 2818 διετέθησαν,
1799 2768 1883 2780 —-—-
1927 2729 1963 2797 ὖ
2005 2734 2126 2815 μὲν
2168 2730 2291 2815 γὰρ
2335 2728 2527 2811 τυχὸν

196 2835 290 2918 τῷ
344 2837 762 2916 μοναστηρίῳ
819 2832 1308 2915 προσέδραμεν,
1374 2828 1414 2916 ἦ
1473 2833 1543 2897 δὲ
1598 2832 1688 2916 μὴ
1742 2832 2079 2919 τηρήσασα
2133 2831 2250 2917 τὴν
2305 2837 2526 2917 κοίτην

200 2931 485 3000 ἄθικτον
518 2934 612 3016 τῷ
659 2925 844 3014 ἀνδρὶ
891 2931 1088 3015 ἑτέρῳ
1135 2931 1367 3015 ἑαυτὴν
1410 2930 1863 3016 κατηγγύησεν,
1908 2927 1950 3015 ἢ
1995 2932 2199 3016 ἐκείνη
2232 2933 2350 3013 μὲν
2382 2934 2527 3016 θεῷ

197 3036 639 3115 καθιέρωται,
702 3024 738 3093 ὅ
795 3027 868 3094 δὲ
923 3030 1261 3110 αἴσχιστον
1306 3029 1591 3113 διεξάγει
1644 3036 1810 3114 βίον,
1856 3066 1942 3075 —-—
1984 3029 2335 3095 δικαιοῦν30
2376 3027 2527 3115 άρέ-

202 3158 355 3202 σκον
398 3134 544 3217 θεῷ
588 3126 1021 3250 vffyryon'tpoeffa2
1057 3127 1170 3195 διὰ
1207 3130 1402 3196 τοῦδε
1442 3126 1628 3216 ήμῶν
1672 3133 1789 3194 τοῦ
1833 3133 2279 3210 πανευσεβοῦς
2323 3129 2526 3211 νόμου

201 3238 309 3303 καὶ
361 3233 523 3355 τὴν...
534 3231 770 3299 τούτου
828 3232 1142 3297 τυπῶσαι
1198 3229 1585 3316 διόρθωσιν.
1677 3226 1975 3314 ὁρίζομεν
2038 3234 2287 3306 τοίνυν,
2357 3225 2529 3296 ὥστε

203 3331 338 3404 άπὸ
380 3338 498 3401 τοῦ
542 3332 875 3418 παρόντος
915 3333 1164 3420 μηδένα
1205 3336 1337 3405 τῶν
1380 3333 1553 3418 πρὸς
1594 3330 1806 3417 γάμου
1850 3326 2212 3416 συνάφειαν
2246 3324 2527 3416 ἀφιγμέ-

204 3463 329 3503 νων
371 3434 482 3501 καὶ
522 3438 756 3502 τοῦτον
802 3438 1108 3502 συνέσει3ι
1166 3429 1319 3501 καθ’
1368 3432 1764 3519 οἱονδήποτε
1817 3428 2009 3515 λόγον
2054 3429 2521 3511 διαλυσάντων,

204 3538 333 3605 εἴτε
388 3531 547 3622 άνήρ
606 3535 784 3602 ἐστιν
841 3536 973 3602 εἴτε
1025 3535 1211 3622 γυνὴ,
1269 3530 1866 3620 άποπειρασθῆναι
1920 3521 2124 3610 αὖθις
2167 3557 2260 3611 εις
2303 3533 2523 3619 ε’τερον

203 3638 423 3707 ἐλθεῖν
481 3642 905 3703 συνοικέσιον.
994 3631 1261 3702 ἀνόσιον
1312 3635 1434 3720 γὰρ
1490 3639 1686 3700 τοῦτο
1739 3636 1846 3700 καὶ
1902 3637 2019 3700 τοῦ
2063 3657 2524 3718 χριστιανικω-

201 3739 395 3806 τάτου
452 3741 713 3820 θεσμοῦ
770 3731 1132 3821 ἀλλότριον.
1220 3735 1530 3814 ,,δέδεσαι
1583 3738 1868 3819 γυναικὶ,
1925 3734 2014 3820 μὴ
2075 3733 2250 3819 ζήτει
2302 3734 2521 3799 λύσιν·

206 3841 469 3906 λέλυσαι
514 3833 652 3903 ἀπὸ
695 3835 1023 3923 γυναικὸς,
1088 3834 1177 3920 μὴ
1238 3833 1411 3920 ζήτει
1463 3841 1799 3920 γυναῖκα“,
1857 3838 1965 3900 καὶ
2011 3824 2213 3911 αὖθις
2253 3843 2526 3917 γυναῖκα

337 4008 379 4035 ²⁵
417 4010 535 4058 Cod.
564 4003 833 4056 κίνδυνον.
892 4007 1043 4056 Rham
1070 4007 1211 4068 legit:
1251 4000 1507 4053 κίνδυνον
1531 3997 1911 4063 ὕποστῆσεται.
2052 4000 2092 4030 ²⁶
2125 4005 2363 4055 Articulus
2388 4007 2525 4057 deest

207 4095 252 4144 in
286 4094 400 4142 eod.
576 4090 615 4117 2'
649 4093 765 4142 Cod.
814 4083 1296 4157 παραπεμπούσης.
1474 4086 1516 4114 ²⁸
1552 4089 1667 4138 Cod.
1716 4082 1928 4152 ἀγνοίᾳ.
2003 4090 2199 4139 Rectum
2235 4091 2347 4140 vidit
2382 4094 2523 4142 etiam

207 4177 365 4227 nbaui.
504 4173 546 4204 ²⁹
579 4177 648 4225 Ad
683 4175 943 4238 marginem
981 4174 1170 4225 Codex:
1211 4165 1463 4239 σκληρὸν,
1500 4166 1754 4238 λυπηρὸν.
1821 4183 1826 4188 ·
1894 4170 1935 4201 ⁸⁰
1971 4175 2239 4238 Legendum
2271 4176 2383 4226 olim
2408 4191 2522 4226 con-

207 4262 294 4326 jeci
329 4255 544 4309 δίκαιον
576 4254 685 4309 καὶ.
825 4256 860 4286 ³¹
899 4260 1051 4310 Rham
1088 4260 1311 4309 emendat
1346 4252 1666 4308 συναινέσει.
