2900 4950
360 216 437 279 18
1212 227 1329 278 eon.
1368 228 1402 276 1.
1475 227 1587 276 Nm.
1623 225 1742 277 vm.
1780 226 1853 277 ux.

355 377 443 446 τά
482 379 784 462 σκῆπτρα
827 373 1356 461 παραλαβόντες,
1416 374 1477 440 εἰ
1530 372 1643 441 καὶ
1697 373 1984 452 πολλαῖς
2037 372 2497 458 περιελόμεθα
2550 384 2712 455 ταῖς

359 485 724 568 φροντίσιν,
772 472 962 554 ὅπως
1003 477 1290 562 ῥωμαῖοι
1318 477 1439 560 μὲν
1466 485 1619 555 ταῖς
1647 470 1916 561 ἀρεταῖς
1954 469 2327 562 αῦξηθεῖεν,
2370 475 2716 562 βάρβαροι

362 583 433 648 δὲ
478 585 853 667 νικηθέντες
896 578 1434 665 ἐφυποκλιθεῖεν,
1484 573 1665 662 ὅμως
1707 572 1823 643 οῦκ
1868 577 1992 656 ἔξω
2037 578 2395 664 φροντίδος
2435 577 2715 664 γεγόνα-

359 709 509 769 μεν,
570 678 661 760 ιῦς
704 674 784 746 ἂν
826 678 938 746 καὶ
980 682 1135 763 περὶ
1178 682 1311 745 τῶν
1357 677 1498 765 ἰδίᾳ
1540 677 2056 746 λυσιτελούντων
2096 687 2244 756 τοῖς
2297 673 2624 765 ὑπηκόοις
2661 674 2709 766 ἦ

363 787 603 851 δέουσα
644 787 909 868 γένηται
950 779 1257 864 πρόνοια.
1346 779 1568 846 πολλὰ
1609 782 1730 866 μὲν
1775 769 1889 847 οὖν
1931 782 2065 846 τῶν
2109 778 2342 867 πρῴην
2399 802 2714 864 συγκεχυ-

361 892 576 970 μένων
632 882 1157 967 διορθιόσαντες,
1218 881 1578 968 προσήκειν
1632 877 2029 969 ἡγησάμεθα
2082 883 2190 947 καὶ
2247 880 2327 946 τὸ
2369 883 2527 966 περὶ
2567 884 2713 947 τῶν

365 986 690 1069 διαδόχων
745 979 1147 1072 ἠμελημένον
1195 983 1265 1049 ἐκ
1320 983 1639 1049 πλείστου
1696 982 1868 1067 πρὸς
1919 981 2037 1068 τὴν
2096 976 2500 1066 άρέσκουσαν
2554 986 2712 1069 θεῷ

363 1089 606 1172 πρᾶξιν
663 1087 1118 1171 ἐπαναγαγεῖν.
1209 1085 1493 1170 ἔγνωμεν
1547 1083 1701 1170 γὰρ,
1773 1080 1864 1162 ῶς
1929 1109 2106 1163 τινες
2160 1087 2714 1171 περινοστοῦντες

362 1188 484 1267 τὰς
544 1192 677 1255 τῶν
736 1185 1189 1254 τελευτώντων
1254 1194 1647 1270 περιουσίας
1709 1184 2285 1270 διαταράττουσιν,
2352 1179 2490 1253 ἀλλ’
2549 1182 2715 1257 οὔτε

365 1289 691 1377 διαθήκας
749 1288 911 1356 ἐῶσι
963 1299 1225 1374 κρατεῖν
1281 1285 1433 1355 οῦτε
1485 1286 1613 1373 μὴν
1668 1285 1790 1366 τὰς
1845 1285 1917 1367 ἐξ
1969 1281 2335 1354 άδιαθέτου
2391 1285 2714 1370 διαδοχὰς

359 1391 577 1478 χώραν
622 1389 1007 1477 λαμβάνειν,
1063 1400 1209 1468 τοῖς
1249 1390 1369 1474 μὲν
1411 1399 1702 1477 κινητοῖς
1744 1389 2090 1475 πράγμασι
2133 1389 2506 1476 σφραγῖδας
2550 1386 2711 1456 ἐπι-

361 1493 747 1579 βάλλοντες,
805 1502 949 1569 τοῖς
1006 1491 1077 1557 δὲ
1122 1486 1456 1577 ἀκινήτοις
1511 1492 1786 1570 σανίδας
1845 1490 2292 1569 ἐπιτιθέντες,
2353 1485 2444 1570 ὥς
2495 1490 2708 1578 ταύτῃ

362 1600 478 1682 τῆς
532 1594 794 1660 ἐκείνων
841 1593 1149 1679 διαδοχῆς
1203 1591 1514 1672 ἐπαύξειν
1570 1617 1642 1659 τε
1692 1595 1800 1659 καὶ
1856 1591 1975 1679 τὴν
2028 1597 2421 1677 πρέπουσαν
2474 1592 2712 1677 λαβεῖν

360 1695 567 1775 τάξιν.
658 1693 889 1781 ἐπειδὴ
948 1694 1021 1760 δὲ
1079 1688 1194 1779 οὔχ
1249 1689 1392 1759 οἷόν
1445 1719 1520 1760 τε
1572 1693 1650 1759 τὸ
1705 1688 1858 1761 καθ’
1907 1695 2180 1762 ἕκαστον
2221 1696 2356 1760 τῶν
2401 1691 2517 1761 ἐπὶ
2557 1703 2715 1773 τοῖς

361 1796 694 1875 τοιούτοις
737 1792 1233 1882 συμβαινόντων
1275 1794 1342 1861 ἐν
1372 1796 1628 1881 πλήθει
1654 1793 1953 1883 τοσούτῳ
1996 1795 2367 1880 μανθάνειν
2395 1788 2712 1880 ἀκριβῶς,

362 1901 592 1985 γενικῷ
637 1900 846 1964 ταῦτα
889 1897 1311 1963 διατυπῶσαι
1355 1895 1537 1983 νόμῳ
1578 1899 1795 1977 καλῶς
1839 1896 2058 1978 ἔδοξεν
2099 1893 2257 1984 ἡμῖν
2302 1896 2487 1981 ἔχειν.

534 1999 615 2067 α’.
704 1998 837 2065 Διὸ
868 1999 1296 2083 θεσπίζομεν,
1345 1994 1650 2078 ἅπαντας
1692 1994 2017 2086 ἀφθόνως
2056 2003 2192 2066 τῶν
2225 1999 2484 2067 οἰκείων
2527 1993 2714 2064 ἇπο-

362 2102 586 2169 λαόειν
628 2098 1034 2186 πραγμάτων
1062 2125 1135 2167 τε
1176 2105 1281 2167 καὶ
1330 2101 1603 2167 δικαίων
1646 2103 1754 2166 καὶ
1798 2102 2006 2167 ταῦτα
2061 2106 2541 2187 παραπέμπειν
2585 2098 2709 2167 ἐπὶ

360 2202 516 2281 τοῦς
545 2206 736 2290 σφῶν
766 2199 1224 2288 κληρονόμους,
1258 2201 1521 2269 ἐπιέναι
1548 2203 1620 2269 δὲ
1641 2205 1773 2268 τῶν
1804 2201 2074 2269 πάντων
2103 2204 2352 2289 μηδένα
2377 2200 2716 2283 καθάπαξ

364 2314 515 2383 ταῖς
581 2303 842 2369 ἐκείνων
904 2310 1324 2385 περιουσίαις
1386 2297 1430 2391 ἢ
1496 2303 1652 2382 τοὺς
1713 2302 1966 2371 τούτων
2031 2302 2379 2387 διαδόχους
2442 2302 2714 2390 ζημίαις

364 2403 791 2491 περιβάλλειν
834 2397 877 2491 ἢ
917 2405 1178 2483 τίτλους
1220 2398 1263 2491 ἢ
1308 2406 1681 2493 σφραγῖδας
1730 2404 2116 2473 ἐπιτιθέναι
2155 2415 2302 2485 τοῖς
2354 2403 2712 2492 πράγμασι

362 2505 549 2592 παρὰ
588 2505 666 2573 τὸ
708 2516 855 2585 τοῖς
894 2501 1237 2593 ἡμετέροις
1281 2505 1511 2590 νόμοις
1566 2508 1818 2574 δοκοῦν.
1908 2509 2019 2574 καὶ
2059 2506 2178 2585 τὰς
2221 2505 2293 2586 ἐξ
2333 2503 2709 2575 ἂδιαθέτου

359 2609 482 2695 γὰρ
538 2607 798 2695 κλήσεις
853 2607 964 2675 ἐπὶ
1024 2618 1174 2686 ταῖς
1226 2605 1479 2674 τοί-των
1536 2610 1878 2691 διαδοχαῖς
1933 2611 2358 2694 βεβαιοῦμεν,
2417 2607 2525 2675 καὶ
2581 2606 2711 2688 τὰς

358 2712 735 2788 τελευταίας
798 2708 1049 2776 τούτων
1109 2708 1457 2796 βουλήσεις
1518 2716 1814 2793 νομίμως
1882 2709 2282 2796 προϊούσας4
2340 2704 2456 2777 οὐκ
2511 2705 2708 2777 άναι-

360 2814 616 2898 ροῦμεν.
707 2810 766 2878 εἰ
808 2808 930 2895 γὰρ
977 2805 1431 2895 άγρυπνοῦμεν
1478 2806 1579 2877 ἀεὶ
1635 2818 1744 2877 καὶ
1791 2816 2208 2898 μεριμνῶμεν
2251 2810 2364 2878 διὰ
2407 2811 2523 2896 τὴν
2564 2813 2708 2879 τῶν

360 2910 701 2980 ὑποτελῶν
747 2906 1054 2996 εὐνομίαν
1095 2936 1169 2978 τε
1211 2910 1320 2978 καὶ
1364 2913 1483 2998 τῆς
1527 2907 1742 2978 αὗτῶν
1786 2919 2160 2998 θεραπείας
2200 2910 2414 3000 πολλή
2459 2937 2562 2991 τις
2603 2915 2705 2999 τῷ

357 3010 649 3101 ἡμετέρῳ
691 3013 915 3099 κράτει
956 3019 1324 3100 καθέστηκε
1367 3015 1658 3100 φροντὶς,
1706 3017 1855 3094 πῶς
1895 3011 2011 3081 οὐκ
2041 3008 2121 3082 ἂν
2149 3016 2255 3082 καὶ
2302 3016 2456 3100 περὶ
2501 3017 2706 3080 τοῦτο

357 3113 436 3180 τὸ
501 3121 698 3199 μέρος
764 3114 1254 3201 προνοήσαιμεν
1325 3110 1544 3182 αὐτῶν
1607 3117 1712 3181 καὶ
1779 3117 1896 3202 τῆς
1948 3112 2266 3204 ἡμετέρας
2322 3115 2707 3200 προθύμως

355 3218 793 3303 μεταδοίημεν
838 3211 1242 3302 εὖεργεσίαςς
1298 3219 1509 3283 ταῦτα
1549 3216 1671 3303 γὰρ
1720 3220 1860 3305 θεῷ
1906 3212 2200 3302 ἀρέσκειν
2243 3223 2706 3300 πεπείσμεθα,

356 3318 463 3385 καὶ
522 3317 764 3405 ταύτην
821 3315 1239 3401 δικαιοσύνην
1299 3311 1470 3384 εἷναί
1525 3342 1772 3405 φαμεν,
1829 3319 1937 3385 καὶ
1994 3319 2110 3407 τὴν
2152 3318 2495 3405 βασιλείαν
2537 3313 2708 3405 ἡμῖν

358 3420 427 3483 ἐκ
480 3417 730 3483 τούτων
790 3412 1056 3504 ἀσφαλῆ
1110 3443 1184 3484 τε
1241 3417 1352 3484 καί
1412 3413 1741 3505 ἀτάραχον
1787 3419 2068 3487 ἔσεσθαι
2112 3418 2643 3504 πεπιστεύκαμεν
2659 3425 2703 3489 ⁸.

357 3523 912 3599 συναριθμείσθω
969 3524 1190 3585 τοίνυν
1246 3521 1352 3585 καὶ
1415 3509 1608 3599 οὗτος
1661 3515 1847 3606 ἡμῶν
1906 3517 1943 3587 ό
2008 3520 2211 3606 νόμος
2261 3532 2407 3600 τοῖς
2471 3519 2708 3603 ἄλλοις

355 3615 541 3705 ἡμῶν
582 3617 1080 3703 κατορθώμασι,
1126 3618 1236 3685 καὶ
1280 3619 1357 3685 τὸ
1401 3616 1693 3708 ὑπήκοον
1720 3625 1853 3689 τῶν
1882 3622 2112 3710 πρῴην
2144 3624 2454 3709 λυπηρῶν
2484 3617 2706 3711 άπηλ-

356 3722 673 3807 λαγμένον
717 3722 823 3786 καὶ
867 3720 1189 3804 τοσαύτης
1243 3716 1606 3809 ἠξιωμένον
1661 3721 1848 3810 παρά
1902 3727 2019 3790 τοῦ
2062 3720 2379 3810 ἡμετέρου
2422 3725 2706 3809 κράτους

358 3829 679 3908 προνοίας
720 3824 865 3910 θεῷ
908 3848 981 3889 τε
1020 3826 1127 3888 καὶ
1173 3820 1309 3906 μετ’
1361 3823 1609 3891 ἐκεῖνον
1651 3821 1809 3913 ἡμῖν
1848 3825 2123 3911 χάριτας
2167 3823 2574 3912 ὃμολογοίηο,
2619 3827 2704 3893 τὸ

356 3931 551 3990 θεῖον
596 3919 815 4008 εῦχαῖς
859 3924 1336 4009 ἔξιλεούμενον,
1395 3925 1507 3992 ἵνα
1551 3929 1657 3993 καὶ
1703 3930 1835 3993 τιῦν
1879 3928 2219 4012 πολεμίων
2261 3928 2705 4017 κρατήσαντες

356 4025 609 4112 πολλῆς
652 4020 869 4093 αὗτιῦν
915 4026 1114 4114 ἄλλης
1155 4028 1596 4114 μεταδοίημεν
1641 4023 2028 4115 ἀσφαλείας.

534 4123 634 4189 Τὰ
676 4133 895 4193 τοίνυν
927 4128 1360 4212 παραστάντα
1390 4126 1548 4216 ἡμῖν
1585 4133 1693 4195 καὶ
1738 4128 1852 4195 διὰ
1880 4131 2075 4198 τοῦδε
2102 4134 2220 4198 τοῦ
2251 4136 2446 4198 θείου
2491 4129 2701 4216 νόμου

356 4277 469 4283 m„
518 4276 533 4281 -.
600 4275 705 4280 Ἴ-Α--
754 4276 817 4281 ...-
900 4277 977 4284 ..AQ-
1006 4275 1063 4284 —.

492 4345 510 4372 ⁴
548 4347 628 4397 Sic
664 4346 806 4397 Basil.
878 4349 983 4399 Hal.
1017 4349 1325 4417 περιούσας.
1436 4349 1457 4377 ⁵
1492 4351 1596 4402 Hal.
1631 4351 1989 4418 πεπείσμεθα.
2061 4389 2064 4392 .
2098 4350 2121 4379 ⁶
2155 4352 2294 4402 Auni.
2335 4345 2695 4419 ὁμολογείτω.

2855 4435 2858 4488 ἱ

2857 4495 2858 4542 ἰ
