2900 4950
375 239 502 303 448
1165 247 1291 302 eun.
1329 251 1386 302 n.
1458 252 1570 303 Nov.
1608 252 1906 303 ινιιι-ικ,

547 401 615 470 ε’.
704 402 911 468 Πᾶσα
932 401 1004 468 δὲ
1035 398 1401 484 πρόσταξις
1433 410 1757 486 γεγονυῖα,
1804 400 1939 468 εἴτε
1967 402 2121 484 περὶ
2153 400 2287 467 τῶν
2318 424 2735 489 προαφωρι-

375 509 660 589 σμένων,
708 502 842 569 εἴτε
871 503 1024 588 περὶ
1069 501 1481 585 κλασμάτων,
1531 502 1664 569 εἴτε
1707 505 1861 586 περὶ
1888 505 2355 584 συμπαθειῶν,
2405 504 2538 570 εἴτε
2564 506 2729 589 περὶ

372 608 505 673 τῶν
564 599 703 670 άπὸ
757 606 1092 671 ταπεινῶν
1150 611 1418 686 στίχων,
1480 603 1615 669 εἴτε
1668 605 1823 686 περὶ
1881 607 2014 669 τῶν
2071 598 2523 688 ὑποκειμένων
2568 616 2730 686 ταῖς

368 711 716 793 χαραγαῖς,
778 705 913 772 εἴτε
953 707 1109 790 περὶ
1154 707 1515 788 στρατειῶν
1560 709 2194 791 συμπεπαθημένων
2237 700 2356 771 κᾶν
2397 705 2487 794 μὴ
2535 701 2729 775 ἀντι-

377 808 662 894 σήκωσις
717 806 970 874 τούτων
1015 806 1296 891 ἐγένετο,
1343 806 1479 873 εἴτε
1522 812 1676 889 περὶ
1720 809 1838 872 τοῦ
1883 805 2003 884 τὰς
2048 801 2349 885 ἆπόσους
2389 806 2479 894 μὴ
2526 813 2725 893 στέρ-

370 936 508 997 γειν
554 909 821 994 δωρεὰς,
871 909 1004 976 εἴτε
1046 912 1201 993 περὶ
1233 905 1642 994 οἷουὸήτινος
1673 907 1896 992 ἑτέρου
1925 907 2290 994 κεφαλαίου
2323 908 2721 997 ἐξεφωνήθη

371 1014 478 1079 καὶ
535 1010 702 1078 κατά
757 1036 825 1077 τι
880 1009 1293 1078 ἐναντιοῦται
1348 1011 1441 1094 τῷ
1497 1006 1783 1092 παρόντι
1833 1007 2297 1094 χρυσυβούλλῳ
2364 1009 2537 1097 λόγῳ
2599 1016 2723 1098 τῆς

368 1114 713 1199 βασιλείας
738 1136 887 1197 μου,
923 1107 1082 1178 ὅσον
1114 1106 1214 1178 ἐπ’
1251 1105 1428 1197 αὐτῷ
1462 1107 1820 1176 ἀποίσεται
1848 1109 1926 1176 τὸ
1959 1106 2326 1195 άνίσχυρον,
2359 1107 2478 1178 κᾶν
2508 1111 2586 1178 τὸ
2622 1113 2717 1201 μὴ

259 1269 310 1292 .-.
372 1210 876 1300 ἀνατρέπεσθαι
919 1213 1026 1300 ἔχῃ
1073 1212 1437 1298 ἐγκείμενον
1484 1211 1550 1278 ἐν
1597 1209 1779 1299 αὐτῇ,
1829 1211 1888 1279 εἰ
1929 1211 2016 1299 μὴ
2064 1213 2275 1299 ῥητῶς
2321 1212 2720 1301 ἐκφωνηθῇ·

372 1316 441 1385 ἐν
487 1315 735 1404 εἰδήσει
777 1314 899 1402 γὰρ
944 1318 1182 1381 πασῶν
1225 1318 1357 1381 τῶν
1399 1319 1839 1400 γεγενημένων
1883 1313 2312 1396 προστάξεων
2355 1311 2394 1402 ἡ
2432 1311 2720 1401 ἡμετέρα

369 1415 809 1503 τυγχάνουσα”
851 1422 1208 1499 θεοσέβεια
1250 1416 1327 1482 τὸ
1366 1414 1535 1482 κατὰ
1574 1421 1774 1499 μέρος
1815 1415 2058 1494 ταύτας
2089 1413 2721 1505 άπαριθμήσασθαι

371 1520 699 1603 παρέλκον
754 1513 1074 1604 ἡγήσατο,
1133 1519 1239 1582 καὶ
1288 1512 1378 1594 ὥς
1423 1516 1809 1595 ἰδιαιτάτως
1853 1510 2357 1605 άριθμηθείσας
2398 1521 2504 1585 καὶ
2553 1513 2719 1586 άνα-

369 1626 735 1704 τραπείσας
805 1614 963 1684 ὅσον
1019 1617 1131 1700 ἐπὶ
1199 1620 1294 1703 τῷ
1353 1617 1642 1704 παρόντι
1692 1617 2156 1706 χρυσοβοὺλλῳ
2226 1617 2398 1706 λόγῳ
2464 1621 2719 1706 λογίζε-

371 1727 541 1788 σθαι
590 1719 832 1797 ταύτας
875 1715 1186 1800 θεσπίζει
1230 1715 1269 1806 ἡ
1313 1721 1625 1803 βασιλεία
1677 1743 1827 1804 μου.
1917 1714 2054 1787 ἀλλ’
2105 1716 2259 1789 οὐδὲ
2315 1728 2717 1808 γενησομένη

369 1821 666 1910 οἱαόήτις
726 1821 916 1906 ἑτέρα
969 1820 1335 1906 πρόσταξις
1387 1823 1504 1908 τῆς
1569 1819 1911 1909 παρούσης
1967 1815 2276 1909 εὐσεβοῦς
2335 1823 2718 1906 κατισχύσει

363 1923 850 2011 χρυσοβούλλου
892 1926 1168 2010 γραφῆς,
1218 1917 1385 1990 ἀλλὰ
1427 1918 1686 2009 κάκείνη
1735 1918 1835 2010 ἐφ’
1878 1917 1981 2001 οἶς
2011 1921 2422 1991 ἐναντιοῦται
2451 1929 2543 2012 τῷ
2578 1951 2718 1993 πα-

365 2026 553 2112 ρόντι
591 2029 708 2114 τῆς
748 2025 1094 2111 βασιλείας
1134 2048 1264 2109 μου
1310 2020 1586 2112 ὁρισμῷ,
1637 2021 1796 2091 ὅσον
1842 2020 1944 2090 ἐπ’
1995 2019 2173 2111 αὐτῷ
2218 2023 2295 2091 τὸ
2327 2021 2716 2113 &vlam-eost

367 2124 725 2197 ἀποίσεται
777 2125 889 2195 καὶ
945 2121 1292 2213 ἀβέβαιον,
1350 2121 1472 2193 κᾶν
1512 2127 1592 2192 τὸ
1635 2125 1760 2215 μὴΊ
1805 2120 2306 2212 ἀνατρέπεσθαι
2351 2128 2459 2216 ἔχῃ
2506 2126 2715 2215 ἐγκεί-

365 2256 562 2316 μενον
620 2229 688 2298 ἐν
743 2224 907 2317 αὐτῇ
965 2226 1179 2316 (εἰμὴ
1225 2229 1437 2316 ῥητῶς
1484 2228 1863 2317 ἒκφωνηθῇ)
1920 2221 2038 2295 κᾶν
2097 2229 2323 2315 ἑτέραν
2381 2229 2712 2312 διάστιξιν

367 2332 767 2419 οἱανόήτινα.

539 2442 615 2525 ς’.
658 2436 764 2508 ‘'Iv'
802 2429 915 2507 οῦν
947 2439 1046 2528 εἰἠ
1095 2439 1259 2527 δῆλα
1287 2437 1371 2506 τὰ
1400 2437 1742 2526 προσόντα
1770 2442 1849 2526 τῇ
1882 2434 2213 2529 ἁγιωτάτῃ
2245 2444 2361 2509 τοῦ
2395 2445 2560 2511 θεοῦ
2590 2469 2712 2527 με·

362 2545 526 2632 γάλῃ
583 2544 887 2630 ἐκκλησίᾳ
942 2538 1212 2629 ἀκίνητα
1268 2538 1566 2621 ἅπαντα,
1627 2540 1694 2608 ἐν
1748 2546 1842 2628 τῷ
1900 2541 2215 2628 παρόντι·
2238 2543 2707 2633 χρυσοβοὺλλῳ

364 2644 536 2731 λόγῳ
592 2644 803 2730 ῥητῶς
858 2642 1322 2730 ἐνεγράφησαν.
1415 2641 1459 2709 ἃ
1511 2641 1625 2709 καὶ
1688 2641 1948 2725 ἔχουσιν
2003 2640 2177 2711 οὕτω
2243 2644 2413 2731 πρὸς
2469 2642 2703 2732 ὄνομα.

364 2747 433 2815 ἐν
486 2749 580 2829 τῷ
637 2751 886 2829 θέματι
938 2743 1253 2832 θρᾴκης
1312 2745 1420 2811 καὶ
1478 2745 2012 2829 μακεδονίας,
2081 2753 2144 2805 τὸ
2193 2753 2347 2807 δεῖνα
2391 2754 2483 2806 καὶ
2528 2755 2699 2809 δεῖνα.

360 2846 454 2902 καὶ
488 2844 682 2917 ἐφεξῆς
713 2846 994 2915 καταλέγει
1030 2844 1098 2897 τὰ
1123 2843 1352 2910 ἀκίνητα
1376 2844 1577 2898 πάντα.
1652 2845 1743 2898 καὶ
1764 2844 1907 2918 μετὰ
1934 2845 2033 2910 τὴν
2061 2843 2269 2898 τούτων
2295 2842 2701 2919 ἀπαρίθμησιν,

364 2942 570 3014 φησίν·
622 2932 685 2998 οἱ
744 2935 1079 3015 πανταχοῦ
1137 2926 1587 3016 εὑρισκόμενοι
1643 2932 2249 3017 στροβιλμῶται
2294 2931 2699 3013 ἰουδαῒοι,

361 3039 468 3104 καὶ
516 3034 892 3115 ἐξκουσσεία
936 3030 1192 3101 πλοίων
1231 3033 1581 3121 χωρήσεως
1622 3031 1938 3115 χιλιάδων
1981 3033 2348 3118 τριάκοντα.

523 3143 667 3212 Ἐπὶ
711 3143 973 3223 τούτοις
1016 3147 1189 3210 πᾶσι
1232 3141 1308 3210 τὸ
1355 3137 1870 3230 άπερικλόνητον
1917 3143 2083 3226 ἔχειν
2119 3143 2334 3229 πάντη
2365 3150 2471 3213 καὶ
2506 3144 2703 3215 ddcd-

362 3271 625 3317 σειστον
680 3246 796 3332 τὴν
854 3241 1220 3332 ἇγιωτάτην
1274 3244 1559 3331 μεγάλην
1617 3245 1957 3333 ἐκκλησίαν
2001 3249 2107 3313 καὶ
2151 3244 2229 3312 τὸ
2271 3253 2472 3332 μέρος
2514 3243 2701 3315 ἅπαν

278 3358 302 3387 ’
360 3346 560 3438 αὐτῆς
603 3348 914 3428 θεσπίζει
956 3346 1034 3413 τὸ
1077 3346 1312 3433 κράτος
1340 3341 1557 3433 ἡμῶν·
1604 3351 2058 3431 περιορισμῶν
2091 3342 2497 3435 ὀφειλόντων
2528 3374 2703 3435 προ-

356 3457 554 3538 βῆναι
617 3451 1041 3533 λεπτομερῶν
1106 3446 1292 3531 παρὰ
1358 3451 1490 3513 τῶν
1548 3448 1715 3514 κατὰ
1768 3447 2021 3527 τόπους
2076 3445 2539 3537 άναγραφέων,
2610 3448 2703 3531 ὥς

357 3551 680 3629 πολλάκις
733 3551 1130 3635 διείληπται.
1221 3547 1392 3634 πλὴν
1448 3552 1527 3637 τῇ
1572 3548 1842 3637 τοιαύτῃ
1889 3551 2233 3637 προφάσει
2276 3545 2391 3617 οὐκ
2438 3551 2699 3632 ἐξέσται

355 3663 502 3733 τοῖς
546 3653 949 3740 δηλωθεῖσιν
994 3645 1495 3738 ἀπογραφεῦσιν
1539 3645 1580 3737 ἢ
1621 3650 1941 3718 καπνικὸν
1987 3646 2359 3741 ἀπαιτῆσαι
2388 3646 2428 3741 ἢ
2455 3678 2699 3740 μετρη-

355 3755 536 3825 τικὸν
594 3749 633 3843 ἢ
682 3754 919 3840 χρειῶν
977 3750 1165 3819 δόσιν
1219 3745 1262 3839 ἢ
1317 3752 1545 3839 ἑτέραν
1611 3749 2091 3842 ὅποιανδήτινα
2156 3756 2507 3841 εἴσπραξιν
2553 3750 2696 3823 άπὸ

488 4044 510 4073 ‘
557 4046 752 4097 Leuncl.
799 4036 1057 4110 τυγχάνει
1098 4051 1149 4094 et
1181 4059 1289 4095 mox
1326 4038 1390 4093 τὸ
1427 4040 1506 4094 δέ.
1715 4042 1737 4071 ⁸
1783 4046 1854 4096 ΑΙ.
1889 4038 2173 4113 ἄπρακτον
2208 4036 2299 4094 ἀπ.
2340 4040 2433 4095 καὶ
2469 4038 2693 4116 ἄκυρον.

349 4127 373 4169 7
409 4131 538 4180 Haec
573 4131 731 4180 minus
780 4138 890 4193 apte
937 4130 1161 4180 dicuntur
1196 4130 1255 4179 de
1291 4129 1607 4194 chrysubullis
1644 4130 1691 4179 in
1730 4138 1974 4194 posterum
2012 4131 2229 4181 edendi&
2303 4133 2402 4181 Hoc
2441 4134 2568 4182 enim
2605 4136 2705 4184 vult

353 4214 641 4277 imperator,
691 4230 751 4264 ne
799 4230 886 4280 per
929 4215 1090 4265 futura
1138 4214 1439 4278 chrysobussa
1477 4214 1588 4264 huic
1624 4225 1788 4265 nostro
1826 4216 2109 4278 derogetur:
2148 4231 2245 4265 non
2281 4224 2440 4267 autem
2478 4219 2598 4283 hoc,
2648 4229 2703 4271 ut

352 4298 526 4349 futuris
575 4298 889 4363 chrysubullis
937 4300 1153 4362 derogari
1201 4313 1297 4348 non
1347 4299 1518 4362 possit.
1590 4300 1755 4363 ltaque
1802 4301 2104 4362 negationem
2155 4300 2405 4352 delendum
2443 4317 2556 4354 esse
2593 4319 2703 4355 cre·

354 4382 572 4433 diderim.
