2900 4950
299 71 381 133 56
1176 72 1296 125 eon.
1331 72 1366 121 ι.
1437 68 1761 120 Nov.xxv11.

306 230 375 298 ἐν
428 230 507 314 τῇ
564 228 697 292 τῶν
754 219 958 308 ἁγίων
1014 214 1215 286 αὐτοῦ
1277 218 1560 285 ἐντολῶν
1610 212 2022 298 ἐκπληρώσει
2078 205 2487 277 εὐοδοῦσθαι
2530 208 2672 296 τὴν

300 330 646 415 βασιλείαν
689 322 895 412 ἡμῶν,
939 324 1049 388 καὶ
1094 321 1162 387 ἐν
1201 314 1490 440 ἀγαθοῖς
1533 315 1940 401 προκόπτειν
1969 311 2085 378 τὸν
2117 310 2678 395 ἐμπιστευθέντα

303 426 460 516 ἡμῖν
501 424 1042 512 χριστεπώνυμον
1086 420 1264 499 λαὸν,
1313 414 1512 486 αὖτόν
1555 443 1627 483 τε
1673 412 2182 496 ἐπικαλούμενοι
2225 412 2674 498 συλλήπτορα

304 533 413 597 καὶ
456 527 714 615 βοηθὸν
757 530 1071 610 γενέσθαι
1117 521 1184 588 ἒν
1229 524 1404 586 πᾶσι
1439 529 1585 596 τοῖς
1613 511 1722 583 ὑπ’
1759 510 1959 582 αὐτοῦ
1990 510 2146 600 ἡμῖν
2178 512 2676 598 ἕγχειρισθεῒσι

307 630 688 716 πράγμασι,
756 623 1026 691 τούνεκα
1092 620 1250 704 περὶ
1312 624 1429 707 τῆς
1494 623 1626 686 τῶν
1684 615 1892 701 ὅρκων
1950 615 2230 701 ἐκκοπῆς
2289 614 2676 700 κεφάλαιον

312 727 756 814 ἀπάρξασθαι
801 728 938 792 δεῖν
985 719 1315 810 ῳήθημεν.
1378 724 1553 787 πᾶσι
1595 726 1816 785 τοίνυν
1846 726 1991 794 τοῖς
2020 710 2135 782 οὐκ
2167 711 2674 802 ἀνεπιστήμοσι

311 835 444 898 τῶν
488 836 696 896 θείων
740 829 1012 913 γραφῶν
1059 822 1369 909 ἀρίδηλον
1400 828 1712 909 πέφυκεν,
1761 816 1868 884 ὅτι
1897 815 2085 883 σκιὰν
2117 816 2278 898 ἔχων
2321 820 2452 882 τῶν
2496 817 2672 898 μελ-

314 933 561 999 λόντων
618 926 894 1014 ἀγαθῶν
952 921 1068 992 οὒκ
1127 919 1327 1010 αὐτὴν
1381 923 1499 1009 τὴν
1557 921 1775 988 εἰκόνα
1827 922 1959 984 τῶν
2005 917 2407 1001 πραγμάτων
2461 912 2496 981 6
2544 915 2672 984 διὰ

313 1037 603 1117 μωσέω
617 1055 651 1109 ς
695 1027 903 1116 ἐδόθη
950 1026 1168 1110 νόμος,
1219 1024 1331 1090 διὰ
1359 1025 1435 1089 τὸ
1474 1019 1698 1100 ἀτελὲς
1725 1026 1832 1087 καὶ
1867 1019 2196 1105 νηπιῶδες
2224 1021 2356 1083 τῶν
2388 1018 2672 1100 δεξαμέ-

317 1161 467 1200 νων.
545 1156 620 1198 ου
665 1129 786 1215 γὰρ
833 1125 968 1195 οἷοί
1009 1152 1082 1194 τε
1123 1117 1289 1212 ἦσαν
1336 1121 1536 1209 αὖτὴν
1564 1122 1679 1209 τὴν
1711 1116 2095 1207 ἀλήθειαν
2066 1117 2217 1204 α’ρτι
2247 1115 2676 1205 ἀκουσθῆναι

318 1235 384 1300 οἱ
426 1237 530 1352 τῇ*
550 1237 870 1328 παροικίᾳ
912 1233 1028 1295 τοῦ
1076 1228 1318 1305 αἰῶνος
1359 1227 1553 1292 τοῦδε
1597 1220 2130 1307 προστετηκότες.
2220 1215 2320 1287 ἐπ’
2371 1219 2672 1302 ἐσχάτων

321 1335 394 1401 δὲ
436 1338 568 1399 τῶν
609 1327 868 1419 ἡμερῶν
913 1325 1110 1407 αὐτὸς
1156 1324 1191 1392 6
1237 1328 1430 1412 λόγος
1472 1329 1605 1391 τοῦ
1635 1328 1802 1390 θεοῦ
1853 1324 1960 1388 καὶ
2007 1319 2170 1399 θεὸς
2212 1316 2397 1405 ἡμῶν
2441 1345 2675 1405 παρα-

320 1441 579 1520 γέγονεν
624 1433 716 1510 εἰς
758 1431 837 1497 τὸ
884 1435 1101 1496 σῶσαι
1156 1427 1234 1494 τὸ
1290 1436 1475 1514 γένος
1531 1424 1735 1510 ἡμῶν.
1823 1421 2182 1509 πληρώσας
2234 1424 2348 1487 οὖν
2390 1419 2503 1487 τὸν
2549 1421 2676 1485 δο-

321 1541 533 1602 θέντα
575 1532 791 1598 πάλαι
835 1531 948 1598 διὰ
988 1557 1036 1615 μ
1053 1536 1323 1607 ωσὲως
1368 1526 1569 1622 νόμον
1610 1528 1714 1592 καὶ
1764 1531 2066 1612 φωτίσας
2107 1522 2328 1590 πάντα
2369 1520 2453 1588 τὰ
2497 1521 2672 1608 ε’θνη

322 1637 400 1722 τῇ
449 1632 804 1718 ἐπιγνώσει
853 1636 968 1717 τῆς
1026 1627 1225 1697 αὐτοῦ
1284 1625 1635 1716 ἀληθείας,
1696 1629 1973 1693 δέδωκεν
2025 1622 2183 1711 ἡμῖν
2245 1620 2336 1702 ὦς
2387 1623 2676 1701 τελείοις

322 1741 803 1819 κατεπίγνωσιν
846 1737 977 1799 τῶν
1021 1733 1287 1798 τελείων
1333 1727 1534 1796 αὐτοῦ
1581 1727 1800 1811 νόμων
1829 1732 1945 1813 τῆς
1990 1721 2190 1792 αὐτοῦ
2233 1724 2516 1809 χάριτος.
2597 1723 2674 1790 ἐν

324 1832 765 1921 ὖποδείγματι
823 1836 893 1900 δὲ
950 1833 1019 1900 ἐκ
1071 1839 1310 1917 μέρους
1363 1831 1442 1895 τὸ
1500 1825 1653 1895 ὅλον
1698 1825 2184 1915 ὖποφαίνοντες
2242 1820 2676 1911 εὖαγγελικῶς

329 1962 565 2024 φαμεν.
657 1936 896 2022 ἐῤῥὲθη
941 1945 1086 2012 τοῖς
1130 1929 1454 2017 ἀρχαίοις,
1523 1924 1599 1995 οὗ
1645 1928 2022 2017 φονεύσεις·
2078 1923 2236 2014 ἡμῖν
2281 1928 2353 1994 δὲ
2395 1929 2505 1993 καὶ
2545 1926 2675 2007 τὰς

327 2032 529 2120 ἀρχὰς
572 2039 702 2103 τῶν
750 2034 1234 2121 ἁμαρτημάτων
1293 2031 1632 2099 ἐκκόπτειν
1689 2027 2297 2114 παρακελευόμενος
2353 2024 2389 2093 6
2443 2029 2674 2112 κύριός

327 2253 493 2307 τορος·
523 2234 648 2303 περὶ
688 2237 785 2286 τοῦ
818 2233 893 2303 μὴ
922 2231 1144 2304 ὀμνύειν
1163 2233 1287 2287 τινὰ
1323 2230 1715 2303 παραγόμενον
1731 2229 1806 2287 εἷς
1835 2235 2167 2301 μαρτυρίαν,
2204 2227 2294 2281 καὶ
2332 2225 2673 2302 ἀμφοτέρων

327 2317 658 2388 κεφαλαίων.
734 2322 842 2383 Ipsa
880 2324 1066 2372 Novella
1105 2332 1256 2372 extat:
1316 2324 1360 2382 1)
1398 2324 1444 2370 in
1485 2322 1600 2370 Cod.
1639 2322 1786 2369 Paris,
1823 2335 1889 2381 gr.
1935 2319 2060 2369 1384
2095 2319 2175 2368 soi.
2221 2319 2343 2368 180:
2376 2311 2477 2364 Ἐν
2513 2311 2671 2366 ὀνό-

327 2420 501 2471 ματι
535 2404 659 2453 τοῦ
693 2400 963 2469 πατρὸς
996 2403 1109 2454 καὶ
1156 2405 1276 2453 τοῦ
1325 2399 1482 2473 υἱοῦ
1517 2399 1630 2451 καὶ
1667 2403 1787 2450 τοῦ
1837 2396 2043 2467 ἁγίου
2089 2399 2498 2468 πνεύματος.
2574 2397 2670 2450 εἶ-

335 2484 505 2556 ρήνη
553 2490 704 2542 τοῖς·
747 2488 1181 2553 βασιλεῦσιν.
1252 2483 1502 2553 Ἀγαθῶν
1538 2482 1797 2537 ἁπάντων
1822 2483 2074 2554 χορηγὸν
2106 2485 2215 2535 κτλ.
2265 2513 2333 2522 -
2379 2487 2429 2545 2)
2467 2489 2512 2535 in
2550 2488 2667 2537 cod.

332 2576 481 2625 Paris,
516 2589 583 2636 gr.
628 2574 751 2623 1391
794 2578 921 2624 circa
958 2576 1037 2625 soi.
1077 2576 1203 2635 200,
1242 2589 1529 2638 quamquam
1578 2574 1715 2623 initio
1763 2574 1810 2622 in
1861 2574 2048 2622 brevius
2094 2579 2354 2621 contracta.
2425 2573 2505 2621 Sic
2541 2573 2668 2621 enim

334 2667 437 2708 est:
489 2653 661 2723 Περὶ
708 2649 918 2723 ὅρκου
967 2651 1247 2724 ἀποχῆς.
1318 2651 1557 2723 Ἀγαθὸς
1592 2650 1854 2706 ἁπάντων
1884 2650 2129 2723 χορηγὸς
2161 2650 2250 2703 καὶ
2287 2651 2454 2723 δοτὴρ
2492 2649 2520 2703 ὁ
2557 2656 2670 2703 τῶν

334 2733 477 2789 ὅλων
524 2735 788 2801 δεσπότης
831 2739 962 2795 θεὸς
1009 2737 1068 2791 ἐν
1114 2742 1177 2810 τῇ
1228 2734 1413 2808 ἀγαθῇ
1451 2733 1620 2789 αὑτοῦ
1659 2735 1846 2807 ἐντολῇ
1881 2735 2082 2790 ἔδωκεν
2113 2734 2377 2804 βοήθειαν
2409 2736 2670 2805 γενέσθαι

333 2819 394 2874 ἐν
438 2825 577 2872 πᾶσι
624 2825 739 2878 τοῖς
784 2818 868 2873 ὑπ’
910 2819 1093 2875 αὐτῶν
1141 2819 1272 2891 ἡμῖν
1306 2821 1696 2891 ἔγχειρισθεῖσι
1733 2818 2074 2891 πράγμασιν.
2152 2815 2479 2872 τοῦνεκεν
2511 2818 2667 2890 περὶ

337 2910 457 2969 τῆς
507 2909 642 2956 τῶν
703 2901 927 2972 ὅρκων
973 2904 1270 2970 ἔκκοπῆς
1327 2904 1722 2977 κεφάλαιον
1784 2903 2238 2975 ἀπάρξασθαι
2283 2893 2660 2972 νοήσωμεν.

333 2993 474 3042 πᾶσι
507 2991 693 3042 τοίνυν
726 2994 841 3046 τοῖς
878 2986 971 3041 οὐκ
1007 2987 1403 3060 ἀνεπιστήμοσι
1437 2995 1553 3043 τῶν
1585 2990 1756 3044 θείων
1778 2993 2022 3060 γραφῶν·
2041 2988 2150 3041 κτλ.
2225 2992 2356 3055 Expi.
2391 2991 2668 3046 ποιοῦντες

338 3072 399 3127 δὲ
434 3070 659 3145 ἀσφαλῆ
695 3072 765 3125 τὰ
799 3072 1058 3143 ἴγγραφα
1096 3072 1168 3132 ὥς·
1201 3083 1542 3145 προείρηται.
1583 3104 1647 3115 ·-
1686 3079 1736 3137 3)
1771 3080 1819 3127 in
1861 3078 1976 3127 Cod.
2012 3078 2210 3127 Vindob.
2240 3077 2385 3141 jurid.
2421 3091 2489 3137 gr.
2521 3077 2548 3124 7
2586 3078 2667 3128 soi.

339 3163 420 3214 38.
493 3164 560 3213 lbi
599 3163 845 3225 inscriptio
883 3171 985 3211 est:
1037 3158 1171 3226 Περὶ
1208 3162 1302 3211 τοῦ
1336 3158 1412 3228 μὴ
1450 3155 1674 3227 ὀμνύειν
1706 3154 1784 3212 ἐπ’
1827 3154 1997 3227 ἀδίκῳ
2042 3155 2134 3209 καὶ
2180 3153 2268 3209 ἐπὶ
2313 3154 2528 3222 ψεύδει,
2577 3157 2668 3210 καὶ

337 3242 462 3314 περὶ
500 3238 663 3311 ὅρκου
696 3242 989 3310 γινομένου
1024 3238 1331 3311 ἐγγράφου,
1369 3242 1462 3294 καὶ
1496 3239 1582 3294 ἐπὶ
1605 3242 1782 3294 ποίων
1803 3241 1894 3294 καὶ
1929 3242 2121 3294 πόσων
2142 3237 2440 3311 μαρτύρων
2462 3236 2668 3311 ὀφείλει

337 3330 611 3394 γίνεσθαι.
662 3354 730 3363 -
782 3332 833 3389 4)
871 3330 916 3377 in
958 3328 1074 3377 eod.
1112 3330 1349 3377 Marciano
1392 3330 1486 3378 172
1537 3332 1605 3389 (et
1653 3329 1796 3379 Putat.
1838 3331 1902 3379 55
1941 3346 1994 3379 ex
2032 3346 2089 3379 eo
2127 3331 2388 3392 descripto)
2437 3329 2516 3379 foi.
2554 3331 2665 3396 231,

338 3413 408 3461 Ex
444 3427 502 3461 eo
539 3418 695 3460 sumta
731 3419 803 3461 est
840 3412 1103 3473 inscriptio,
1141 3427 1283 3474 quam
1320 3412 1538 3461 Novellae
1583 3415 1855 3475 praeposui.
1904 3441 1967 3450 —
2021 3415 2072 3470 5)
2109 3415 2157 3462 in
2194 3414 2410 3476 Epitome
2454 3414 2513 3463 ad
2561 3416 2669 3465 Pro-

343 3496 511 3545 chiron
545 3501 723 3543 mutata
771 3495 970 3559 (Bodlej.
1012 3496 1143 3545 3399
1182 3504 1228 3543 et
1264 3497 1403 3545 Marc.
1442 3496 1560 3554 579)
1609 3498 1679 3546 tit.
1715 3498 1868 3546 xxvtt
1918 3514 1960 3548 c.
1997 3498 2062 3548 83
2111 3498 2219 3546 finis
2269 3499 2410 3561 hujus
2457 3499 2668 3549 Novellae

342 3578 566 3629 occurrit.
602 3605 667 3614 —
704 3578 754 3638 6)
790 3579 836 3627 in
876 3579 1100 3628 Prochiro
1138 3587 1279 3628 aucto
1315 3580 1395 3641 (cf.
1434 3581 1586 3630 Delio.
1626 3582 1793 3630 histor.
1826 3582 1949 3631 JGR.
1986 3581 2036 3647 §-
2074 3581 2157 3643 43)
2196 3582 2264 3630 tit.
2300 3582 2457 3631 xxvn
2492 3597 2534 3632 c.
2572 3584 2666 3635 300

344 3663 512 3713 eadem
549 3669 688 3725 extat,
724 3663 812 3712 sed
848 3664 1094 3725 prooemio
1131 3666 1327 3714 omisso.
1398 3665 1462 3714 Ex
1500 3667 1724 3716 Procliiro
1761 3674 1918 3728 aucto,
1957 3666 2217 3729 Lipsiensis
2244 3666 2435 3715 Codicis
2468 3669 2668 3718 auctori-

342 3754 489 3798 tatem
526 3755 789 3812 sequutus,
837 3749 1070 3797 variantes
1118 3750 1347 3813 quasdam
1383 3749 1617 3800 lectiones
1654 3751 1875 3800 enotabo.
1922 3777 1991 3785 —
2037 3751 2173 3800 Edita
2224 3758 2298 3799 est
2332 3764 2358 3799 u
2398 3751 2666 3802 Leuat-,invio

343 3831 467 3882 JGR.
504 3833 543 3881 u
580 3848 626 3896 p.
668 3832 949 3896 135—138,
988 3834 1069 3897 qui
1109 3841 1266 3884 tamen
1303 3834 1550 3885 inscribit:
1601 3832 1883 3887 Βασίλειος·
1914 3835 2316 3887 κωνσταντῖνος
2347 3831 2485 3883 λέων
2521 3869 2660 3886 .....

344 3911 535 3962 πιστοὶ
569 3910 909 3981 εἰρηνοποιοί
943 3913 1270 3984 αὗγουστοι,
1317 3920 1364 3968 in
1399 3921 1611 3982 margine
1645 3922 1902 3970 variantem
1936 3920 2193 3970 lectionem
2230 3928 2431 3970 notans:
2471 3912 2667 3985 εἰρηνο-

345 3991 504 4051 ποιὸσ
535 3996 795 4058 βασιλεύς.
872 4004 1180 4053 Leunclavius
1216 4006 1357 4067 igitur
1391 4004 1498 4053 aliis
1537 4005 1793 4054 (lodicibus
1831 4019 1945 4055 usus
1984 4019 2090 4055 osse
2125 4005 2335 4068 videtur,
2372 4019 2517 4068 quam
2550 4020 2665 4069 quos

346 4082 465 4215 mih2i
500 4084 709 4215 geperire
745 4086 893 4135 licuit.
928 4113 997 4122 —
1030 4088 1192 4148 Nuper
1239 4087 1492 4138 ediderunt
1538 4087 1716 4139 Rhattis
1766 4096 1814 4138 et
1859 4089 2003 4139 Potlis
2037 4089 2087 4139 in
2126 4088 2243 4143 Coll.
2281 4103 2520 4140 canonum
2556 4091 2663 4141 to.V

349 4181 397 4230 p.
471 4166 498 4215 4
540 4202 551 4214 .
