2900 4950
1076 257 1194 322 lmp.
1231 258 1462 308 llanuelia
1499 257 1747 308 comneni.
2455 246 2579 308 457

409 398 564 488 Εἶχε
604 404 684 477 τὸ
730 403 1018 493 σύνηθες
1057 406 1451 489 κανίκλωμα,
1506 406 1614 471 καὶ
1657 399 2054 492 ὖπογραφὴν
2092 406 2212 472 τοῦ
2254 406 2583 490 βασιλέως

241 503 514 594 ταύτην·
558 506 981 593 »μανουὴλ
1025 505 1094 574 ἐν
1132 531 1225 591 χρ
1242 509 1439 593 ιστῷ
1471 509 1566 594 τῷ
1596 509 1741 592 θεῷ
1772 505 2017 586 πιστὸς
2041 505 2357 593 βασιλεὺς
2383 532 2438 573 π
2455 530 2580 593 ορ-

243 613 856 696 φυρογέννητος
909 610 1018 675 καὶ
1079 602 1500 695 αὐτοκράτωρ
1559 609 1948 695 ρωμαίων
2010 603 2045 673 ὅ
2088 631 2395 696 κομνην
2417 607 2578 688 ὀς“.

241 710 348 775 καὶ
379 708 684 777 κάτωθεν
728 703 1207 796 ἆπῃωρημένην
1248 709 1536 795 βούλλαν
1575 713 1819 797 χρυσῆν
1864 709 1977 777 διὰ
2016 708 2299 798 μετάξης
2344 706 2580 789 ὀξείας.

241 812 351 876 καὶ
392 810 643 891 ἔξωθεν
667 810 746 876 τό
764 831 779 846 ·
825 809 985 890 „duic
1011 814 1129 877 τοῦ
1178 811 1292 879 ἐπὶ
1334 815 1452 878 τοῦ
1494 836 1634 878 καν
1651 813 1775 878 ικλ
1789 817 1863 879 εἰ
1876 835 1912 879 ο
1928 837 1966 878 υ
2008 814 2117 879 καὶ
2164 810 2583 879 δικαιοδότου

241 910 675 998 θεοδώρου
728 915 847 979 τοῦ
903 912 1483 980 στυπειώτου“
1501 916 1556 979 ¹⁸.
1644 914 1754 980 καὶ
1810 912 1889 979 τό
1909 933 1924 948 ·
1980 912 2454 1000 „zamareni-9²7
2514 911 2584 980 ἐν

242 1015 338 1099 τῷ
384 1018 664 1101 σεκρέτῳ
704 1016 825 1081 τοῦ
867 1013 1152 1101 μεγάλου
1179 1017 1620 1103 λογαριαστοῦ
1662 1014 1831 1082 κατὰ
1870 1018 2048 1104 μῆνα
2093 1016 2177 1082 ἶα
2192 1042 2225 1083 ν
2238 1038 2276 1082 ο
2294 1042 2330 1082 υ
2344 1014 2388 1083 ά
2400 1041 2441 1103 ρ
2456 1040 2482 1082 ι
2496 1038 2533 1082 ο
2546 1041 2584 1083 ν

248 1113 369 1181 ivd.
418 1113 477 1196 ζ’
497 1121 556 1181 “.

1107 1247 1226 1259 ——-

1204 1438 1377 1501 Nov.
1422 1439 1617 1503 LXIV.

939 1558 1086 1638 Imp.
1131 1557 1494 1620 Manuelis
1540 1557 1894 1655 Comneoni

250 1666 314 1719 ut
355 1656 672 1720 immobilia
717 1658 791 1721 ab
833 1660 1188 1740 imperatore
1232 1660 1448 1722 donata
1495 1660 1796 1723 dumtaxat
1838 1660 1912 1721 ad
1956 1658 2100 1735 boa,
2147 1659 2246 1739 qui
2291 1658 2352 1720 in
2397 1658 2588 1740 digni-

417 1769 535 1822 tate
579 1761 876 1823 constituti
922 1770 1079 1836 sunt,
1123 1761 1649 1824 transmittantur¹.
1737 1764 1826 1836 (Α.
1863 1766 2026 1826 1144
2070 1762 2159 1823 vel
2210 1762 2417 1838 1¹59.)

410 1903 484 1976 Ὁ
523 1907 1080 1995 τρισμακάριστος
1120 1908 1430 1996 βασιλεὺς
1458 1913 1657 1994 κῦρος
1691 1908 2056 1997 μανουὴλ
2100 1904 2139 1975 ὃ
2180 1908 2589 1995 κομνηνὸς

249 2010 609 2096 διωρίσατο
655 2009 770 2078 διὰ
809 2009 1238 2095 προστάξεως
1289 2005 1750 2098 ἆπολυθείσης
1804 2009 1971 2077 κατὰ
2028 2015 2447 2094 σεπτέμβρ
2464 2033 2587 2076 ιον

248 2114 422 2197 μῆνα
455 2111 575 2178 lvd.
610 2111 683 2193 ζ’,
726 2110 817 2197 μὴ
863 2111 1029 2194 ἔχειν
1075 2107 1177 2179 ἐπ’
1227 2106 1453 2192 ἀδείας
1494 2111 1680 2191 τινὰς
1710 2109 2035 2197 λαβόντας
2060 2104 2103 2198 ἢ
2132 2109 2589 2196 λαμβάνοντας

251 2211 503 2297 δωρεὰς
525 2208 845 2301 ἀκινήτων
863 2212 1049 2299 παρὰ
1064 2217 1392 2300 βασιλέων
1414 2219 1895 2299 παραπέμπειν
1920 2208 2124 2292 αὐτὰς
2145 2208 2431 2295 ἀλλαχοῦ
2451 2235 2587 2279 που

248 2308 403 2383 καθ’
452 2315 828 2402 οἶονόήτινα
871 2314 1155 2401 τρόπον,
1215 2316 1275 2382 εἰ
1315 2314 1405 2403 μὴ
1451 2315 1548 2395 εἰς
1590 2316 1928 2401 πρόσωπα
1972 2310 2111 2383 ἀπὸ
2154 2317 2271 2400 τῆς
2315 2314 2589 2401 συγκλή-

248 2438 367 2485 του
408 2410 453 2506 ἢ
495 2413 633 2485 ἀπὸ
677 2420 794 2486 τοῦ
840 2422 1312 2504 στρατιωτικοῦ
1343 2417 1707 2504 καταλόγου
1734 2416 2165 2504 τυγχάνοντα·
2211 2417 2270 2485 εἰ
2292 2417 2377 2485 δὲ
2401 2415 2590 2504 παρὰ

248 2523 447 2587 τοῦτο
490 2527 771 2609 γένηται,
818 2522 929 2590 ἵνα
972 2527 1395 2610 περιέρχηται
1435 2520 1522 2588 τὰ
1565 2515 1837 2608 ἀκίνητα
1882 2519 1981 2600 εἷς
2015 2519 2095 2587 τὸ
2141 2518 2483 2607 δημόσιον.

1227 2912 1399 2974 Nov.
1443 2912 1611 2973 LXV.

942 3031 1088 3110 Imp.
1132 3029 1498 3090 manuelis
1543 3028 1896 3091 comneni

350 3153 428 3196 ne
471 3131 847 3196 morientium
891 3131 1303 3212 episcoporum
1348 3130 1501 3191 bona
1548 3130 1623 3191 ab
1666 3128 2034 3192 exactoribus
2078 3130 2484 3211 diripiantur&

1096 3235 1186 3306 (Α.
1223 3236 1374 3297 1151
1415 3231 1503 3292 vel
1543 3234 1747 3305 1166.)

262 3384 362 3462 Τὸ
410 3383 603 3460 κατὰ
652 3384 789 3461 τὸν
840 3381 1333 3480 σεπτέμβριον
1381 3389 1588 3478 μῆνα
1638 3388 1767 3478 τῆς
1813 3379 1912 3458 ιδ’
1936 3388 1966 3432 ²
2010 3380 2157 3458 lvd.
2203 3380 2590 3458 ἆπολυθὲν

250 3511 698 3604 πρόσταγμα
766 3511 905 3578 τοῦ
974 3509 1336 3598 κραταιοῦ
1419 3501 1550 3576 καὶ
1590 3500 1842 3608 ίᾶγίου
1911 3499 2132 3598 ἡμῶν
2199 3501 2586 3597 βασιλέως,

387 3693 428 3723 ¹⁸
460 3696 530 3746 ld.
565 3686 876 3742 στυπιότου.
953 3692 1149 3756 Reliqua
1187 3692 1234 3741 in
1273 3691 1403 3741 Bien.
1441 3690 1792 3743 desiderantur.

389 3778 403 3806 ¹
442 3780 619 3830 Laudat
654 3778 779 3830 Bais,
815 3779 875 3827 ad
912 3778 1001 3826 c.l
1043 3792 1144 3841 ayn.
1183 3776 1439 3826 Primosec.
1479 3776 1554 3825 ed.
1592 3775 1744 3825 Rballi
1782 3776 1823 3824 11
1860 3791 1906 3839 p.
1926 3775 2042 3826 653.

387 3864 405 3893 a
439 3865 700 3916 Exhibetur
732 3878 760 3913 a
795 3862 918 3912 Bais.
956 3861 1016 3910 ad
1052 3860 1180 3911 c.35
1217 3875 1318 3924 syn.
1354 3860 1500 3910 Trull.
1534 3859 1631 3917 (ed.
1668 3859 1821 3909 Rballi
1849 3861 1889 3909 11
1926 3876 1972 3924 p.
1993 3860 2131 3918 384).
2201 3859 2316 3909 lnde
2352 3858 2587 3923 exscripta

254 3960 329 4003 eat
361 3953 410 4002 in
448 3951 566 4001 Cod.
601 3949 748 4001 vatic.
785 3945 885 3998 640
922 3954 972 3997 et
1006 3945 1150 3995 Paria.
1193 3943 1321 3994 ¹263
1357 3947 1604 4009 (tanquam
1640 3945 1873 3995 Mannelia
1910 3944 2191 4007 comneni),
2239 3951 2288 3994 et
2330 3946 2382 3993 in
2418 3945 2586 3996 Procli.

227 4019 380 4086 'aucti
413 4035 629 4099 Appeud.
676 4033 778 4093 (ubi
825 4024 1125 4098 πρόσταξις
1170 4028 1267 4077 τοῦ
1304 4019 1563 4094 ἀοιδίμου
1596 4024 1860 4091 βασιλέως·
1890 4027 2058 4094 κυροῦ
2093 4018 2303 4085 «ihelon
2334 4043 2587 4094 perperam

251 4119 565 4179 inscribitur).
638 4117 878 4167 Laudatur
925 4115 1068 4165 etiam
1117 4122 1356 4179 tamquam
1393 4113 1626 4163 Manuelis
1660 4112 1850 4163 Novella
1887 4129 1913 4163 a
1949 4113 2092 4163 Blaat.
2129 4112 2196 4169 E,
2231 4113 2293 4163 27
2333 4113 2406 4164 ed.
2444 4113 2588 4165 Bere-

252 4217 353 4265 reg.
390 4203 431 4252 11
467 4218 514 4266 p.
538 4203 648 4254 129.
688 4229 748 4240 -
797 4202 864 4252 Ex
912 4200 1038 4251 Bala.
1088 4199 1342 4249 ediderunt
1374 4198 1541 4248 Bonel'.
1575 4214 1625 4263 p.
1658 4198 1723 4250 89
1761 4206 1807 4247 et
1844 4198 2038 4247 Leuncl.
2073 4197 2196 4248 JGR.
2237 4198 2253 4248 l
2287 4214 2336 4263 p.
2370 4196 2483 4250 154.
2519 4223 2587 4236 -

254 4287 591 4339 illustrationis
626 4286 1032 4350 gratia-contem
1066 4298 1212 4349 supra
1247 4284 1361 4334 Nor.
1396 4283 1535 4334 xux
1581 4289 1629 4333 et
1676 4277 1966 4349 σημείωμα
2010 4283 2309 4347 pau-iarcbae
2344 4283 2501 4334 Lucae
2536 4284 2586 4336 in

256 4371 376 4424 coll.
413 4385 521 4422 can.
555 4372 631 4423 ed.
667 4372 847 4424 Rballia
893 4379 941 4423 et
976 4370 1119 4423 Potlia
1154 4370 1188 4420 V
1222 4384 1270 4433 p.
1293 4368 1376 4421 98.
1582 4366 1602 4397 ²
1648 4367 1817 4421 Bonef.
1852 4374 1900 4420 at
1934 4368 2129 4421 Lenncl.
2165 4362 2233 4418 δ’.
2304 4368 2587 4433 neven-egion
