2900 4950
355 205 481 269 458
522 289 531 292 μ
1232 221 1352 272 eon.
1388 223 1462 272 lv.
1532 223 1646 273 Nov.
1685 221 1812 273 αν.

346 368 572 467 χάριν
641 375 779 445 τοῦ
844 366 948 465 μὴ
1014 368 1487 465 ἁρπάζεσθαι
1553 369 1647 444 τὰ
1709 375 1865 454 τοῖς
1917 377 2357 446 τελευτῶσιν
2410 368 2713 447 ἐπισκό-

354 517 517 571 ποις
566 484 940 583 ἀνήκοντα
994 486 1195 584 παρὰ
1250 489 1407 562 τῶν
1458 485 1943 584 πρακτόρων,
2018 486 2196 563 τάδε
2250 488 2443 563 κατά
2503 494 2706 586 ῥῆμα

1250 592 1782 702 διαλαμβάνον
1799 635 1813 649 ·
2527 599 2536 604 ’

521 759 813 842 Πρᾶγμα
867 759 975 823 καὶ
1035 757 1130 837 είς
1184 760 1354 825 θεοῦ
1409 756 1837 842 τολμώμενον
1896 756 2378 846 περιφρόνησιν
2439 762 2546 826 καὶ
2605 760 2706 840 εἰς

355 851 677 946 ἀθέτησιν
722 861 995 943 θεσμῶν
1040 862 1338 945 φυσικῶν
1382 857 1569 946 παρὰ
1612 862 1745 926 τῶν
1789 854 1854 932 (ὅ
1898 873 2091 946 φασι)
2133 859 2298 947 μήτε
2341 859 2578 928 θεοῦ”
2537 887 2703 928 οπιν

352 954 499 1047 μήτ
560 955 944 1045 ἀνθρώπων
997 967 1261 1047 νέμεσιν
1318 956 1767 1049 ὑφορωμένων
1824 955 1914 1039 ὥς
1970 959 2209 1041 εὀικεν,
2271 955 2387 1028 οὐκ
2431 957 2702 1030 ἀνεκτὸν

359 1057 531 1140 ολως
574 1061 891 1149 ἐλογίσθη
935 1066 1013 1150 τῇ
1058 1058 1365 1149 βασιλείᾳ
1406 1088 1537 1148 μου
1585 1062 1679 1139 εἰς
1723 1057 1923 1139 ἀκοὰς
1967 1056 2129 1148 αὐτῇ
2163 1065 2532 1142 πεπτωκός.
2597 1066 2702 1132 ἔν-

354 1169 481 1231 θεν
522 1187 632 1229 τοι
671 1169 778 1230 καὶ
826 1159 917 1242 ιῦς
960 1163 1175 1250 πάντη
1219 1167 1337 1230 τοῦ
1382 1169 1515 1231 τῶν
1557 1160 2023 1248 χριστωνύμων
2068 1158 2336 1243 ἀνάξιον
2382 1163 2702 1250 ἐπαγγέλ-

353 1289 564 1352 ματος
608 1266 1007 1350 διορθοῦται
1062 1268 1259 1331 τοῦτο
1304 1261 1341 1351 ἦ
1385 1266 1694 1351 βασιλεία
1735 1287 1884 1348 μου.
1975 1258 2298 1350 ἀνηνέχθη
2343 1264 2465 1350 γὰρ
2511 1261 2699 1354 αὐτῇ,

358 1363 448 1446 ὥς
504 1367 571 1433 ἐν
626 1378 776 1445 ταῖς
830 1360 970 1433 άπὸ
1023 1369 1141 1431 τοῦ
1200 1367 1309 1450 ζῆν
1368 1366 1708 1454 ἐκδημίαις
1748 1368 1882 1431 τῶν
1927 1359 2353 1452 ὁπουδήποτε
2397 1362 2704 1452 ἀρχιερα-

353 1469 678 1537 τευόντων
724 1468 792 1535 ἐν
834 1478 983 1546 ταῖς
1024 1470 1141 1532 τοῦ
1182 1471 1352 1534 θεοῦ
1399 1463 1799 1552 ἁγιωτάταις
1843 1465 2240 1553 ἐκκλησίαις,
2275 1471 2384 1555 ’πῆ
2427 1470 2547 1552 μὲν
2591 1473 2702 1536 καὶ

356 1569 492 1655 πρὸ
534 1573 651 1657 τῆς
693 1563 910 1635 αὐτῶν
954 1568 1239 1657 ἐκφορᾶς
1282 1571 1378 1656 πῆ
1424 1570 1496 1635 δὲ
1539 1569 1650 1634 καὶ
1689 1567 1858 1652 μετὰ
1899 1565 2017 1654 τὴν
2062 1567 2377 1656 ἐκφορὰν,
2425 1570 2490 1636 οἱ
2532 1566 2704 1637 κατὰ

354 1669 573 1755 χώραν
630 1669 1037 1757 ἐνεργοῦντες
1092 1668 1434 1757 προφάσει
1491 1672 1606 1757 τῆς
1664 1664 1879 1735 αὐτῶν
1922 1670 2222 1758 τελευτῆς
2264 1674 2397 1737 τῶν
2439 1696 2512 1738 τε
2555 1672 2701 1738 κελ-

358 1773 518 1839 λίων
577 1769 792 1838 αὐτῶν
850 1767 1335 1856 ἀπανθρώπως
1390 1775 1993 1855 κατεπεμβαίνουσι
2047 1773 2154 1839 καὶ
2213 1775 2344 1838 τῶν
2400 1769 2537 1839 ὑπὸ
2581 1773 2703 1853 τὰς

358 1873 684 1957 λαχούσας
746 1869 988 1953 αὐτοὺς
1052 1870 1393 1961 ἐκκλησίας
1465 1867 1824 1960 ἀκινήτων·
1895 1874 2009 1939 καὶ
2073 1866 2519 1961 ἀφαιροῦνται
2578 1876 2701 1958 μὲν

358 1971 627 2043 ἅπαντα
680 1975 765 2044 τὰ
823 1975 890 2043 ἐν
943 1975 1207 2054 τούτοις
1260 1979 1761 2060 παρευρεθέντα
1802 1976 1936 2040 τῶν
1979 1969 2408 2058 ὑπαρχόντων
2449 1970 2697 2056 αὐτοῖς,

356 2077 720 2165 καθολικὴν
762 2079 838 2146 δὲ
882 2081 1239 2145 ποιοῦνται
1281 2080 1414 2144 τῶν
1458 2074 1780 2143 τοιούτων
1809 2071 2131 2161 ἀκινήτων
2159 2071 2546 2164 ἀπαίτησιν,
2590 2081 2700 2146 καὶ

357 2188 697 2258 παντοίως
738 2181 975 2266 ἑτέρως
1014 2183 1225 2248 ταῦτα
1268 2184 1747 2264 συντρίβουσιν.

531 2281 616 2348 α’.
667 2277 926 2369 Ἡγοῦν
952 2277 1262 2368 βασιλεία
1285 2304 1416 2365 μου
1439 2280 1607 2366 μηδὲ
1629 2284 1820 2362 μέχρι
1860 2279 1970 2344 καὶ
2015 2276 2111 2355 εἷς
2153 2274 2455 2363 ἄκουσμα
2495 2277 2701 2364 μόνον

359 2377 749 2470 άνασχετὴν·”
786 2378 1159 2471 ἡγησαμένη
1205 2379 1322 2469 τὴν
1339 2380 1674 2502 τοιαύτην
1717 2377 1966 2462 τόλμαν
2009 2373 2258 2459 αὐτῶν,
2305 2379 2416 2446 ι’να
2456 2379 2544 2468 μὴ
2591 2384 2702 2505 καὶ

356 2489 475 2572 τῆς
528 2485 643 2553 ἐπὶ
699 2495 844 2563 τοῖς
898 2484 1227 2562 θανάτοις
1276 2486 1410 2550 τῶν
1454 2477 1805 2567 ἀρχιερέων
1847 2480 2167 2568 ἐπιούσης
2207 2493 2356 2560 ταῖς
2397 2508 2519 2549 κατ
2583 2479 2701 2551 αὖ·

357 2585 515 2664 τοὺς
558 2585 926 2672 ἐκκλησίαις
971 2586 1203 2672 ζημίας
1242 2586 1351 2650 καὶ
1398 2586 1747 2671 συμφορᾶς
1794 2606 1981 2649 ουτοι
2021 2584 2702 2672 βαρυσυμφορώτεροι

357 2693 645 2772 γίνοιντο
689 2689 798 2753 καὶ
842 2691 959 2775 τῆς
1003 2682 1105 2754 ἐπ’
1155 2683 1384 2765 αὐτοῖς
1428 2680 1618 2763 ἀνίας
1662 2678 2123 2770 άνιαρώτεροι,
2186 2686 2543 2771 διορίζεται
2587 2687 2701 2754 διὰ
2733 2688 2750 2702 “

357 2789 477 2874 τῆς
531 2787 872 2875 παρούσης
927 2786 1381 2873 προστάξεως,
1406 2792 1671 2909 μηκέτι
1714 2784 1900 2906 παρὰ
1941 2791 2073 2854 τῶν
2119 2786 2281 2855 κατὰ
2320 2814 2540 2874 χωραν
2584 2788 2701 2868 τὰς

360 2888 663 2969 δουκικὰς
718 2885 919 2975 ἀρχάς
974 2886 1340 2956 διεπόντων
1396 2882 1437 2977 ἢ
1494 2884 1880 2974 ἀναγραφὰς
1935 2881 1979 2973 ἢ
2035 2883 2192 2975 ἕτερ’
2243 2886 2410 2956 άττα
2466 2891 2698 2979 δικαίῳ

356 2994 475 3059 τοῦ
534 2993 855 3079 δημοσίου
912 2990 1343 3079 ἐνεργούντων
1397 2988 1703 3056 τοιοῦτόν
1763 3014 1825 3055 τι
1887 2988 2055 3055 κατὰ
2114 2994 2248 3058 τῶν
2315 2987 2699 3077 ἁγιωτάτων

359 3093 714 3181 ἐκκλησιῶν
764 3088 813 3183 ἢ
863 3097 997 3161 τῶν
1051 3087 1162 3160 ὑπ’
1222 3086 1427 3171 αὐτὰς
1471 3085 1792 3179 ἀκινήτων
1834 3085 1877 3178 ἢ
1918 3094 2051 3158 τῶν
2094 3093 2366 3160 κελλίων
2407 3097 2541 3163 τῶν
2583 3089 2703 3181 ἆρ-

352 3202 625 3281 χιερέων
682 3197 750 3265 ἐν
804 3206 954 3275 ταῖς
1011 3190 1227 3262 αὐτῶν
1281 3195 1621 3273 τελευταῖς
1673 3196 1792 3259 τοῦ
1857 3193 2101 3259 λοιποῦ
2158 3198 2696 3282 νεωτερισθῆναι.

361 3293 498 3364 ἄλλ’
547 3298 606 3366 εἰ
646 3300 767 3383 μὲν
812 3296 1224 3385 ἐνδιαθήκως
1268 3296 1333 3362 οἱ
1376 3290 1699 3380 ἀρχιερεῖς
1727 3294 2097 3380 τελευτῷεν,
2143 3294 2310 3362 κατὰ
2344 3295 2458 3375 τὰς
2487 3291 2699 3362 αὐτῶν

357 3398 604 3484 βουλάς
645 3424 717 3465 τε
758 3400 865 3465 καὶ
911 3395 1242 3477 διατάξεις
1271 3392 1539 3463 ἅπαντα
1567 3400 1897 3480 γίνεσθαι,
1945 3391 2105 3462 σ’σον
2136 3394 2251 3463 ἐπὶ
2280 3408 2426 3475 τοῖς
2454 3422 2701 3483 παρευ-

361 3504 776 3584 ρισκομένοις
835 3497 902 3564 ἐν
943 3508 1090 3575 τοῖς
1131 3497 1415 3575 κελλίοις
1458 3490 1707 3562 αὐτῶν·
1766 3496 1826 3564 εἰ
1869 3492 1936 3563 δ
1987 3497 2153 3577 ισως
2195 3502 2300 3564 καὶ
2347 3495 2701 3568 άδιάθετοι

361 3596 910 3680 ἀπαλλάττοιντο,
956 3598 1178 3666 πάντα
1219 3600 1330 3664 καὶ
1374 3595 1549 3665 οῦτω
1594 3600 2064 3666 συντελεῖσθαι
2105 3599 2271 3667 κατὰ
2313 3599 2392 3666 τὸ
2434 3610 2582 3681 τοῖς
2611 3601 2702 3669 ἱε-

360 3705 505 3790 ροῖς
544 3700 778 3770 κανόσι
819 3703 926 3769 καὶ
969 3710 1114 3780 τοῖς
1155 3697 1387 3784 νόμοις
1432 3700 1685 3767 δοκοῦν.
1752 3712 1895 3780 τοῖς
1940 3695 2271 3789 άκινήτοις
2311 3708 2542 3787 μέντοι
2568 3706 2696 3770 τῶν

355 3807 769 3895 χηρευουσὼ
826 3803 1179 3888 ἐκκλησιῶν
1222 3796 1376 3870 οὐδὲ
1418 3801 1603 3869 πόδα
1647 3797 1820 3881 ὅλως
1863 3802 2174 3889 επιβαλεῖ
2214 3829 2317 3884 τις
2361 3807 2495 3871 τῶν
2536 3802 2699 3872 κατὰ

355 3908 575 3996 χώραν
629 3908 878 3975 δουκῶν
932 3899 974 3994 ἢ
1029 3909 1230 3974 τινῶν
1285 3905 1557 3992 ἑτέρων,
1616 3899 1707 3984 ὥς
1765 3904 2049 3991 εἴρηται,
2109 3899 2265 3974 οὐδὲ
2318 3905 2396 3972 τὸ
2442 3907 2702 3975 οἱονοῦν

360 4008 618 4078 ἐκεῖθεν
676 4004 988 4077 ὁπωσοῦν
1044 4002 1453 4097 άναλάβηται
1470 4028 1486 4044 ·
1552 4000 1723 4073 ἀλλὰ
1777 4005 2000 4075 πάντα
2055 4009 2243 4095 παρὰ
2295 4012 2428 4076 τῶν
2482 4009 2700 4095 μερῶν

356 4272 516 4317 nutem
553 4273 603 4317 et
636 4267 831 4329 Rhama,
865 4281 991 4331 quos
1026 4281 1221 4331 sequor,
1257 4258 1350 4322 ιδ’,
1390 4282 1515 4330 quae
1553 4266 1749 4316 indictio
1787 4266 2053 4331 imperante
2073 4267 2289 4318 ΙιπυεΙε
2325 4267 2495 4317 incidit
2531 4270 2580 4317 in
2615 4282 2699 4317 nn·

357 4366 474 4405 num
516 4352 639 4402 ¹151
679 4353 747 4401 vel
792 4350 936 4401 1106.
1082 4349 1102 4378 ⁸
1139 4352 1208 4401 ΑΙ.
1245 4343 1489 4409 hatti».
