2900 4950
331 271 455 334 340
1108 284 1230 336 eon.
1265 285 1337 336 ιν.
1407 284 1522 335 Nou.
1558 282 1886 338 xm-xvm.

331 436 539 502 ἕνεκεν
581 430 620 519 ἡ
665 432 975 518 βασιλεία
1014 456 1142 517 μου
1190 429 1364 499 ὥστε
1405 431 1911 519 ἐπικυρωθῆναι
1951 423 2106 516 παρ’
2155 422 2358 517 αὐτῆς
2382 430 2504 520 τὴν
2529 455 2679 499 τοι-

328 535 528 622 αύτην
570 540 804 620 κρίσιν,
853 529 944 613 ὥς
987 527 1068 602 ἄν
1110 533 1199 620 μὴ
1244 533 1431 620 παρά
1473 557 1654 613 τινος
1695 531 1863 600 κατὰ
1905 530 2121 620 φόβον
2162 532 2357 616 τυχὸν
2401 526 2675 622 ἢδόλον

326 630 370 724 ἢ
409 635 662 720 τρόπον
707 633 908 703 ἄλλον
953 631 1068 703 οὐκ
1111 635 1461 703 ἐπαινετὸν
1506 630 1969 719 ἀνατρέποιτο,
2013 635 2122 700 καὶ
2164 623 2245 721 ἦν
2287 633 2366 702 τὸ
2394 637 2676 722 πρᾶγμα

325 743 522 805 θεῖον
581 740 690 803 καὶ
759 732 1050 824 εὐσεβές·
1113 737 1443 825 ἐπήκουσε
1504 739 1621 824 τῆς
1675 739 1807 802 τῶν
1864 734 2270 820 αἰτουμένων
2326 736 2672 825 αἰτήσεως,

324 843 434 906 καὶ
492 837 888 923 ἐπεκράτυνε
940 840 1303 925 βασιλικῶς
1357 838 1443 905 τὰ
1495 841 1589 925 τῷ
1646 841 1792 925 θεῷ
1852 831 2264 923 άρέσκονταξ
2337 841 2447 906 καὶ
2504 838 2676 907 κατὰ

324 942 521 1006 τοῦτο
580 942 688 1006 καὶ
744 943 822 1027 τῇ
879 937 1043 1028 θεία
1095 945 1205 1007 καὶ
1263 936 1417 1028 άγίᾳ
1475 939 1732 1026 συνόδῳ
1795 937 2254 1033 συνδόξανταΊ,
2315 935 2407 1020 ὥς
2463 933 2542 1008 ἂν
2584 941 2675 1008 τὰ

323 1039 540 1108 πάλαι
584 1047 1018 1128 πεπραγμένα
1057 1043 1275 1121 καλῶς
1328 1041 1397 1108 ἐκ
1438 1045 1665 1127 καινῆς
1707 1043 1920 1119 κακῶς
1970 1039 2059 1127 μὴ
2120 1034 2669 1125 άναμοχλεύοιντο

324 1145 431 1209 καὶ
477 1136 781 1230 ἇκίνητα“
821 1147 1276 1230 μετακινοῒντο
1322 1145 1432 1210 καὶ
1479 1138 1569 1221 ὥς
1614 1142 1830 1210 εἰπεῖν
1860 1136 2405 1229 ἆνίερα.γίνοιντο
2417 1145 2457 1209 ⁹.
2524 1143 2671 1211 διο-

269 1253 290 1272 ·’
323 1243 573 1328 ρι’ζεται
624 1242 749 1331 γὰρ
802 1239 843 1330 ἦ
897 1246 1207 1330 βασιλεία
1261 1269 1391 1329 μου
1450 1244 1564 1311 διὰ
1616 1244 1736 1310 τοῦ
1791 1242 2127 1331 παρόντος
2176 1244 2667 1330 χρυσοβούλλου

323 1345 519 1433 λόγου
562 1344 680 1432 τὴν
724 1351 1072 1433 γενομένην
1117 1345 1595 1434 πατριαρχικὴν
1628 1348 1735 1412 καὶ
1769 1343 2117 1432 συνοδικὴν
2145 1351 2361 1431 κρίσιν
2387 1351 2667 1433 βεβαίαν

324 1440 511 1527 εἶναι,
557 1446 796 1533 καὶμὴ
843 1445 1030 1531 παρά
1071 1470 1252 1526 τινος
1295 1444 1447 1533 άχρι
1488 1449 1596 1514 καὶ
1641 1448 1849 1532 ψιλοῦ
1892 1450 2011 1513 τοῦ
2050 1445 2249 1533 λόγου
2276 1448 2670 1532 τολμᾶσθαι

322 1543 799 1633 ἆνακρίνεσθαί
837 1573 910 1614 τε
949 1550 1058 1615 καὶ
1104 1543 1624 1634 ἀνατρέπεσθαι.
1714 1543 2092 1634 αὐτόχρημα
2143 1546 2267 1634 γὰρ
2313 1543 2350 1614 ὅ
2394 1542 2666 1616 ἀντιπί-

320 1672 509 1714 πτων
551 1647 753 1736 ταύτῃ
798 1652 877 1736 τῇ
919 1655 1083 1736 θείᾳ
1123 1653 1233 1717 καὶ
1279 1650 1587 1737 συνοδικῇ
1631 1655 1843 1736 κρίσει
1881 1653 1998 1737 τῆς
2024 1645 2340 1736 ἡμετέρας
2366 1654 2667 1730 πίστεως

319 1755 860 1834 προσανατρέπει
918 1750 1074 1830 τοὺς
1139 1752 1369 1830 οἴακας
1433 1755 1541 1819 καὶ
1608 1745 1987 1835 ἆναθέματι
2049 1751 2660 1837 καθυποβέβληται,

318 1853 428 1917 καὶ
484 1846 935 1937 ἆποκήρυκτος
989 1853 1175 1940 παρὰ
1217 1857 1333 1941 τῆς
1374 1852 1660 1940 μεγάλης
1705 1852 2046 1940 ἐκκλησίας
2090 1846 2658 1934 ἀποκαθίσταται,

315 1953 425 2018 καὶ
469 1945 930 2038 ἀντιπράττων
983 1964 1128 2032 τοῖς
1181 1953 1416 2021 κανόσι
1458 1959 1567 2021 καὶ
1612 1948 2001 2040 ἀνατρέπων
2043 1953 2318 2032 τούτους
2359 1955 2467 2020 καὶ
2513 1952 2662 2021 δια-

318 2051 612 2120 σαλεύων
656 2049 1124 2141 ἆπάνθρωπός
1164 2081 1238 2123 τε
1279 2058 1388 2122 καὶ
1431 2054 1996 2142 ,παρανομώτερος
2009 2059 2067 2120 ¹⁰.

485 2156 617 2221 Καὶ
663 2154 784 2240 γὰρ
831 2155 1405 2243 ἐπισφραγίζουσα
1446 2154 1486 2244 ἡ
1532 2159 1842 2242 βασιλεία
1883 2181 2013 2241 μου
2055 2156 2141 2224 τὰ
2168 2162 2513 2244 κεκριμένα
2538 2182 2659 2225 κα·-

316 2256 448 2335 λῶς
488 2258 597 2324 καὶ
643 2256 1167 2343 οἶκονομηθέντα
1212 2258 1591 2339 συνοδικῶς,
1658 2261 1768 2326 καὶ
1810 2257 1889 2324 τὸ
1932 2257 2150 2344 παρὸν
2195 2257 2464 2339 ἐξέθετο
2502 2284 2658 2345 χρυ-

315 2356 679 2441 σόβουλλον
722 2358 816 2437 εἰς
861 2357 1260 2443 ἐπικύρωσίν
1288 2386 1361 2427 τε
1397 2362 1507 2427 καὶ
1539 2359 1950 2448 στερεότητα,
1998 2356 2553 2448 ὗποσημηναμένη
2585 2359 2653 2428 ἐν

314 2453 493 2546 αὐτῷ
550 2453 632 2526 δι’
693 2458 996 2545 ἐρυθρῶν
1050 2461 1453 2547 γραμμάτων
1506 2466 1616 2529 καὶ
1676 2461 1788 2530 διὰ
1843 2460 2094 2530 τούτων
2150 2461 2268 2548 τὴν
2329 2457 2654 2550 ἀλήθειαν

314 2565 704 2647 φανωτέραν
748 2556 1269 2647 ὖπαγορεὺουσα,
1333 2564 1625 2652 κορωνὴν
1671 2560 1902 2650 ὥσπερ
1948 2563 2026 2651 δή
2070 2590 2222 2632 τινα
2261 2567 2506 2651 χρυσῆν
2534 2562 2652 2650 τὴν

313 2654 587 2746 άληθῶς
631 2664 966 2749 σφραγίδα
1006 2664 1219 2752 τούτῳ
1265 2659 1789 2752 ἆπαιωρήσασα,
1836 2666 1904 2734 ἐν
1950 2666 2083 2734 ἔτει
2122 2670 2217 2754 τῷ
2267 2664 2494 2753 ,ςφπῆ
2538 2667 2656 2753 τῆς

310 2762 653 2849 παρούσης
705 2770 929 2850 τρίτης
987 2765 1395 2845 ἰνόικτιῶνος
1448 2771 1566 2834 τοῦ
1615 2764 1993 2854 ιάνουαρίου
2036 2768 2271 2856 μηνὸς,
2330 2769 2400 2835 ἐν
2443 2756 2500 2854 ᾧ
2540 2769 2652 2835 καὶ

308 2863 387 2928 τὸ
429 2859 745 2951 ἡμέτερον
789 2860 1052 2952 εὐσεβὲς
1093 2871 1202 2935 καὶ
1246 2868 1756 2957 θεοπρόβλητον
1797 2866 2265 2958 ὗπεσημήνατο
2308 2868 2563 2958 κράτος.

1285 3226 1458 3290 NOV.
1502 3229 1647 3291 XIV.

928 3343 1077 3425 Imp.
1122 3344 1529 3426 Nicephori
1573 3348 2024 3410 Bolaniatae
2566 3424 2581 3443 Ι

367 3443 440 3503 de
484 3443 604 3504 viro
650 3462 910 3505 uxoreve'
942 3445 1004 3505 iu
1049 3446 1308 3508 furorem
1352 3446 1746 3511 incidentibus
1762 3450 1799 3512 ¹.
1889 3450 2075 3529 (Inter
2121 3450 2583 3525 1078—1081.)

1293 3598 1429 3662 Non
1469 3612 1645 3664 ewtat.

437 3792 460 3823 ⁶
495 3796 565 3846 Ita
601 3796 796 3849 Leuncl.
831 3798 879 3848 in
916 3813 1063 3863 marg.
1133 3802 1307 3853 'sextus
1344 3795 1638 3870 ἀρέσαντα.
1847 3802 1866 3829 ⁷
1903 3805 2099 3855 LeuneL
2134 3806 2184 3856 in
2218 3812 2350 3857 textu
2387 3797 2649 3861 συνδοξᾶ-

302 3891 492 3929 σαντα.
674 3879 695 3908 ⁸
731 3883 860 3933 Idem
897 3885 945 3934 in
982 3900 1127 3950 marg.
1166 3879 1239 3941 ὥς·
1271 3879 1539 3950 εὖκίνητα.
1715 3887 1737 3918 ⁹
1772 3889 1841 3940 ld.
1875 3884 2179 3955 γίγνοιντο.
2370 3887 2411 3917 ¹⁰
2446 3882 2643 3943 Lefinel.

297 3959 786 4031 παρανομώτατος.
863 3969 1024 4022 Recte.

432 4046 450 4075 ¹
500 4051 689 4102 Novella
737 4052 834 4102 τοῦ
878 4052 1142 4119 βασιλέως
1185 4056 1352 4124 κυροῦ
1398 4052 1795 4125 νικηφόρου
1849 4057 1950 4108 τοῦ
1993 4053 2478 4123 βοτανειάτου
2512 4054 2640 4128 περὶ

296 4129 584 4197 μανέντων
617 4130 923 4203 ὃμοζύγων,
963 4141 1136 4190 Leonis
1155 4142 1266 4191 Nov.
1290 4142 1386 4192 cxl
1424 4150 1472 4193 et
1508 4144 1627 4193 CXI!
1665 4158 1895 4207 consona,
1932 4144 2154 4195 laudatur
2188 4160 2217 4195 a
2252 4144 2379 4194 Bais,
2414 4143 2473 4193 ad
2512 4144 2637 4193 Pho-

301 4215 352 4265 tii
389 4217 525 4267 Nom.
561 4219 680 4282 xm,
695 4221 760 4271 30
795 4211 893 4282 (e'd.
931 4224 1078 4275 [thalli
1116 4226 1135 4274 1
1172 4241 1219 4289 p.
1237 4226 1357 4286 331)
1393 4236 1440 4277 et
1475 4243 1503 4277 a
1539 4228 1683 4279 Blast.
1719 4228 1868 4284 122ss
1906 4229 2002 4291 (ed.
2038 4230 2200 4281 Bever.
2239 4228 2278 4279 n
2315 4228 2487 4293 p.86).
2534 4227 2644 4278 Bal·

299 4302 510 4351 samonis
544 4301 703 4353 locum
739 4307 953 4357 exhibuit
986 4310 1128 4358 etiam
1165 4310 1379 4361 Bouefid.
1415 4327 1463 4376 p.
1488 4312 1568 4363 38.
