<?xml version="1.0" encoding="UTF-8"?>
<!DOCTYPE html PUBLIC "-//W3C//DTD XHTML 1.0 Transitional//EN"
    "http://www.w3.org/TR/xhtml1/DTD/xhtml1-transitional.dtd">
<html xmlns="http://www.w3.org/1999/xhtml" xml:lang="en" lang="en">
 <head>
  <title>
</title>
<meta http-equiv="Content-Type" content="text/html;charset=utf-8" />
  <meta name='ocr-system' content='tesseract 3.04.00' />
  <meta name='ocr-capabilities' content='ocr_page ocr_carea ocr_par ocr_line ocrx_word'/>
</head>
<body>
  <div class='ocr_page' id='page_1' title='image "./jusgraecoromanu00linggoog_0156.png"; bbox 0 0 2900 4950; ppageno 0'>
   <div class='ocr_carea' id='block_1_1' title="bbox 377 243 1955 306">
    <p class='ocr_par' dir='ltr' id='par_1_1' title="bbox 377 243 1955 306">
     <span class='ocr_line' id='line_1_1' title="bbox 377 243 1955 306; baseline -0.002 0"><span class='ocrx_word' id='word_1_1' title='bbox 377 243 496 306; x_wconf 80' lang='lat'><strong><em>110</em></strong></span> <span class='ocrx_word' id='word_1_2' title='bbox 1118 254 1237 304; x_wconf 84' lang='lat' dir='ltr'><strong>con.</strong></span> <span class='ocrx_word' id='word_1_3' title='bbox 1273 255 1330 304; x_wconf 87' lang='lat' dir='ltr'><strong><em>n.</em></strong></span> <span class='ocrx_word' id='word_1_4' title='bbox 1398 253 1514 303; x_wconf 73' lang='lat' dir='ltr'><strong>nov.</strong></span> <span class='ocrx_word' id='word_1_5' title='bbox 1549 253 1724 305; x_wconf 77' lang='lat' dir='ltr'><strong>xxvn.</strong></span> <span class='ocrx_word' id='word_1_6' title='bbox 1760 253 1955 304; x_wconf 76' lang='lat' dir='ltr'>xxvin.</span> 
     </span>
    </p>
   </div>
   <div class='ocr_carea' id='block_1_2' title="bbox 369 395 2748 1294">
    <p class='ocr_par' dir='ltr' id='par_1_2' title="bbox 369 395 2748 592">
     <span class='ocr_line' id='line_1_2' title="bbox 369 395 2748 492; baseline -0.003 -20"><span class='ocrx_word' id='word_1_7' title='bbox 369 430 444 472; x_wconf 84' lang='grc' dir='ltr'><strong><em>τε</em></strong></span> <span class='ocrx_word' id='word_1_8' title='bbox 486 405 924 488; x_wconf 77' lang='grc' dir='ltr'><strong><em>συμβιοῦντας</em></strong></span> <span class='ocrx_word' id='word_1_9' title='bbox 965 402 1070 465; x_wconf 85' lang='grc' dir='ltr'><strong><em>καὶ</em></strong></span> <span class='ocrx_word' id='word_1_10' title='bbox 1115 395 1692 482; x_wconf 83' lang='grc' dir='ltr'><strong><em>ὖποταττομένους</em></strong></span> <span class='ocrx_word' id='word_1_11' title='bbox 1729 404 1920 484; x_wconf 87' lang='grc' dir='ltr'><strong><em>μέχρι</em></strong></span> <span class='ocrx_word' id='word_1_12' title='bbox 1959 402 2077 486; x_wconf 82' lang='grc' dir='ltr'><strong><em>τῆς</em></strong></span> <span class='ocrx_word' id='word_1_13' title='bbox 2122 400 2397 486; x_wconf 77' lang='grc' dir='ltr'><strong><em>ἐσχάτης</em></strong></span> <span class='ocrx_word' id='word_1_14' title='bbox 2442 401 2701 483; x_wconf 68' lang='grc' dir='ltr'><strong><em>ἔχουσιν</em></strong></span> <span class='ocrx_word' id='word_1_15' title='bbox 2734 479 2748 492; x_wconf 26' lang='grc' dir='ltr'>ἱ</span> 
     </span>
     <span class='ocr_line' id='line_1_3' title="bbox 370 496 2705 592; baseline -0.001 -22"><span class='ocrx_word' id='word_1_16' title='bbox 370 501 630 592; x_wconf 81' lang='grc' dir='ltr'><strong><em>ἡμέρας,</em></strong></span> <span class='ocrx_word' id='word_1_17' title='bbox 676 504 783 568; x_wconf 84' lang='grc' dir='ltr'><strong><em>καὶ</em></strong></span> <span class='ocrx_word' id='word_1_18' title='bbox 830 501 896 567; x_wconf 78' lang='grc' dir='ltr'><strong><em>ἐν</em></strong></span> <span class='ocrx_word' id='word_1_19' title='bbox 938 502 1157 585; x_wconf 81' lang='grc' dir='ltr'><strong><em>χερσὶν</em></strong></span> <span class='ocrx_word' id='word_1_20' title='bbox 1203 496 1417 566; x_wconf 79' lang='grc' dir='ltr'><strong><em>αὐτῶν</em></strong></span> <span class='ocrx_word' id='word_1_21' title='bbox 1461 499 1578 586; x_wconf 88' lang='grc' dir='ltr'><strong><em>τὴν</em></strong></span> <span class='ocrx_word' id='word_1_22' title='bbox 1624 499 1790 587; x_wconf 85' lang='grc' dir='ltr'><strong><em>ζωὴν</em></strong></span> <span class='ocrx_word' id='word_1_23' title='bbox 1832 500 2276 567; x_wconf 86' lang='grc' dir='ltr'><strong><em>καταλύουσαι</em></strong></span> <span class='ocrx_word' id='word_1_24' title='bbox 2318 504 2435 585; x_wconf 83' lang='grc' dir='ltr'><strong><em>τῆς</em></strong></span> <span class='ocrx_word' id='word_1_25' title='bbox 2474 525 2549 568; x_wconf 83' lang='grc' dir='ltr'><strong><em>τε</em></strong></span> <span class='ocrx_word' id='word_1_26' title='bbox 2575 526 2705 586; x_wconf 90' lang='grc' dir='ltr'><strong><em>μη-</em></strong></span> 
     </span>
    </p>

    <p class='ocr_par' dir='ltr' id='par_1_3' title="bbox 369 597 2703 691">
     <span class='ocr_line' id='line_1_4' title="bbox 369 597 2703 691; baseline -0.002 -21"><span class='ocrx_word' id='word_1_27' title='bbox 369 607 591 691; x_wconf 84' lang='grc' dir='ltr'><strong><em>τρικῆς</em></strong></span> <span class='ocrx_word' id='word_1_28' title='bbox 646 597 942 687; x_wconf 76' lang='grc' dir='ltr'><em>εὐλογίας</em></span> <span class='ocrx_word' id='word_1_29' title='bbox 1006 604 1112 667; x_wconf 86' lang='grc' dir='ltr'><strong><em>καὶ</em></strong></span> <span class='ocrx_word' id='word_1_30' title='bbox 1178 603 1310 667; x_wconf 83' lang='grc' dir='ltr'><strong><em>τῶν</em></strong></span> <span class='ocrx_word' id='word_1_31' title='bbox 1375 599 1765 685; x_wconf 75' lang='grc' dir='ltr'><strong><em>προσόντων</em></strong></span> <span class='ocrx_word' id='word_1_32' title='bbox 1828 602 2405 686; x_wconf 86' lang='grc' dir='ltr'><strong><em>καταλιμπάνουσι</em></strong></span> <span class='ocrx_word' id='word_1_33' title='bbox 2468 602 2703 687; x_wconf 82' lang='grc' dir='ltr'><strong><em>κληρο-</em></strong></span> 
     </span>
    </p>

    <p class='ocr_par' dir='ltr' id='par_1_4' title="bbox 371 704 648 789">
     <span class='ocr_line' id='line_1_5' title="bbox 371 704 648 789; baseline -0.011 -18"><span class='ocrx_word' id='word_1_34' title='bbox 371 704 648 789; x_wconf 84' lang='grc' dir='ltr'><strong><em>νόμους,·</em></strong></span> 
     </span>
    </p>

    <p class='ocr_par' dir='ltr' id='par_1_5' title="bbox 370 795 2706 1294">
     <span class='ocr_line' id='line_1_6' title="bbox 442 795 2702 888; baseline -0.002 -18"><span class='ocrx_word' id='word_1_35' title='bbox 442 851 451 858; x_wconf 86' lang='lat'><strong>·</strong></span> <span class='ocrx_word' id='word_1_36' title='bbox 540 806 673 870; x_wconf 84' lang='grc' dir='ltr'><strong><em>Καὶ</em></strong></span> <span class='ocrx_word' id='word_1_37' title='bbox 717 804 913 868; x_wconf 83' lang='grc' dir='ltr'><strong><em>τοῦτο</em></strong></span> <span class='ocrx_word' id='word_1_38' title='bbox 961 803 1082 867; x_wconf 80' lang='grc' dir='ltr'><strong><em>δὲ“</em></strong></span> <span class='ocrx_word' id='word_1_39' title='bbox 1128 797 1167 888; x_wconf 80' lang='grc' dir='ltr'><em>ἦ</em></span> <span class='ocrx_word' id='word_1_40' title='bbox 1212 801 1520 885; x_wconf 85' lang='grc' dir='ltr'><strong><em>βασιλεία</em></strong></span> <span class='ocrx_word' id='word_1_41' title='bbox 1563 795 1746 887; x_wconf 75' lang='grc' dir='ltr'><strong><em>ἡμῶν</em></strong></span> <span class='ocrx_word' id='word_1_42' title='bbox 1789 799 1867 866; x_wconf 82' lang='grc' dir='ltr'><strong><em>τὸ</em></strong></span> <span class='ocrx_word' id='word_1_43' title='bbox 1911 796 2293 886; x_wconf 82' lang='grc' dir='ltr'><strong><em>ὖποχείριον</em></strong></span> <span class='ocrx_word' id='word_1_44' title='bbox 2324 802 2702 887; x_wconf 81' lang='grc' dir='ltr'><strong><em>φιλοτιμεῖ-</em></strong></span> 
     </span>
     <span class='ocr_line' id='line_1_7' title="bbox 370 899 2705 989; baseline -0.003 -17"><span class='ocrx_word' id='word_1_45' title='bbox 370 932 515 985; x_wconf 86' lang='grc' dir='ltr'><strong><em>ται,</em></strong></span> <span class='ocrx_word' id='word_1_46' title='bbox 585 902 757 971; x_wconf 78' lang='grc' dir='ltr'><strong><em>ὥστε</em></strong></span> <span class='ocrx_word' id='word_1_47' title='bbox 806 902 894 989; x_wconf 80' lang='grc' dir='ltr'><strong><em>μὴ</em></strong></span> <span class='ocrx_word' id='word_1_48' title='bbox 951 901 1153 986; x_wconf 88' lang='grc' dir='ltr'><strong><em>μόνον</em></strong></span> <span class='ocrx_word' id='word_1_49' title='bbox 1197 901 1383 986; x_wconf 85' lang='grc' dir='ltr'><strong><em>παρὰ</em></strong></span> <span class='ocrx_word' id='word_1_50' title='bbox 1424 903 1752 986; x_wconf 87' lang='grc' dir='ltr'><strong><em>βασιλέως</em></strong></span> <span class='ocrx_word' id='word_1_51' title='bbox 1794 901 2046 980; x_wconf 80' lang='grc' dir='ltr'><strong><em>(καθὼς</em></strong></span> <span class='ocrx_word' id='word_1_52' title='bbox 2090 901 2156 966; x_wconf 78' lang='grc' dir='ltr'><strong><em>οἱ</em></strong></span> <span class='ocrx_word' id='word_1_53' title='bbox 2198 899 2502 985; x_wconf 76' lang='grc' dir='ltr'><strong><em>πρόσθεν</em></strong></span> <span class='ocrx_word' id='word_1_54' title='bbox 2550 900 2705 966; x_wconf 77' lang='grc' dir='ltr'><strong><em>ἐπέ-</em></strong></span> 
     </span>
     <span class='ocr_line' id='line_1_8' title="bbox 372 996 2705 1092; baseline -0.003 -19"><span class='ocrx_word' id='word_1_55' title='bbox 372 1029 618 1092; x_wconf 82' lang='grc' dir='ltr'><strong><em>τρεπον</em></strong></span> <span class='ocrx_word' id='word_1_56' title='bbox 676 1003 891 1088; x_wconf 86' lang='grc' dir='ltr'><strong><em>νόμοι)</em></strong></span> <span class='ocrx_word' id='word_1_57' title='bbox 947 1002 1062 1069; x_wconf 82' lang='grc' dir='ltr'><strong><em>τὸν</em></strong></span> <span class='ocrx_word' id='word_1_58' title='bbox 1117 1003 1591 1068; x_wconf 83' lang='grc' dir='ltr'><strong><em>υἱοθετεῖσθαι</em></strong></span> <span class='ocrx_word' id='word_1_59' title='bbox 1644 1000 2076 1087; x_wconf 85' lang='grc' dir='ltr'><strong><em>βουλόμενον,</em></strong></span> <span class='ocrx_word' id='word_1_60' title='bbox 2140 996 2307 1068; x_wconf 76' lang='grc' dir='ltr'><strong><em>ἀλλὰ</em></strong></span> <span class='ocrx_word' id='word_1_61' title='bbox 2364 1005 2470 1068; x_wconf 86' lang='grc' dir='ltr'><strong><em>καὶ</em></strong></span> <span class='ocrx_word' id='word_1_62' title='bbox 2517 1001 2705 1085; x_wconf 85' lang='grc' dir='ltr'><strong><em>παρὰ</em></strong></span> 
     </span>
     <span class='ocr_line' id='line_1_9' title="bbox 375 1099 2706 1189; baseline -0.003 -16"><span class='ocrx_word' id='word_1_63' title='bbox 375 1105 627 1184; x_wconf 87' lang='grc' dir='ltr'><strong><em>παντὸς</em></strong></span> <span class='ocrx_word' id='word_1_64' title='bbox 682 1107 799 1170; x_wconf 82' lang='grc' dir='ltr'><strong><em>τοῦ</em></strong></span> <span class='ocrx_word' id='word_1_65' title='bbox 853 1099 1005 1170; x_wconf 76' lang='grc' dir='ltr'><strong><em>καθ’</em></strong></span> <span class='ocrx_word' id='word_1_66' title='bbox 1055 1103 1328 1189; x_wconf 80' lang='grc' dir='ltr'><strong><em>ἑκάστην</em></strong></span> <span class='ocrx_word' id='word_1_67' title='bbox 1370 1102 1589 1188; x_wconf 82' lang='grc' dir='ltr'><strong><em>χώραν</em></strong></span> <span class='ocrx_word' id='word_1_68' title='bbox 1632 1101 1710 1168; x_wconf 89' lang='grc' dir='ltr'><strong><em>τὸ</em></strong></span> <span class='ocrx_word' id='word_1_69' title='bbox 1754 1099 1974 1188; x_wconf 76' lang='grc' dir='ltr'><strong><em>ἄρχειν</em></strong></span> <span class='ocrx_word' id='word_1_70' title='bbox 2017 1105 2125 1169; x_wconf 84' lang='grc' dir='ltr'><strong><em>καὶ</em></strong></span> <span class='ocrx_word' id='word_1_71' title='bbox 2171 1105 2426 1169; x_wconf 77' lang='grc' dir='ltr'><strong><em>διέπειν</em></strong></span> <span class='ocrx_word' id='word_1_72' title='bbox 2472 1102 2706 1184; x_wconf 83' lang='grc' dir='ltr'><strong><em>λαχόν-</em></strong></span> 
     </span>
     <span class='ocr_line' id='line_1_10' title="bbox 372 1195 1411 1294; baseline -0.004 -21"><span class='ocrx_word' id='word_1_73' title='bbox 372 1231 488 1287; x_wconf 83' lang='grc' dir='ltr'><strong><em>τος</em></strong></span> <span class='ocrx_word' id='word_1_74' title='bbox 532 1206 647 1294; x_wconf 79' lang='grc' dir='ltr'><strong><em>τὴν</em></strong></span> <span class='ocrx_word' id='word_1_75' title='bbox 693 1195 993 1285; x_wconf 77' lang='grc' dir='ltr'><strong><em>ἐξουσίαν</em></strong></span> <span class='ocrx_word' id='word_1_76' title='bbox 1037 1203 1411 1290; x_wconf 80' lang='grc' dir='ltr'><strong><em>λαμβάνειν.</em></strong></span> 
     </span>
    </p>
   </div>
   <div class='ocr_carea' id='block_1_3' title="bbox 1306 1608 1774 1671">
    <p class='ocr_par' dir='ltr' id='par_1_6' title="bbox 1306 1608 1774 1671">
     <span class='ocr_line' id='line_1_11' title="bbox 1306 1608 1774 1671; baseline 0 -2"><span class='ocrx_word' id='word_1_77' title='bbox 1306 1608 1478 1671; x_wconf 84' lang='lat' dir='ltr'><strong>Nov,</strong></span> <span class='ocrx_word' id='word_1_78' title='bbox 1521 1608 1774 1669; x_wconf 81' lang='lat' dir='ltr'><strong>xxvlu.</strong></span> 
     </span>
    </p>
   </div>
   <div class='ocr_carea' id='block_1_4' title="bbox 375 1725 2707 1889">
    <p class='ocr_par' dir='ltr' id='par_1_7' title="bbox 375 1725 2707 1889">
     <span class='ocr_line' id='line_1_12' title="bbox 375 1725 2707 1808; baseline -0.003 -17"><span class='ocrx_word' id='word_1_79' title='bbox 375 1730 506 1802; x_wconf 87' lang='lat' dir='ltr'><strong><em>Quo</em></strong></span> <span class='ocrx_word' id='word_1_80' title='bbox 550 1737 815 1808; x_wconf 81' lang='lat' dir='ltr'><strong>tempore</strong></span> <span class='ocrx_word' id='word_1_81' title='bbox 859 1737 918 1789; x_wconf 78' lang='lat' dir='ltr'><strong><em>et</em></strong></span> <span class='ocrx_word' id='word_1_82' title='bbox 959 1747 991 1789; x_wconf 84' lang='lat' dir='ltr'>a</span> <span class='ocrx_word' id='word_1_83' title='bbox 1038 1726 1251 1806; x_wconf 86' lang='lat' dir='ltr'>quibus</span> <span class='ocrx_word' id='word_1_84' title='bbox 1294 1744 1494 1787; x_wconf 83' lang='lat' dir='ltr'><strong>rerum</strong></span> <span class='ocrx_word' id='word_1_85' title='bbox 1540 1744 1779 1787; x_wconf 83' lang='lat' dir='ltr'><strong>suarum</strong></span> <span class='ocrx_word' id='word_1_86' title='bbox 1836 1726 2260 1788; x_wconf 75' lang='lat' dir='ltr'>administratio</span> <span class='ocrx_word' id='word_1_87' title='bbox 2305 1725 2518 1787; x_wconf 82' lang='lat' dir='ltr'>adultis</span> <span class='ocrx_word' id='word_1_88' title='bbox 2562 1743 2707 1785; x_wconf 82' lang='lat' dir='ltr'><strong>con-</strong></span> 
     </span>
     <span class='ocr_line' id='line_1_13' title="bbox 1339 1827 1741 1889; baseline -0.005 0"><span class='ocrx_word' id='word_1_89' title='bbox 1339 1827 1472 1889; x_wconf 82' lang='lat' dir='ltr'>oedi</span> <span class='ocrx_word' id='word_1_90' title='bbox 1513 1827 1741 1889; x_wconf 83' lang='lat' dir='ltr'><strong>debeat.</strong></span> 
     </span>
    </p>
   </div>
   <div class='ocr_carea' id='block_1_5' title="bbox 1166 1989 1906 2089">
    <p class='ocr_par' dir='ltr' id='par_1_8' title="bbox 1166 1989 1906 2089">
     <span class='ocr_line' id='line_1_14' title="bbox 1166 1989 1906 2089; baseline 0.001 -23"><span class='ocrx_word' id='word_1_91' title='bbox 1166 1998 1347 2066; x_wconf 83' lang='lat' dir='ltr'><strong><em>AIA</em></strong></span> <span class='ocrx_word' id='word_1_92' title='bbox 1357 1996 1674 2070; x_wconf 74' lang='grc' dir='ltr'><em>ΤΑΞΙΣ</em></span> <span class='ocrx_word' id='word_1_93' title='bbox 1714 1989 1826 2089; x_wconf 74' lang='grc' dir='ltr'><strong><em>κη’</em></strong></span> <span class='ocrx_word' id='word_1_94' title='bbox 1863 1999 1906 2067; x_wconf 88' lang='lat'><strong><em>¹.</em></strong></span> 
     </span>
    </p>
   </div>
   <div class='ocr_carea' id='block_1_6' title="bbox 373 2138 2709 3723">
    <p class='ocr_par' dir='ltr' id='par_1_9' title="bbox 422 2138 2655 2295">
     <span class='ocr_line' id='line_1_15' title="bbox 422 2138 2655 2213; baseline -0.002 -16"><span class='ocrx_word' id='word_1_95' title='bbox 422 2140 480 2197; x_wconf 83' lang='lat'><strong><em>‘0</em></strong></span> <span class='ocrx_word' id='word_1_96' title='bbox 517 2140 727 2202; x_wconf 77' lang='grc' dir='ltr'><strong><em>αῧτὸς</em></strong></span> <span class='ocrx_word' id='word_1_97' title='bbox 758 2139 1087 2211; x_wconf 76' lang='grc' dir='ltr'><strong><em>βασιλεὺς</em></strong></span> <span class='ocrx_word' id='word_1_98' title='bbox 1121 2142 1391 2208; x_wconf 73' lang='grc' dir='ltr'><strong><em>στυλιανῷ</em></strong></span> <span class='ocrx_word' id='word_1_99' title='bbox 1425 2144 1505 2208; x_wconf 80' lang='grc' dir='ltr'><strong><em>τῷ</em></strong></span> <span class='ocrx_word' id='word_1_100' title='bbox 1541 2138 1974 2213; x_wconf 75' lang='grc' dir='ltr'><strong><em>ὗπερφυεστάτῳ</em></strong></span> <span class='ocrx_word' id='word_1_101' title='bbox 2007 2142 2299 2213; x_wconf 82' lang='grc' dir='ltr'><strong><em>μαγίστρῳ</em></strong></span> <span class='ocrx_word' id='word_1_102' title='bbox 2336 2145 2451 2194; x_wconf 80' lang='grc' dir='ltr'><strong><em>τῶν</em></strong></span> <span class='ocrx_word' id='word_1_103' title='bbox 2484 2140 2655 2195; x_wconf 78' lang='grc' dir='ltr'><strong><em>θείων</em></strong></span> 
     </span>
     <span class='ocr_line' id='line_1_16' title="bbox 1382 2222 1689 2295; baseline 0.01 -20"><span class='ocrx_word' id='word_1_104' title='bbox 1382 2222 1689 2295; x_wconf 77' lang='grc' dir='ltr'><strong><em>ὂφφικίων.</em></strong></span> 
     </span>
    </p>

    <p class='ocr_par' dir='ltr' id='par_1_10' title="bbox 373 2321 2709 3723">
     <span class='ocr_line' id='line_1_17' title="bbox 536 2321 2704 2412; baseline 0 -21"><span class='ocrx_word' id='word_1_105' title='bbox 536 2321 796 2412; x_wconf 82' lang='grc' dir='ltr'><strong><em>Ἐπειδὴ</em></strong></span> <span class='ocrx_word' id='word_1_106' title='bbox 840 2329 948 2393; x_wconf 84' lang='grc' dir='ltr'><strong><em>καὶ</em></strong></span> <span class='ocrx_word' id='word_1_107' title='bbox 992 2330 1188 2392; x_wconf 83' lang='grc' dir='ltr'><strong><em>τοῦτο</em></strong></span> <span class='ocrx_word' id='word_1_108' title='bbox 1231 2327 1444 2405; x_wconf 84' lang='grc' dir='ltr'><strong><em>καλῶς</em></strong></span> <span class='ocrx_word' id='word_1_109' title='bbox 1487 2331 1630 2404; x_wconf 88' lang='grc' dir='ltr'><strong><em>τοῖς</em></strong></span> <span class='ocrx_word' id='word_1_110' title='bbox 1673 2333 2074 2410; x_wconf 77' lang='grc' dir='ltr'><strong><em>νομοθέταις</em></strong></span> <span class='ocrx_word' id='word_1_111' title='bbox 2120 2326 2304 2405; x_wconf 73' lang='grc' dir='ltr'><strong><em>ἔδοξε</em></strong></span> <span class='ocrx_word' id='word_1_112' title='bbox 2345 2325 2423 2392; x_wconf 86' lang='grc' dir='ltr'><strong><em>τὸ</em></strong></span> <span class='ocrx_word' id='word_1_113' title='bbox 2467 2327 2704 2391; x_wconf 83' lang='grc' dir='ltr'><strong><em>παισὶν</em></strong></span> 
     </span>
     <span class='ocr_line' id='line_1_18' title="bbox 377 2418 2705 2514; baseline -0 -20"><span class='ocrx_word' id='word_1_114' title='bbox 377 2421 906 2514; x_wconf 79' lang='grc' dir='ltr'><strong><em>ὦρφανισμένοις</em></strong></span> <span class='ocrx_word' id='word_1_115' title='bbox 950 2427 1355 2513; x_wconf 74' lang='grc' dir='ltr'><strong><em>ἔγκαθιστᾶν</em></strong></span> <span class='ocrx_word' id='word_1_116' title='bbox 1401 2426 1824 2511; x_wconf 75' lang='grc' dir='ltr'><strong><em>ἐπιτρόπους,</em></strong></span> <span class='ocrx_word' id='word_1_117' title='bbox 1874 2422 1954 2494; x_wconf 82' lang='grc' dir='ltr'><strong><em>δι’</em></strong></span> <span class='ocrx_word' id='word_1_118' title='bbox 2006 2418 2095 2494; x_wconf 76' lang='grc' dir='ltr'><strong><em>ὧν</em></strong></span> <span class='ocrx_word' id='word_1_119' title='bbox 2140 2424 2178 2514; x_wconf 80' lang='grc' dir='ltr'><em>ἦ</em></span> <span class='ocrx_word' id='word_1_120' title='bbox 2223 2431 2354 2494; x_wconf 83' lang='grc' dir='ltr'><strong><em>τῶν</em></strong></span> <span class='ocrx_word' id='word_1_121' title='bbox 2399 2432 2705 2513; x_wconf 80' lang='grc' dir='ltr'><strong><em>πατέρων</em></strong></span> 
     </span>
     <span class='ocr_line' id='line_1_19' title="bbox 379 2523 2708 2614; baseline -0.001 -19"><span class='ocrx_word' id='word_1_122' title='bbox 379 2524 919 2614; x_wconf 83' lang='grc' dir='ltr'><strong><em>ἆναπληρουμένη</em></strong></span> <span class='ocrx_word' id='word_1_123' title='bbox 967 2525 1193 2606; x_wconf 78' lang='grc' dir='ltr'><strong><em>αὐτοῖς</em></strong></span> <span class='ocrx_word' id='word_1_124' title='bbox 1238 2527 1522 2613; x_wconf 87' lang='grc' dir='ltr'><strong><em>πρόνοια</em></strong></span> <span class='ocrx_word' id='word_1_125' title='bbox 1567 2524 1647 2594; x_wconf 75' lang='grc' dir='ltr'><strong><em>δι’</em></strong></span> <span class='ocrx_word' id='word_1_126' title='bbox 1698 2528 2077 2612; x_wconf 76' lang='grc' dir='ltr'><strong><em>ἐπιμελείας</em></strong></span> <span class='ocrx_word' id='word_1_127' title='bbox 2117 2532 2237 2612; x_wconf 81' lang='grc' dir='ltr'><strong><em>μὲν</em></strong></span> <span class='ocrx_word' id='word_1_128' title='bbox 2280 2528 2358 2594; x_wconf 90' lang='grc' dir='ltr'><strong><em>τὸ</em></strong></span> <span class='ocrx_word' id='word_1_129' title='bbox 2401 2532 2518 2614; x_wconf 84' lang='grc' dir='ltr'><strong><em>τῆς</em></strong></span> <span class='ocrx_word' id='word_1_130' title='bbox 2559 2523 2708 2614; x_wconf 81' lang='grc' dir='ltr'><strong><em>ἡλι-</em></strong></span> 
     </span>
     <span class='ocr_line' id='line_1_20' title="bbox 375 2625 2705 2714; baseline -0.001 -18"><span class='ocrx_word' id='word_1_131' title='bbox 375 2637 521 2707; x_wconf 86' lang='grc' dir='ltr'><strong><em>κίας</em></strong></span> <span class='ocrx_word' id='word_1_132' title='bbox 565 2640 865 2696; x_wconf 78' lang='grc' dir='ltr'><strong><em>ποιεῖται</em></strong></span> <span class='ocrx_word' id='word_1_133' title='bbox 909 2625 1187 2708; x_wconf 79' lang='grc' dir='ltr'><strong><em>ἁπαλὸν,</em></strong></span> <span class='ocrx_word' id='word_1_134' title='bbox 1234 2628 1318 2694; x_wconf 83' lang='grc' dir='ltr'><strong><em>τὰ</em></strong></span> <span class='ocrx_word' id='word_1_135' title='bbox 1362 2627 1740 2713; x_wconf 79' lang='grc' dir='ltr'><strong><em>ὑπάρχοντα</em></strong></span> <span class='ocrx_word' id='word_1_136' title='bbox 1785 2632 1857 2695; x_wconf 79' lang='grc' dir='ltr'><strong><em>δὲ</em></strong></span> <span class='ocrx_word' id='word_1_137' title='bbox 1900 2641 2048 2707; x_wconf 82' lang='grc' dir='ltr'><strong><em>ταῖς</em></strong></span> <span class='ocrx_word' id='word_1_138' title='bbox 2093 2629 2395 2708; x_wconf 79' lang='grc' dir='ltr'><strong><em>δεούσαις</em></strong></span> <span class='ocrx_word' id='word_1_139' title='bbox 2434 2634 2705 2714; x_wconf 82' lang='grc' dir='ltr'><strong><em>φροντί-</em></strong></span> 
     </span>
     <span class='ocr_line' id='line_1_21' title="bbox 378 2725 2704 2817; baseline -0.002 -20"><span class='ocrx_word' id='word_1_140' title='bbox 378 2754 484 2797; x_wconf 88' lang='grc' dir='ltr'><strong><em>σιν</em></strong></span> <span class='ocrx_word' id='word_1_141' title='bbox 530 2725 782 2816; x_wconf 81' lang='grc' dir='ltr'><strong><em>άβλαβῆ</em></strong></span> <span class='ocrx_word' id='word_1_142' title='bbox 817 2739 1135 2815; x_wconf 86' lang='grc' dir='ltr'><strong><em>συντηρεῒ,</em></strong></span> <span class='ocrx_word' id='word_1_143' title='bbox 1182 2733 1275 2815; x_wconf 78' lang='grc' dir='ltr'><strong><em>τῷ</em></strong></span> <span class='ocrx_word' id='word_1_144' title='bbox 1306 2732 1521 2808; x_wconf 81' lang='grc' dir='ltr'><strong><em>καλῶς</em></strong></span> <span class='ocrx_word' id='word_1_145' title='bbox 1552 2731 1938 2817; x_wconf 82' lang='grc' dir='ltr'><strong><em>διακειμένῳ</em></strong></span> <span class='ocrx_word' id='word_1_146' title='bbox 1968 2734 2085 2817; x_wconf 74' lang='grc' dir='ltr'><strong><em>τῆς</em></strong></span> <span class='ocrx_word' id='word_1_147' title='bbox 2116 2736 2520 2814; x_wconf 74' lang='grc' dir='ltr'><strong><em>νομοθεσίας</em></strong></span> <span class='ocrx_word' id='word_1_148' title='bbox 2551 2753 2704 2795; x_wconf 90' lang='grc' dir='ltr'><strong><em>συν-</em></strong></span> 
     </span>
     <span class='ocr_line' id='line_1_22' title="bbox 379 2821 2703 2916; baseline -0.002 -18"><span class='ocrx_word' id='word_1_149' title='bbox 379 2832 636 2913; x_wconf 85' lang='grc' dir='ltr'><strong><em>είδομεν</em></strong></span> <span class='ocrx_word' id='word_1_150' title='bbox 681 2828 716 2894; x_wconf 81' lang='grc' dir='ltr'>ὃ</span> <span class='ocrx_word' id='word_1_151' title='bbox 762 2832 978 2896; x_wconf 84' lang='grc' dir='ltr'><strong><em>λείπει</em></strong></span> <span class='ocrx_word' id='word_1_152' title='bbox 1020 2825 1174 2916; x_wconf 75' lang='grc' dir='ltr'><strong><em>παρ’</em></strong></span> <span class='ocrx_word' id='word_1_153' title='bbox 1225 2829 1474 2896; x_wconf 80' lang='grc' dir='ltr'><strong><em>ἑαυτῶν</em></strong></span> <span class='ocrx_word' id='word_1_154' title='bbox 1519 2834 1944 2915; x_wconf 85' lang='grc' dir='ltr'><strong><em>προσθεῖναι.</em></strong></span> <span class='ocrx_word' id='word_1_155' title='bbox 2004 2838 2073 2897; x_wconf 90' lang='grc' dir='ltr'><strong><em>τί</em></strong></span> <span class='ocrx_word' id='word_1_156' title='bbox 2117 2821 2229 2896; x_wconf 73' lang='grc' dir='ltr'><strong><em>οὖν</em></strong></span> <span class='ocrx_word' id='word_1_157' title='bbox 2274 2830 2349 2896; x_wconf 89' lang='grc' dir='ltr'><strong><em>τὸ</em></strong></span> <span class='ocrx_word' id='word_1_158' title='bbox 2397 2830 2703 2897; x_wconf 79' lang='grc' dir='ltr'><strong><em>ἐλλεῖπον</em></strong></span> 
     </span>
     <span class='ocr_line' id='line_1_23' title="bbox 376 2921 2706 3017; baseline -0 -21"><span class='ocrx_word' id='word_1_159' title='bbox 376 2921 493 3017; x_wconf 69' lang='grc' dir='ltr'><strong><em>ἧνς</em></strong></span> <span class='ocrx_word' id='word_1_160' title='bbox 537 2932 615 2996; x_wconf 87' lang='grc' dir='ltr'><strong><em>τὸ</em></strong></span> <span class='ocrx_word' id='word_1_161' title='bbox 656 2929 1026 3016; x_wconf 88' lang='grc' dir='ltr'><strong><em>βούλεσθαι</em></strong></span> <span class='ocrx_word' id='word_1_162' title='bbox 1067 2929 1254 3016; x_wconf 83' lang='grc' dir='ltr'><strong><em>παρὰ</em></strong></span> <span class='ocrx_word' id='word_1_163' title='bbox 1295 2929 1504 3014; x_wconf 86' lang='grc' dir='ltr'><strong><em>μόνου</em></strong></span> <span class='ocrx_word' id='word_1_164' title='bbox 1545 2933 1873 3014; x_wconf 82' lang='grc' dir='ltr'><strong><em>βασιλέως</em></strong></span> <span class='ocrx_word' id='word_1_165' title='bbox 1901 2931 2275 3010; x_wconf 81' lang='grc' dir='ltr'><strong><em>κελεύοντος</em></strong></span> <span class='ocrx_word' id='word_1_166' title='bbox 2306 2930 2706 3010; x_wconf 79' lang='grc' dir='ltr'><strong><em>ἐξίστασθαι</em></strong></span> 
     </span>
     <span class='ocr_line' id='line_1_24' title="bbox 377 3030 2703 3123; baseline -0 -25"><span class='ocrx_word' id='word_1_167' title='bbox 377 3030 532 3123; x_wconf 86' lang='grc' dir='ltr'><strong><em>τοὺς</em></strong></span> <span class='ocrx_word' id='word_1_168' title='bbox 573 3031 990 3118; x_wconf 85' lang='grc' dir='ltr'><strong><em>κουράτωρας</em></strong></span> <span class='ocrx_word' id='word_1_169' title='bbox 1031 3035 1148 3118; x_wconf 87' lang='grc' dir='ltr'><strong><em>τῆς</em></strong></span> <span class='ocrx_word' id='word_1_170' title='bbox 1180 3035 1312 3097; x_wconf 84' lang='grc' dir='ltr'><strong><em>τῶν</em></strong></span> <span class='ocrx_word' id='word_1_171' title='bbox 1343 3030 1747 3116; x_wconf 80' lang='grc' dir='ltr'><strong><em>πραγμάτιον</em></strong></span> <span class='ocrx_word' id='word_1_172' title='bbox 1779 3033 2179 3118; x_wconf 82' lang='grc' dir='ltr'><strong><em>διοικήσεως,</em></strong></span> <span class='ocrx_word' id='word_1_173' title='bbox 2229 3032 2703 3117; x_wconf 78' lang='grc' dir='ltr'><strong><em>ἐγχειρίζεσθαι</em></strong></span> 
     </span>
     <span class='ocr_line' id='line_1_25' title="bbox 379 3127 2705 3219; baseline -0.001 -21"><span class='ocrx_word' id='word_1_174' title='bbox 379 3133 451 3200; x_wconf 79' lang='grc' dir='ltr'><strong><em>δὲ</em></strong></span> <span class='ocrx_word' id='word_1_175' title='bbox 508 3132 662 3211; x_wconf 79' lang='grc' dir='ltr'><strong><em>τοὺς</em></strong></span> <span class='ocrx_word' id='word_1_176' title='bbox 714 3134 969 3211; x_wconf 81' lang='grc' dir='ltr'><strong><em>παῖδας</em></strong></span> <span class='ocrx_word' id='word_1_177' title='bbox 1023 3128 1224 3218; x_wconf 76' lang='grc' dir='ltr'><strong><em>αὐτὴν</em></strong></span> <span class='ocrx_word' id='word_1_178' title='bbox 1282 3127 1747 3218; x_wconf 81' lang='grc' dir='ltr'><strong><em>ἀπολαβόντας</em></strong></span> <span class='ocrx_word' id='word_1_179' title='bbox 1788 3137 1905 3219; x_wconf 84' lang='grc' dir='ltr'><strong><em>τῆς</em></strong></span> <span class='ocrx_word' id='word_1_180' title='bbox 1946 3129 2200 3219; x_wconf 84' lang='grc' dir='ltr'><strong><em>ἡλικίας</em></strong></span> <span class='ocrx_word' id='word_1_181' title='bbox 2241 3131 2319 3197; x_wconf 81' lang='grc' dir='ltr'><strong><em>τό</em></strong></span> <span class='ocrx_word' id='word_1_182' title='bbox 2362 3138 2618 3216; x_wconf 78' lang='grc' dir='ltr'><strong><em>μέτρον,</em></strong></span> <span class='ocrx_word' id='word_1_183' title='bbox 2668 3129 2705 3196; x_wconf 80' lang='grc' dir='ltr'>ὃ</span> 
     </span>
     <span class='ocr_line' id='line_1_26' title="bbox 373 3231 2708 3320; baseline -0.002 -20"><span class='ocrx_word' id='word_1_184' title='bbox 373 3237 518 3314; x_wconf 81' lang='grc' dir='ltr'><strong><em>τοῖς</em></strong></span> <span class='ocrx_word' id='word_1_185' title='bbox 558 3236 678 3318; x_wconf 78' lang='grc' dir='ltr'><strong><em>μὲν</em></strong></span> <span class='ocrx_word' id='word_1_186' title='bbox 724 3233 990 3320; x_wconf 79' lang='grc' dir='ltr'><strong><em>ἄῤῥεσιν</em></strong></span> <span class='ocrx_word' id='word_1_187' title='bbox 1039 3231 1073 3298; x_wconf 87' lang='grc' dir='ltr'><em>ὃ</em></span> <span class='ocrx_word' id='word_1_188' title='bbox 1121 3232 1414 3311; x_wconf 86' lang='grc' dir='ltr'><strong><em>εἰκοστὸς</em></strong></span> <span class='ocrx_word' id='word_1_189' title='bbox 1459 3231 1782 3318; x_wconf 84' lang='grc' dir='ltr'><strong><em>ἀπονέμει</em></strong></span> <span class='ocrx_word' id='word_1_190' title='bbox 1819 3232 2053 3317; x_wconf 88' lang='grc' dir='ltr'><strong><em>χρόνος</em></strong></span> <span class='ocrx_word' id='word_1_191' title='bbox 2097 3243 2246 3310; x_wconf 84' lang='grc' dir='ltr'><strong><em>ταῖς</em></strong></span> <span class='ocrx_word' id='word_1_192' title='bbox 2291 3232 2363 3296; x_wconf 80' lang='grc' dir='ltr'><strong><em>δὲ</em></strong></span> <span class='ocrx_word' id='word_1_193' title='bbox 2399 3232 2708 3316; x_wconf 73' lang='grc' dir='ltr'><strong><em>θηλείαις</em></strong></span> 
     </span>
     <span class='ocr_line' id='line_1_27' title="bbox 376 3329 2708 3422; baseline -0.001 -22"><span class='ocrx_word' id='word_1_194' title='bbox 376 3331 413 3400; x_wconf 83' lang='grc' dir='ltr'><em>ὅ</em></span> <span class='ocrx_word' id='word_1_195' title='bbox 460 3333 692 3422; x_wconf 81' lang='grc' dir='ltr'><strong><em>ὄγδοος</em></strong></span> <span class='ocrx_word' id='word_1_196' title='bbox 733 3338 843 3401; x_wconf 83' lang='grc' dir='ltr'><strong><em>καὶ</em></strong></span> <span class='ocrx_word' id='word_1_197' title='bbox 889 3336 1175 3411; x_wconf 86' lang='grc' dir='ltr'><strong><em>δέκατος,</em></strong></span> <span class='ocrx_word' id='word_1_198' title='bbox 1223 3336 1416 3414; x_wconf 74' lang='grc' dir='ltr'><strong><em>[καὶ]’</em></strong></span> <span class='ocrx_word' id='word_1_199' title='bbox 1461 3329 1551 3412; x_wconf 79' lang='grc' dir='ltr'><strong><em>ὥς</em></strong></span> <span class='ocrx_word' id='word_1_200' title='bbox 1595 3335 1688 3412; x_wconf 79' lang='grc' dir='ltr'><strong><em>εἰς</em></strong></span> <span class='ocrx_word' id='word_1_201' title='bbox 1732 3330 1908 3418; x_wconf 79' lang='grc' dir='ltr'><strong><em>ὥραν</em></strong></span> <span class='ocrx_word' id='word_1_202' title='bbox 1954 3330 2277 3409; x_wconf 78' lang='grc' dir='ltr'><strong><em>ἐλθόντας</em></strong></span> <span class='ocrx_word' id='word_1_203' title='bbox 2322 3330 2708 3418; x_wconf 85' lang='grc' dir='ltr'><strong><em>φρονήσεως</em></strong></span> 
     </span>
     <span class='ocr_line' id='line_1_28' title="bbox 374 3430 2706 3518; baseline -0.003 -14"><span class='ocrx_word' id='word_1_204' title='bbox 374 3440 482 3504; x_wconf 85' lang='grc' dir='ltr'><strong><em>καὶ</em></strong></span> <span class='ocrx_word' id='word_1_205' title='bbox 527 3440 644 3501; x_wconf 85' lang='grc' dir='ltr'><strong><em>τοῦ</em></strong></span> <span class='ocrx_word' id='word_1_206' title='bbox 689 3436 775 3502; x_wconf 83' lang='grc' dir='ltr'><strong><em>τὰ</em></strong></span> <span class='ocrx_word' id='word_1_207' title='bbox 818 3435 1030 3500; x_wconf 79' lang='grc' dir='ltr'><strong><em>οἰκεῖα</em></strong></span> <span class='ocrx_word' id='word_1_208' title='bbox 1074 3433 1406 3500; x_wconf 84' lang='grc' dir='ltr'><strong><em>δύνασθαι</em></strong></span> <span class='ocrx_word' id='word_1_209' title='bbox 1448 3435 1664 3512; x_wconf 81' lang='grc' dir='ltr'><strong><em>καλῶς</em></strong></span> <span class='ocrx_word' id='word_1_210' title='bbox 1697 3436 1806 3499; x_wconf 88' lang='grc' dir='ltr'><strong><em>καὶ</em></strong></span> <span class='ocrx_word' id='word_1_211' title='bbox 1839 3430 2305 3518; x_wconf 85' lang='grc' dir='ltr'><strong><em>συμφερόντως</em></strong></span> <span class='ocrx_word' id='word_1_212' title='bbox 2335 3431 2706 3515; x_wconf 79' lang='grc' dir='ltr'><strong><em>οἰκονομεῖν</em></strong></span> 
     </span>
     <span class='ocr_line' id='line_1_29' title="bbox 378 3526 2709 3621; baseline -0.002 -18"><span class='ocrx_word' id='word_1_213' title='bbox 378 3536 490 3603; x_wconf 77' lang='grc' dir='ltr'><strong><em>ἐπὶ</em></strong></span> <span class='ocrx_word' id='word_1_214' title='bbox 536 3539 651 3621; x_wconf 84' lang='grc' dir='ltr'><strong><em>τῆς</em></strong></span> <span class='ocrx_word' id='word_1_215' title='bbox 696 3526 1089 3614; x_wconf 79' lang='grc' dir='ltr'><strong><em>δεσποτείας</em></strong></span> <span class='ocrx_word' id='word_1_216' title='bbox 1130 3541 1612 3601; x_wconf 86' lang='grc' dir='ltr'><strong><em>καθίστασθαι.</em></strong></span> <span class='ocrx_word' id='word_1_217' title='bbox 1703 3528 1856 3598; x_wconf 78' lang='grc' dir='ltr'><strong><em>ἀλλ’·</em></strong></span> <span class='ocrx_word' id='word_1_218' title='bbox 1891 3533 2036 3598; x_wconf 80' lang='grc' dir='ltr'><strong><em>ἐπεὶ</em></strong></span> <span class='ocrx_word' id='word_1_219' title='bbox 2083 3526 2199 3615; x_wconf 73' lang='grc' dir='ltr'><strong><em>οὐχ</em></strong></span> <span class='ocrx_word' id='word_1_220' title='bbox 2245 3528 2489 3617; x_wconf 81' lang='grc' dir='ltr'><strong><em>ὁμοίως</em></strong></span> <span class='ocrx_word' id='word_1_221' title='bbox 2533 3536 2709 3599; x_wconf 82' lang='grc' dir='ltr'><strong><em>πᾶσι</em></strong></span> 
     </span>
     <span class='ocr_line' id='line_1_30' title="bbox 376 3629 2706 3723; baseline -0.001 -21"><span class='ocrx_word' id='word_1_222' title='bbox 376 3636 455 3702; x_wconf 87' lang='grc' dir='ltr'><strong><em>τὸ</em></strong></span> <span class='ocrx_word' id='word_1_223' title='bbox 500 3638 767 3723; x_wconf 80' lang='grc' dir='ltr'><strong><em>φρονεῖν</em></strong></span> <span class='ocrx_word' id='word_1_224' title='bbox 812 3642 1263 3722; x_wconf 76' lang='grc' dir='ltr'><strong><em>παραγίνεται,</em></strong></span> <span class='ocrx_word' id='word_1_225' title='bbox 1312 3635 1481 3702; x_wconf 66' lang='grc' dir='ltr'><strong><em>ἔδειει</em></strong></span> <span class='ocrx_word' id='word_1_226' title='bbox 1521 3634 1609 3722; x_wconf 83' lang='grc' dir='ltr'><strong><em>μὴ</em></strong></span> <span class='ocrx_word' id='word_1_227' title='bbox 1658 3630 1889 3712; x_wconf 78' lang='grc' dir='ltr'><strong><em>ἁπλῶς</em></strong></span> <span class='ocrx_word' id='word_1_228' title='bbox 1920 3629 2093 3700; x_wconf 70' lang='grc' dir='ltr'><strong><em>οὕτω</em></strong></span> <span class='ocrx_word' id='word_1_229' title='bbox 2124 3635 2491 3714; x_wconf 84' lang='grc' dir='ltr'><strong><em>θεσπίζειν,</em></strong></span> <span class='ocrx_word' id='word_1_230' title='bbox 2538 3635 2706 3718; x_wconf 81' lang='grc' dir='ltr'><strong><em>μηδὲ</em></strong></span> 
     </span>
    </p>
   </div>
   <div class='ocr_carea' id='block_1_7' title="bbox 373 3834 2772 4408">
    <p class='ocr_par' dir='ltr' id='par_1_11' title="bbox 377 3834 2707 3986">
     <span class='ocr_line' id='line_1_31' title="bbox 511 3834 2707 3907; baseline 0 -19"><span class='ocrx_word' id='word_1_231' title='bbox 511 3837 545 3865; x_wconf 79' lang='lat'><strong><em>¹⁸</em></strong></span> <span class='ocrx_word' id='word_1_232' title='bbox 582 3838 680 3888; x_wconf 80' lang='lat' dir='ltr'>Ecl.</span> <span class='ocrx_word' id='word_1_233' title='bbox 714 3834 834 3904; x_wconf 74' lang='grc' dir='ltr'><strong><em>μέν.</em></strong></span> <span class='ocrx_word' id='word_1_234' title='bbox 909 3839 1073 3904; x_wconf 72' lang='lat' dir='ltr'><strong>Steph.</strong></span> <span class='ocrx_word' id='word_1_235' title='bbox 1111 3834 1307 3905; x_wconf 77' lang='grc' dir='ltr'><strong><em>τούτῳ,</em></strong></span> <span class='ocrx_word' id='word_1_236' title='bbox 1347 3840 1476 3904; x_wconf 70' lang='lat' dir='ltr'><strong>Agyl.</strong></span> <span class='ocrx_word' id='word_1_237' title='bbox 1513 3839 1592 3904; x_wconf 72' lang='grc' dir='ltr'><strong><em>τῷ</em></strong></span> <span class='ocrx_word' id='word_1_238' title='bbox 1627 3834 1920 3907; x_wconf 73' lang='grc' dir='ltr'><strong><em>ὑποχειρίῳ</em></strong></span> <span class='ocrx_word' id='word_1_239' title='bbox 1956 3840 2208 3901; x_wconf 72' lang='lat' dir='ltr'><strong>legendum</strong></span> <span class='ocrx_word' id='word_1_240' title='bbox 2247 3841 2447 3902; x_wconf 77' lang='lat' dir='ltr'>censuit,</span> <span class='ocrx_word' id='word_1_241' title='bbox 2483 3854 2582 3903; x_wconf 85' lang='lat' dir='ltr'><strong><em>quo</em></strong></span> <span class='ocrx_word' id='word_1_242' title='bbox 2617 3840 2707 3888; x_wconf 89' lang='lat' dir='ltr'><strong><em>mi-</em></strong></span> 
     </span>
     <span class='ocr_line' id='line_1_32' title="bbox 377 3926 790 3986; baseline -0.005 -13"><span class='ocrx_word' id='word_1_243' title='bbox 377 3926 505 3975; x_wconf 81' lang='lat' dir='ltr'>nime</span> <span class='ocrx_word' id='word_1_244' title='bbox 541 3937 663 3986; x_wconf 76' lang='lat' dir='ltr'>opus</span> <span class='ocrx_word' id='word_1_245' title='bbox 700 3930 790 3979; x_wconf 55' lang='lat' dir='ltr'><strong><em>est.</em></strong></span> 
     </span>
    </p>

    <p class='ocr_par' dir='ltr' id='par_1_12' title="bbox 373 3992 2772 4408">
     <span class='ocr_line' id='line_1_33' title="bbox 513 3992 2772 4074; baseline -0.001 -18"><span class='ocrx_word' id='word_1_246' title='bbox 513 4004 528 4032; x_wconf 86' lang='lat'>⁸</span> <span class='ocrx_word' id='word_1_247' title='bbox 566 4007 731 4056; x_wconf 85' lang='lat' dir='ltr'>Zuich.</span> <span class='ocrx_word' id='word_1_248' title='bbox 768 4013 817 4055; x_wconf 81' lang='lat' dir='ltr'><strong><em>et</em></strong></span> <span class='ocrx_word' id='word_1_249' title='bbox 851 4007 1040 4057; x_wconf 77' lang='lat' dir='ltr'>Meerrn.</span> <span class='ocrx_word' id='word_1_250' title='bbox 1079 4014 1272 4057; x_wconf 79' lang='lat' dir='ltr'>notant:</span> <span class='ocrx_word' id='word_1_251' title='bbox 1314 3999 1447 4068; x_wconf 72' lang='grc' dir='ltr'><strong><em>αὕτη</em></strong></span> <span class='ocrx_word' id='word_1_252' title='bbox 1487 4001 1851 4074; x_wconf 77' lang='grc' dir='ltr'><strong><em>διωρθώσατο</em></strong></span> <span class='ocrx_word' id='word_1_253' title='bbox 1889 4001 2029 4056; x_wconf 82' lang='grc' dir='ltr'><strong><em>διάτ.</em></strong></span> <span class='ocrx_word' id='word_1_254' title='bbox 2069 4000 2120 4071; x_wconf 77' lang='grc' dir='ltr'><strong><em>β’</em></strong></span> <span class='ocrx_word' id='word_1_255' title='bbox 2159 4006 2254 4055; x_wconf 81' lang='grc' dir='ltr'><strong><em>τοῦ</em></strong></span> <span class='ocrx_word' id='word_1_256' title='bbox 2287 3999 2386 4073; x_wconf 55' lang='grc' dir='ltr'><strong><em>μεθ’</em></strong></span> <span class='ocrx_word' id='word_1_257' title='bbox 2421 4002 2488 4055; x_wconf 86' lang='grc' dir='ltr'><strong><em>τί.</em></strong></span> <span class='ocrx_word' id='word_1_258' title='bbox 2531 4005 2628 4054; x_wconf 84' lang='grc' dir='ltr'><strong><em>τοῦ</em></strong></span> <span class='ocrx_word' id='word_1_259' title='bbox 2654 4001 2706 4068; x_wconf 76' lang='grc' dir='ltr'><strong><em>β’</em></strong></span> <span class='ocrx_word' id='word_1_260' title='bbox 2765 3992 2772 3998; x_wconf 66' lang='grc'><strong>’</strong></span> 
     </span>
     <span class='ocr_line' id='line_1_34' title="bbox 376 4081 2709 4157; baseline -0.001 -18"><span class='ocrx_word' id='word_1_261' title='bbox 376 4093 451 4156; x_wconf 68' lang='lat' dir='ltr'><strong><em>pt.</em></strong></span> <span class='ocrx_word' id='word_1_262' title='bbox 494 4088 591 4138; x_wconf 83' lang='grc' dir='ltr'><strong><em>τοῦ</em></strong></span> <span class='ocrx_word' id='word_1_263' title='bbox 624 4081 777 4145; x_wconf 68' lang='lat' dir='ltr'><strong><em>naid„</em></strong></span> <span class='ocrx_word' id='word_1_264' title='bbox 831 4090 944 4139; x_wconf 76' lang='grc' dir='ltr'><strong><em>τῶν</em></strong></span> <span class='ocrx_word' id='word_1_265' title='bbox 973 4086 1151 4155; x_wconf 78' lang='grc' dir='ltr'><strong><em>βασιλ.</em></strong></span> <span class='ocrx_word' id='word_1_266' title='bbox 1191 4093 1265 4154; x_wconf 83' lang='grc' dir='ltr'><strong><em>βι.</em></strong></span> <span class='ocrx_word' id='word_1_267' title='bbox 1308 4085 1343 4140; x_wconf 83' lang='grc' dir='ltr'><strong><em>ι’</em></strong></span> <span class='ocrx_word' id='word_1_268' title='bbox 1378 4092 1448 4140; x_wconf 77' lang='grc' dir='ltr'><strong><em>τί.</em></strong></span> <span class='ocrx_word' id='word_1_269' title='bbox 1487 4089 1580 4148; x_wconf 78' lang='grc' dir='ltr'><strong><em>κζ’.</em></strong></span> <span class='ocrx_word' id='word_1_270' title='bbox 1640 4084 2006 4157; x_wconf 76' lang='grc' dir='ltr'><strong><em>διωρθώσατο</em></strong></span> <span class='ocrx_word' id='word_1_271' title='bbox 2043 4087 2102 4141; x_wconf 80' lang='grc' dir='ltr'><strong><em>δὲ</em></strong></span> <span class='ocrx_word' id='word_1_272' title='bbox 2136 4085 2275 4140; x_wconf 75' lang='grc' dir='ltr'><strong><em>κατὰ</em></strong></span> <span class='ocrx_word' id='word_1_273' title='bbox 2307 4084 2486 4157; x_wconf 83' lang='grc' dir='ltr'><strong><em>μόνον</em></strong></span> <span class='ocrx_word' id='word_1_274' title='bbox 2519 4084 2581 4138; x_wconf 83' lang='grc' dir='ltr'><strong><em>τὸ</em></strong></span> <span class='ocrx_word' id='word_1_275' title='bbox 2616 4084 2709 4138; x_wconf 80' lang='grc' dir='ltr'><strong><em>καὶ</em></strong></span> 
     </span>
     <span class='ocr_line' id='line_1_35' title="bbox 377 4167 2710 4242; baseline -0 -19"><span class='ocrx_word' id='word_1_276' title='bbox 377 4168 467 4223; x_wconf 70' lang='grc' dir='ltr'><strong><em>ἰπὶ</em></strong></span> <span class='ocrx_word' id='word_1_277' title='bbox 512 4173 624 4223; x_wconf 74' lang='grc' dir='ltr'><strong><em>τῶν</em></strong></span> <span class='ocrx_word' id='word_1_278' title='bbox 670 4167 1111 4240; x_wconf 77' lang='grc' dir='ltr'><strong><em>ἇρχιεπισκόπων</em></strong></span> <span class='ocrx_word' id='word_1_279' title='bbox 1166 4167 1445 4224; x_wconf 74' lang='grc' dir='ltr'><strong><em>αἰτεῖσθαι</em></strong></span> <span class='ocrx_word' id='word_1_280' title='bbox 1491 4170 1593 4234; x_wconf 77' lang='grc' dir='ltr'><strong><em>τὴν</em></strong></span> <span class='ocrx_word' id='word_1_281' title='bbox 1635 4175 1734 4235; x_wconf 74' lang='grc' dir='ltr'><strong><em>τῆς</em></strong></span> <span class='ocrx_word' id='word_1_282' title='bbox 1767 4168 1971 4234; x_wconf 74' lang='grc' dir='ltr'><strong><em>ἡλικίας</em></strong></span> <span class='ocrx_word' id='word_1_283' title='bbox 2005 4168 2352 4242; x_wconf 70' lang='grc' dir='ltr'><strong><em>συγγνώμην.</em></strong></span> <span class='ocrx_word' id='word_1_284' title='bbox 2526 4170 2546 4198; x_wconf 71' lang='lat'>‘</span> <span class='ocrx_word' id='word_1_285' title='bbox 2582 4173 2710 4222; x_wconf 85' lang='lat' dir='ltr'>Cou-</span> 
     </span>
     <span class='ocr_line' id='line_1_36' title="bbox 373 4251 2709 4326; baseline -0.001 -17"><span class='ocrx_word' id='word_1_286' title='bbox 373 4260 560 4324; x_wconf 79' lang='lat' dir='ltr'>junctio</span> <span class='ocrx_word' id='word_1_287' title='bbox 609 4261 804 4310; x_wconf 84' lang='lat' dir='ltr'>omnino</span> <span class='ocrx_word' id='word_1_288' title='bbox 850 4260 1034 4309; x_wconf 78' lang='lat' dir='ltr'>videtur</span> <span class='ocrx_word' id='word_1_289' title='bbox 1080 4272 1191 4307; x_wconf 74' lang='lat' dir='ltr'><strong><em>esso</em></strong></span> <span class='ocrx_word' id='word_1_290' title='bbox 1237 4259 1536 4324; x_wconf 76' lang='lat' dir='ltr'><strong>supplenda:</strong></span> <span class='ocrx_word' id='word_1_291' title='bbox 1584 4285 1647 4295; x_wconf 95' lang='lat'>—</span> <span class='ocrx_word' id='word_1_292' title='bbox 1680 4251 2082 4326; x_wconf 77' lang='grc' dir='ltr'><strong><em>ἐγχειρίζεσθαι</em></strong></span> <span class='ocrx_word' id='word_1_293' title='bbox 2113 4285 2176 4298; x_wconf 92' lang='grc'><strong>-</strong></span> <span class='ocrx_word' id='word_1_294' title='bbox 2213 4253 2306 4308; x_wconf 75' lang='grc' dir='ltr'><strong><em>καὶ</em></strong></span> <span class='ocrx_word' id='word_1_295' title='bbox 2339 4285 2408 4295; x_wconf 90' lang='grc'><strong>-</strong></span> <span class='ocrx_word' id='word_1_296' title='bbox 2439 4251 2709 4306; x_wconf 74' lang='grc' dir='ltr'><strong><em>καθίστα-</em></strong></span> 
     </span>
     <span class='ocr_line' id='line_1_37' title="bbox 379 4334 1613 4408; baseline 0.001 -16"><span class='ocrx_word' id='word_1_297' title='bbox 379 4344 531 4393; x_wconf 85' lang='grc' dir='ltr'><strong><em>σθαι.</em></strong></span> <span class='ocrx_word' id='word_1_298' title='bbox 672 4341 691 4369; x_wconf 78' lang='lat'>⁸</span> <span class='ocrx_word' id='word_1_299' title='bbox 727 4343 877 4393; x_wconf 82' lang='lat' dir='ltr'><strong>Codd.</strong></span> <span class='ocrx_word' id='word_1_300' title='bbox 913 4334 1060 4393; x_wconf 79' lang='grc' dir='ltr'><strong><em>εἴδει.</em></strong></span> <span class='ocrx_word' id='word_1_301' title='bbox 1137 4341 1411 4393; x_wconf 79' lang='lat' dir='ltr'>Emendavit</span> <span class='ocrx_word' id='word_1_302' title='bbox 1447 4344 1613 4408; x_wconf 75' lang='lat' dir='ltr'><strong>Steph.</strong></span> 
     </span>
    </p>
   </div>
  </div>
 </body>
</html>
