2900 4950
1243 250 1362 312 Imp.
1400 249 1590 298 beonia.
2460 237 2482 296 1
2499 235 2577 297 55

239 394 358 481 τὴν
411 396 578 461 κατὰ
629 398 767 462 τοῦ·
802 401 1029 481 γένους
1081 393 1389 481 τοιαύτην
1449 394 1810 482 ἐπιβουλὴν
1857 395 2307 480 λογιζόμενοι,
2363 395 2448 462 τὰ
2492 391 2574 462 δι’

242 484 333 561 ὧν
375 500 625 581 γένεσις
670 491 1038 582 ἀνθρώπου
1096 496 1266 580 πρὸς
1312 498 1458 581 φῶς
1502 496 1758 581 ἔρχεται
1801 490 2267 581 ἀποκείροντες
2311 491 2579 579 ἀνθρώ-

240 598 464 676 πους’,
512 598 733 682 ἕτερον
779 594 964 664 αὐτοὶ
1011 596 1290 679 πλάσμα
1332 601 1437 663 καί
1488 591 1605 680 οὐχ
1648 591 1792 663 οἷον
1837 592 2015 665 οἶδεν
2058 591 2247 684 ἢτοῦ
2279 595 2580 662 πλάστου

242 704 453 783 σοφία
507 701 601 784 τῷ
656 698 883 786 κόσμῳ
941 697 1367 783 παρεισάγειν
1426 699 1897 785 φιλονεικοῦσι.
1985 701 2182 764 τοῦτο
2230 686 2345 763 οῦν
2388 692 2580 784 ἡμεῖς

243 793 359 864 οῦκ
415 793 718 866 ἀνεκτὸν3
772 795 1119 887 ἡγούμεθα
1173 799 1516 884 παριδεῖν,
1576 793 1745 865 ἀλλὰ
1788 799 1969 886 νόμῳ
2010 798 2128 886 τὴν
2173 801 2328 884 περὶ
2377 792 2579 863 αὐτοῦ

240 898 480 985 ποινὴν
525 897 853 986 ὁρίζοντες
894 900 1289 984 πειρώμεθα
1333 900 1451 968 σὺν
1493 904 1638 986 θεῷ
1682 904 1799 987 τῆς
1825 900 2070 987 τόλμης
2098 900 2395 983 ἐπισχεῖν
2425 897 2580 978 τοὺς

239 996 416 1066 οὕτω
459 1000 548 1087 μὴ
605 1002 1190 1087 διευλαβουμένους
1245 1004 1338 1088 τῷ
1383 1008 1556 1088 θείῳ
1601 1002 2043 1085 λυμαίνεσθαι
2084 1001 2447 1085 πλάσματι.
2533 995 2576 1085 ἦ

237 1102 360 1184 μὲν
405 1092 520 1167 οὖν
561 1106 695 1167 τῶν
739 1103 1210 1189 προλαβόντων
1255 1106 1643 1187 νομοθετῶν
1689 1106 1951 1189 ψῆφος4
1995 1103 2148 1181 τοὺς
2189 1106 2385 1168 τοῦτο
2424 1102 2577 1167 τολ-

238 1204 505 1285 μιῦντας
550 1202 642 1280 εἰς
684 1202 800 1290 τὴν
845 1198 1043 1291 αὗτὴν
1091 1198 1623 1288 ἀντιπεριΐστησι
1667 1203 1882 1290 λώβην
1911 1213 2055 1281 τοῖς
2085 1207 2394 1269 παθοῦσι
2422 1201 2578 1282 τοὺς

239 1302 775 1388 λωβησαμένους,
830 1309 939 1371 καὶ
999 1301 1166 1391 ὅπερ
1224 1299 1452 1383 αὐτοῖς
1510 1303 1928 1391 ἐπιθυμητὸν
1973 1304 2190 1384 ἔδοξεν
2237 1303 2303 1370 ἐν
2349 1301 2577 1382 ἄλλοις

242 1402 428 1484 ἰδεῖν,
476 1408 669 1471 τοῦτο
712 1408 819 1472 καὶ
866 1404 934 1472 ἐν
964 1405 1261 1484 ἑαυτοῖςδ
1292 1401 1454 1491 ὁρᾶν
1485 1404 1987 1490 κατεπράττετο,
2036 1400 2111 1473 οὗ
2143 1407 2292 1472 λίαν
2323 1404 2579 1490 ἕμοιγε“

240 1497 483 1582 ἀδίκως
526 1504 586 1572 εἰ
626 1508 736 1573 καὶ
774 1507 862 1593 μὴ
910 1508 1057 1573 λίαν
1098 1506 1496 1591 πρεπόντως
1539 1502 1869 1592 ὁρίζουσα.
1931 1501 2086 1574 οὐδὲ
2117 1505 2239 1592 γὰρ
2271 1502 2379 1573 ὅτι
2407 1505 2575 1574 ἐκεῖ·

236 1627 352 1683 νος
395 1604 638 1691 ἐτόλμα
680 1602 824 1674 οἷον
866 1602 1495 1695 ἀντιπλαστουργεῑν
1538 1611 1633 1695 τῷ
1673 1609 1849 1695 θεῷ,
1910 1606 2023 1674 διὰ
2065 1610 2261 1675 τοῦτο
2305 1609 2414 1675 καὶ
2457 1606 2573 1674 τὸν

238 1706 615 1774 ἐκδικοῦντα
666 1715 1029 1794 μιμεῖσθαι
1081 1714 1189 1777 καὶ
1248 1707 1878 1795 ἀντιπλαστουργεῒν
1924 1708 2054 1792 ἔχει
2083 1706 2339 1788 καλῶς,
2398 1707 2573 1775 πλίν

237 1803 404 1875 ἀλλὰ
446 1807 619 1896 πρός
658 1835 732 1896 γε
772 1810 887 1897 τὴν
933 1804 1261 1879 ἀπόνοιαν
1306 1806 1382 1880 οὗ
1427 1812 1576 1878 λίαν
1622 1807 1849 1896 ὥσπερ
1897 1810 2060 1896 ἔφην
2104 1808 2380 1877 ἄτοπον.
2457 1809 2575 1876 ἐπὶ

234 1908 446 1996 τούτῳ
493 1910 565 1977 δὲ
607 1916 713 1977 καὶ
759 1910 976 1991 ἄλλως
1020 1912 1404 1999 ἐτιμωρεῖτο
1447 1909 1603 1989 τοὺς
1642 1906 1913 1978 ἀνόσιον
1945 1911 2133 1996 ἔργον
2159 1912 2573 1995 τολμῶντας·

234 2009 319 2076 τά
358 2036 432 2077 τε
470 2010 594 2097 γὰρ
639 2012 980 2097 προσόντα
1024 2013 1396 2101 ἐδημοσίου,
1441 2016 1552 2081 καὶ
1598 2007 1792 2099 ἀϊδίῳ
1826 2015 1996 2100 φυγῇ
2027 2012 2420 2092 κατεδίκαζε,
2465 2013 2574 2078 καὶ
2626 2083 2648 2104 ·

234 2110 350 2178 τὸν
403 2109 791 2181 ὑποστάντα
843 2114 960 2200 τὴν
1019 2110 1278 2182 ἀδικίαν
1334 2115 1574 2182 δοῦλον
1634 2110 1794 2180 ὄντα
1845 2113 2192 2200 ἐλευθερίᾳ
2237 2112 2445 2197 ἐτίμα.
2532 2107 2573 2198 ἦ

233 2214 354 2298 μὲν
409 2204 522 2281 οῦν
581 2218 713 2283 τῶν
770 2215 1245 2302 προλαβόντων
1294 2221 1668 2302 νομοθεσία
1708 2214 2012 2303 τοιαύτη,
2068 2211 2260 2303 ἡμεῖς
2304 2215 2376 2281 δὲ
2417 2215 2573 2299 περὶ

230 2318 351 2382 τοῦ
405 2315 795 2403 πράγματος
850 2321 1081 2405 ψῆφον
1140 2317 1507 2405 ἐξάγοντες,
1566 2316 1645 2383 τὸ
1698 2319 1818 2403 μὲν
1865 2311 2373 2404 ἀντιλωβᾶσθαι
2415 2312 2572 2393 τοὺς

235 2415 630 2504 ἐπιβούλους
672 2423 788 2507 τῆς
832 2419 1094 2508 φύσεως
1135 2407 1586 2508 παραπλησίῳ
1632 2419 1811 2509 λώβῃ
1867 2412 2383 2506 ἀπαγορεύομεν,
2429 2426 2574 2496 τοῖς

234 2514 301 2586 δ’
351 2519 579 2600 ἄλλοις
622 2519 723 2590 ἐπ’
773 2517 950 2610 αὐτῷ
997 2518 1404 2609 ὡρισμένοις,
1453 2522 1512 2591 εἰ
1555 2524 1664 2590 καὶ
1705 2518 2052 2590 κάνταῦθα
2092 2518 2265 2607 πρὸς
2308 2518 2385 2586 τὸ
2418 2520 2573 2606 φιλ-

232 2622 754 2711 ανθρωπότερον
806 2619 846 2711 ἢ
907 2626 1048 2712 δίκη
1108 2620 1264 2712 ὁρᾷ,
1326 2618 1463 2692 ἀλλ’
1526 2614 1640 2692 οὖν
1694 2619 2106 2693 ὑποκεῖσθαι
2163 2616 2401 2699 αὐτοὺς
2457 2613 2572 2687 οὐκ

231 2717 642 2809 ἀπαρέσκειῖ

406 2828 821 2912 Θεσπίζομεν
878 2817 1024 2908 οὖν,
1082 2830 1349 2913 πρῶτον
1404 2829 1525 2911 μὲν
1580 2826 1732 2893 τὸν8
1786 2824 2408 2911 προσκαλεσάμενον
2452 2822 2567 2890 τὸν

232 2925 619 3013 ἐνεργοῦντα
660 2927 775 3013 τὴν
805 2934 1239 3010 κακοτεχνίαν,
1286 2922 1386 3014 ἐφ’
1424 2917 1480 3015 ᾧ
1514 2927 1855 3013 ἐνεργῆσαι
1869 2929 1908 3006 ⁹,
1959 2926 2018 2993 εἰ
2041 2928 2164 3013 μὲν
2181 2930 2223 2962 ¹⁰
2249 2929 2343 3013 τῷ
2372 2952 2571 2993 κατα-

228 3027 407 3114 λόγῳ
451 3031 583 3093 τῶν
622 3029 979 3113 βασιλείων
1024 3023 1407 3113 ἀνθρώπων
1449 3031 1655 3109 τελεῖ,
1724 3026 2171 3095 ἐκκόπτεσθαι
2211 3030 2330 3093 τοῦ
2373 3053 2571 3094 κατα-

228 3128 448 3215 λόγου,
497 3129 731 3195 ἕπειτα
775 3130 847 3196 δὲ
889 3131 995 3196 καὶ
1043 3130 1197 3195 δέκα
1239 3130 1479 3215 λιτρῶν
1518 3133 1790 3215 χρυσίου
1825 3128 1920 3208 εἰς
1947 3128 2026 3195 τὸ
2058 3127 2374 3214 δημόσιον
2408 3123 2569 3195 ἀνα-

232 3236 613 3318 φερομένων
669 3232 901 3318 ζημίαν
956 3227 1222 3314 ὑπέχειν
1264 3233 1373 3297 καὶ
1415 3235 1606 3316 μέχρι
1648 3231 1803 3297 δέκα
1845 3229 2009 3298 ἐτῶν
2054 3222 2409 3315 ὑπερόριον
2453 3229 2572 3315 τῆς

230 3333 556 3419 πατρίδος
610 3339 950 3419 γίνεσθαι,
1007 3331 1123 3400 τὸν
1169 3333 1242 3400 δὲ
1282 3334 1401 3420 τῆς
1442 3338 1857 3416 κακοτεχνίας
1900 3329 2172 3419 ἐργάτην
2215 3332 2328 3397 καὶ
2373 3323 2571 3396 αὐτὸν

229 3438 498 3521 πρῶτον
539 3436 659 3519 μὲν
699 3435 973 3520 μάστιξι
1012 3444 1164 3513 ταῖς
1208 3434 1303 3513 εἰς
1343 3434 1421 3501 τὸ
1468 3438 1661 3519 σῶμα
1702 3438 1811 3502 καὶ
1857 3433 1924 3501 ἐν
1964 3436 2101 3521 χρῷ
2130 3437 2395 3520 κουρείᾳ
2426 3426 2572 3499 ἀτι-

227 3535 593 3621 μάζεσθαι,
656 3537 889 3604 ἔπειτα
945 3536 1016 3603 δὲ
1070 3538 1178 3603 καὶ
1235 3539 1368 3603 τῶν
1423 3534 1631 3605 ὄντων
1690 3531 2223 3623 ἀποστερεῖσθαι
2275 3539 2383 3605 καὶ
2440 3533 2569 3621 ἰ’σῳ

230 3640 460 3724 καιροῦ
503 3643 720 3725 μέτρῳ
776 3641 893 3725 τῆς
936 3637 1316 3727 ἐνεγκούσης
1360 3638 1641 3726 φεύγειν.
1733 3632 1769 3705 ὅ
1816 3638 1889 3705 δὲ
1930 3636 2048 3725 τὴν
2093 3631 2353 3721 ἀδικίαν
2397 3632 2571 3703 ὖπο-

231 3738 422 3821 στὰς,
471 3740 530 3807 εἶ
570 3741 689 3824 μὲν
732 3742 865 3806 τῶν
908 3736 1044 3806 ὖπὸ
1089 3741 1391 3808 δουλείαν
1432 3740 1795 3809 τελούντων
1841 3739 1974 3826 εἴη,
2032 3736 2147 3806 τὸν
2189 3728 2568 3804 ὑπόλοιπον

364 3942 385 3970 ²
432 3945 645 4007 Legeritn
682 3936 1014 4013 ἀνθρώποις.
1191 3943 1210 3972 ³
1246 3945 1396 3996 Codd.
1433 3935 1672 4005 ἦνεκτόν.
1749 3946 1916 4008 steph.
1953 3952 2002 3995 et
2033 3944 2161 4007 Agyl.
2197 3934 2560 4001 ἅναδίκητον.

231 4025 252 4055 ¹
284 4029 539 4079 ¹iustiniani
574 4030 685 4080 Nov.
714 4028 807 4079 142
844 4044 887 4079 c.
911 4030 955 4078 1.
1091 4026 1111 4056 ⁶
1147 4030 1344 4092 Scrimg.
1382 4020 1581 4083 αὐτοῖς.
1722 4026 1746 4057 ⁸
1779 4029 1907 4093 Agyl.
1929 4029 2121 4093 supplet
2154 4023 2349 4076 δοκεῖν.
2403 4028 2563 4078 Recte.

231 4110 249 4137 ⁷
284 4112 423 4163 Basil.
463 4106 525 4162 οὗ
560 4108 704 4162 πάνυ
740 4108 797 4162 τὶ
830 4105 1271 4180 ἀπαρεσκόμεθα.
1415 4112 1436 4141 ⁸
1471 4115 1605 4165 Addo
1644 4129 1700 4165 ex
1734 4113 1877 4164 Basil.
2013 4110 2037 4141 ⁹
2072 4114 2140 4164 lta
2176 4126 2232 4162 ex
2265 4112 2408 4163 Basil.
2457 4113 2566 4163 Vul-

232 4211 322 4260 go:
358 4191 653 4267 ἐνεργήσει.
794 4196 834 4225 ¹⁰
871 4198 996 4258 Quid
1032 4200 1090 4262 εἰ,
1129 4201 1210 4264 qui
1248 4206 1559 4250 castratorem
1594 4200 1867 4263 arcesserit,
1903 4212 2000 4249 non
2033 4199 2100 4249 sit
2135 4214 2191 4249 ex
2221 4198 2433 4261 catalogo
2452 4196 2567 4247 τῶν

228 4278 521 4359 βασιλείων
557 4275 891 4350 ἀνθρώπων,
931 4285 1019 4335 sed
1052 4285 1298 4348 privatus?
1365 4286 1559 4337 Lacuna
1593 4284 1816 4336 nimirum
1851 4286 1930 4337 hic
1966 4291 2040 4335 est
2073 4285 2170 4335 sive
2203 4284 2321 4348 legis
2357 4284 2456 4334 sive
2473 4283 2567 4333 Co-

230 4366 405 4418 dicum.
