2900 4950
1114 255 1232 319 11³2.
1270 255 1418 305 Alexii
1456 255 1637 316 angeli.
2422 245 2543 309 561

207 409 266 469 in
312 428 380 468 ca
426 407 810 470 existentibus
853 405 1292 487 personalibus,
1347 404 1754 466 ecclesiasticis
1797 414 1856 466 et
1900 407 2441 482 monasterialibus,
2488 421 2549 473 et

206 529 341 571 cum
401 509 548 588 ipsis
599 508 1014 588 episliepsibus
1058 506 1503 587 subjacentibus
1545 506 1767 568 intimis
1812 506 2265 587 consanguineis
2312 510 2581 594 huperii·

153 614 160 623 “
209 610 354 683 mci,
411 629 650 690 semper
703 608 1054 671 felicissimis
1098 606 1658 670 sevastocraloribus
1706 607 2019 669 Cesaribus
2062 618 2121 669 ct
2165 609 2390 671 dilectis
2432 612 2548 672 lm-

207 712 354 790 perii
399 711 512 771 mei
559 712 806 784 filiabus,
851 730 921 772 ac
963 709 1459 771 desideratissime
1503 709 1615 788 ipsi
1663 728 1790 769 mec
1837 712 2112 786 Anguste.
2196 708 2391 771 Insula
2440 713 2550 772 Co-

207 813 411 892 rypby‚
460 811 792 891 Kephalini,
838 811 1132 883 Zakintos,
1179 809 1426 891 Leukas,
1476 809 1683 871 Ithaki.
1743 809 1925 871 Orion
1974 810 2187 873 Patron
2236 820 2297 871 et
2326 812 2548 877 Motho·

205 914 321 975 nis.
411 912 593 974 Orion
641 913 946 985 Corinthii,
991 915 1177 990 Argus
1219 921 1279 973 et
1321 909 1572 990 Nauplii.
1632 911 1816 973 Orion
1846 911 2179 975 Thebarum
2212 922 2270 973 et
2300 912 2546 994 Euripii,

205 1033 340 1075 cum
389 1013 595 1075 insulis
637 1015 835 1075 Andro
880 1023 941 1075 ct
984 1013 1240 1082 Caristo,
1290 1012 1443 1084 Keo,
1492 1012 1626 1073 Milo
1670 1021 1729 1073 et
1773 1013 1832 1075 in
1879 1013 2089 1073 celcris
2134 1013 2373 1088 insuliS,
2431 1035 2547 1096 quc

206 1114 320 1176 sub
363 1117 542 1175 Anu-o
586 1120 730 1176 sunt
768 1124 830 1175 et
871 1114 1117 1176 Caristo.
1206 1112 1656 1175 Dodecanissos.
1712 1112 2020 1174 Mitilinim.
2073 1114 2265 1177 Chios.
2316 1116 2545 1178 Samos·

208 1214 426 1281 Rodos,
474 1215 609 1275 Kos.
670 1214 971 1277 Strovilos.
1031 1214 1196 1275 Kriti.
1262 1213 1493 1292 Kipros.
1556 1213 1739 1275 Orion
1787 1214 2164 1275 Athenarum.
2242 1215 2539 1279 Provincia

209 1315 588 1377 Velechative.
675 1315 978 1376 Provincia
1024 1314 1309 1375 Valachie.
1400 1314 1746 1393 Episkepsis
1790 1314 2184 1377 Dimittiados.
2275 1315 2402 1376 Duo
2455 1319 2549 1379 Al-

207 1418 374 1479 meri.
459 1417 820 1497 Episkcpsis.
853 1416 1252 1477 Crevannicon
1298 1424 1360 1476 et
1404 1415 1704 1476 Fersalon.
1793 1415 2136 1495 Episkepsis
2184 1416 2441 1479 Domocu
2489 1429 2546 1480 et

204 1518 469 1579 Vesenis.
560 1518 958 1579 Chartularata
1007 1517 1244 1590 Ezeros,
1295 1514 1786 1594 Doluroohuvyna,
1832 1525 1892 1577 et
1936 1535 2049 1596 que
2095 1517 2205 1577 sub
2235 1517 2361 1596 ipsa
2409 1530 2551 1581 sunt

204 1619 354 1680 ville.
440 1620 684 1681 Tricala.
763 1617 1064 1681 Provincia
1111 1618 1363 1681 Larisse.
1451 1616 1797 1695 Episkepsis
1844 1617 2231 1680 l’latamonos.
2309 1619 2548 1681 Provin-

201 1721 290 1781 cia
327 1720 575 1781 Thrakis
619 1729 679 1781 et
723 1719 1081 1790 Macedonio,
1128 1728 1186 1781 et
1230 1738 1344 1798 quc
1387 1718 1450 1778 in
1493 1737 1562 1778 ea
1606 1728 1749 1780 sunt
1794 1718 2193 1798 [episkepses]
2242 1721 2548 1800 pliyscales

203 1831 267 1883 el.
310 1821 668 1900 personales.
739 1820 1086 1901 Episkepsis
1133 1818 1492 1880 Kerovachii.
1557 1818 1806 1879 Silivria.
1878 1819 2223 1898 Episkepsis
2266 1821 2443 1883 Zurlii
2489 1833 2550 1885 et

203 1923 706 2002 Theodorupleos.
782 1917 1128 2000 Episkepsis
1173 1920 1462 1992 Messinis,
1510 1918 1968 2001 Archadiupleos
2013 1931 2072 1981 et
2119 1920 2546 2003 Vulgalophigi.

210 2024 513 2084 Provincia
558 2022 919 2085 Cheronissi.
1009 2020 1307 2081 Provincia
1356 2019 1783 2099 Adriannpleos
1826 2030 1881 2080 el
1929 2010 2320 2083 Didimotichi.
2410 2024 2552 2085 Pro-

207 2124 391 2185 vincia
438 2122 808 2185 Branchialii.
886 2122 1184 2183 Provincia
1229 2119 1663 2200 Pliylipupleos,
1710 2120 1944 2200 VeroyS,
1991 2122 2183 2183 Moras
2229 2133 2287 2184 et
2316 2126 2550 2187 Archri-

203 2226 305 2287 dii.
395 2224 698 2285 Provincia
743 2223 1112 2285 Mcsothinic.
1199 2222 1546 2302 Episkepsis
1594 2221 1941 2283 Damalrios.
2034 2224 2331 2313 Provincia
2376 2227 2551 2288 Nico-

205 2327 403 2389 midic.
469 2324 814 2404 Episkepsis
859 2323 1134 2387 Pinarum
1179 2334 1237 2386 ct
1282 2324 1536 2385 Pithion.
1606 2323 1907 2385 Provincia
1956 2323 2201 2403 Opsikiu
2248 2336 2306 2388 et
2348 2327 2550 2407 Eegcu

204 2448 338 2492 cum
395 2422 690 2509 ci)iskcpsi
754 2426 1014 2507 Lopadiu
1073 2435 1132 2488 et
1174 2425 1595 2506 Appoloniaile.
1690 2425 1987 2488 Provincia
2034 2426 2316 2490 Acherau.
2407 2430 2550 2493 Pro·

204 2531 390 2594 vincia
435 2530 734 2610 Atramyti.
805 2528 1102 2590 Provincia
1150 2527 1368 2592 Milasis
1414 2538 1473 2590 et
1517 2528 1850 2598 Malanudii.
1916 2527 2215 2588 Provincia
2264 2529 2545 2593 Meandri.

209 2634 505 2694 Provincia
563 2632 986 2692 Neocliastron.
1079 2630 1377 2694 Provincia
1434 2629 1883 2709 Phyladelpliye.
1975 2629 2273 2690 Provincia
2320 2633 2545 2707 Attalica,

206 2733 498 2805 Seleukie,
544 2732 902 2804 Antiochiae,
948 2731 1260 2804 Laudikic;
1308 2741 1368 2792 et
1411 2750 1599 2810 usque
1643 2731 1831 2811 ipsam
1865 2731 2258 2805 Antiochinum
2304 2741 2363 2793 et
2406 2734 2549 2794 sim-

207 2835 440 2914 pliciter
480 2834 540 2894 in
586 2832 746 2892 omni
792 2837 1154 2904 lenumento',
1201 2832 1356 2910 quod
1403 2832 1515 2892 sub
1561 2851 1690 2892 meo
1735 2842 1828 2892 est
1874 2830 2144 2910 Imperio,
2209 2832 2328 2892 sive
2373 2853 2546 2897 secus

208 2936 347 2997 litus
391 2944 493 2995 aut
536 2934 685 2994 infra
733 2943 966 2993 terram.
1037 2930 1102 2990 ln
1147 2931 1421 2992 omnibus
1467 2932 1623 2992 enim
1670 2930 1882 2991 talibus
1928 2932 2265 3009 regionibus
2311 2933 2543 3013 imperii

207 3036 324 3099 mei
370 3044 430 3095 et
471 3033 775 3105 Romanie,
823 3031 909 3092 vel
954 3030 1246 3110 phiscales
1287 3031 1409 3092 sint
1448 3041 1552 3092 aut
1596 3030 1986 3092 ecclesiastice
2033 3031 2117 3091 vel
2163 3032 2423 3110 subjecte
2453 3055 2547 3096 se-

205 3137 384 3200 cretis
427 3153 725 3196 sacrarum
772 3134 1050 3192 domuum
1096 3141 1196 3193 aul
1240 3132 1383 3210 ipsis
1427 3133 1649 3194 intimis
1698 3132 1963 3210 cognatis
1996 3132 2227 3210 lmperii
2262 3134 2394 3206 mei,
2441 3156 2549 3214 per

205 3239 404 3300 omnia
449 3234 820 3297 fellicissimis
865 3221 1421 3296 sevastocratoribus
1466 3243 1526 3294 et
1561 3232 1893 3305 Cesaribus,
1940 3232 2082 3311 ipsis
2127 3233 2355 3295 dilectis
2397 3237 2541 3297 filia·

203 3341 316 3402 bus
361 3338 597 3417 Imperii
657 3337 800 3410 mei,
859 3354 969 3396 nec
1028 3354 1146 3395 non
1205 3344 1264 3396 et
1315 3335 1427 3414 ipsi
1477 3353 1605 3395 mee
1649 3333 2023 3396 dilectissime
2072 3340 2358 3413 Auguste,
2414 3339 2545 3400 sine

201 3441 624 3520 impedimento
670 3447 844 3500 erunt
885 3446 1246 3508 mercanteS,
1294 3445 1352 3498 ct
1393 3436 1453 3496 in
1500 3436 1628 3515 ipsa
1676 3435 1849 3497 etiam
1895 3436 2127 3498 urbium
2172 3438 2370 3516 regina
2417 3439 2548 3500 nul-

201 3544 320 3604 lam
365 3541 712 3602 mollestiam
754 3539 829 3601 ab
873 3539 1069 3618 aliquo
1112 3538 1494 3611 sustinentes,
1540 3559 1667 3600 nec·
1682 3539 1860 3600 etiam
1891 3557 1959 3598 ex
1990 3547 2114 3600 toto
2146 3558 2330 3619 usque
2361 3559 2546 3603 unum

203 3644 442 3708 obolum
489 3660 597 3722 pro
639 3642 995 3703 commercio
1037 3641 1125 3701 vel
1172 3641 1442 3720 passagio
1487 3641 1572 3702 vel
1618 3640 1985 3702 samariatico
2017 3640 2105 3700 vel
2136 3641 2426 3702 scaliatico
2459 3644 2545 3705 vel

205 3746 534 3826 ponuatico
578 3745 664 3803 vel
708 3762 817 3821 pro
862 3742 1055 3821 aliquo
1100 3741 1212 3802 alio
1258 3743 1513 3821 capitulo
1546 3742 1842 3821 requisiti;
1888 3742 2134 3803 eandem
2165 3742 2341 3802 eliam
2373 3742 2546 3802 liber-

205 3856 384 3910 tatem
429 3844 729 3907 habebunt
787 3852 848 3904 et
890 3842 961 3901 ab
1006 3843 1091 3902 eis
1135 3843 1421 3904 conducta
1458 3839 1719 3902 ‘samaria
1765 3852 1823 3903 et
1865 3843 2157 3920 plaustra,
2215 3850 2275 3902 et
2320 3861 2430 3902 nec
2471 3845 2543 3904 ab

207 3949 260 4009 is
304 3948 519 4027 aliquid
563 3945 640 4006 ab
685 3945 879 4022 aliquo
924 3943 1274 4020 requiretur.
1340 3943 1526 4004 Immo
1573 3943 1767 4021 quiete
1811 3951 1871 4003 et
1913 3943 2042 4003 sine
2086 3942 2279 4020 aliqua
2310 3942 2544 4004 datione

205 4047 406 4112 omnis
451 4047 772 4126 [regiones]
818 4043 1052 4123 imperii
1100 4044 1216 4104 mei
1260 4044 1611 4116 transibunt,
1655 4053 1716 4104 et
1760 4037 1871 4132 nec
1914 4061 2029 4121 que
2073 4042 2147 4102 ab
2192 4043 2278 4103 eis
2322 4044 2546 4105 condu-

207 4157 416 4208 centur
460 4148 708 4209 samaria
757 4145 842 4206 vel
887 4145 1177 4224 plaustra,
1237 4144 1323 4204 vel
1369 4145 1469 4222 qui
1514 4145 1599 4204 eis
1644 4143 1972 4205 servierunt
2014 4142 2302 4222 agogiate,
2349 4145 2544 4224 requi-

205 4262 415 4310 rentur
458 4247 708 4326 aliquitl;
767 4266 877 4309 nec
927 4246 1028 4327 qui
1072 4246 1157 4306 eis
1201 4244 1452 4323 aliquam
1501 4243 1755 4323 speciem
1804 4243 2169 4306 vendiderint
2212 4245 2296 4306 vel
2340 4245 2412 4306 ab
2456 4247 2541 4309 eis

204 4349 489 4422 emerint,
549 4350 853 4428 exigentur
909 4346 1306 4408 conmercium
1364 4366 1473 4427 pro
1531 4345 1622 4407 illa
1680 4346 1777 4407 tali
1840 4347 2033 4425 specie
2078 4346 2162 4406 vel
2207 4346 2539 4425 pratikium,

306 4451 387 4501 ΙΙΙ.
2066 4447 2131 4496 36
