2900 4950
332 243 455 310 352
1225 259 1342 310 eon.
1379 261 1450 310 iv.
1504 233 1634 311 'nov
1671 260 1785 311 xxi.

331 407 655 493 ἐβιάζετο,
714 404 831 475 ὅτε
886 407 1053 495 μηδὲ
1112 405 1573 492 σημειιόματος
1629 406 1745 475 ἐπὶ
1799 409 2147 529 συνέδρων
2181 411 2381 476 τινῶν
2439 408 2557 478 ἐπὶ
2597 416 2684 501 τῇ

331 510 704 595 προκομιδῇ
761 507 999 575 τούτου
1042 507 1439 594 προβάντος.
1532 531 1640 574 οτι
1684 508 1757 575 δὲ
1800 508 1987 596 παρὰ
2029 512 2147 576 τοῦ
2191 511 2524 598 προέδρου
2567 514 2683 580 καὶ

329 611 553 692 κριτοῦ
597 611 715 675 τοῦ
762 605 1327 697 αύτωρειανοῦ
1382 610 1702 697 δεχθῆναι
1745 609 1859 677 τὸν
1902 613 2207 679 τοιοῦτον
2245 609 2493 698 χάρτην
2538 611 2683 680 ἐλέ-

326 732 508 794 γετο,
569 709 740 796 πρὸς
793 715 990 778 τοῦτο
1049 712 1280 798 πολλῷ
1326 711 1531 777 πλέον
1578 710 2206 794 δυσανασχετοῦντες
2251 712 2316 778 οἱ
2360 716 2516 798 περὶ
2558 714 2679 800 τὴν

328 807 578 878 ἄνναν
621 811 984 898 ἐτύγχανον.
1047 815 1196 890 πῶς
1222 811 1364 898 γὰρ,
1414 810 1641 895 ἐβόων,
1692 806 1727 878 ὅ
1773 814 2222 899 παραιτηθεὶς
2265 810 2423 898 παρ’
2458 809 2677 882 αύτιῦν

328 912 516 999 παρὰ
557 916 651 1000 τῷ
698 916 1346 1002 σεβαστοκρατορικῷ
1393 912 1811 1001 δικαστηρίῳ,
1855 920 1966 980 καὶ
1998 917 2117 980 τοῦ
2146 916 2677 999 πανευτυχεστά-

327 1037 448 1080 του
485 1015 1090 1102 σεβαστοκράτορος
1117 1014 1206 1101 μὴ
1241 1013 1429 1101 παρὰ
1459 1017 1693 1080 τοῦτο“
1723 1014 2044 1101 δεχθῆναι
2086 1016 2697 1101 διακελευσαμένου·

328 1114 448 1201 τὴν
489 1123 871 1202 μαρτυρίαν,
920 1117 1126 1184 πάλιν
1169 1111 1306 1183 κατ’
1357 1115 1664 1195 ἐξουσίαν
1708 1114 1954 1182 οἰκείαν
1996 1117 2104 1182 καὶ
2150 1116 2339 1201 παρὰ
2379 1119 2676 1186 κέλευσιν

327 1221 526 1284 θείαν
572 1216 930 1304 ἐπελάβετο
960 1217 1090 1305 ’τὴν
1136 1217 1490 1303 σύγκρισιν,
1537 1217 1648 1283 καὶ
1690 1215 1893 1303 ταύτῃ
1925 1221 2358 1304 προσέγραψε
2385 1218 2501 1286 τὸν
2530 1246 2677 1288 και-

329 1317 488 1403 ρόν,·
530 1321 640 1385 καὶ
684 1316 928 1405 ἄδηλον
974 1321 1047 1385 δέ
1091 1343 1328 1406 φασιν,
1390 1318 1449 1385 εἰ
1493 1319 1600 1385 καὶ
1644 1315 1975 1403 γέγραπτό
2017 1321 2146 1398 τε”,
2208 1321 2317 1386 καὶ
2362 1316 2672 1402 ὑπόνοια,

328 1418 417 1505 μή
473 1443 641 1487 ποτε
692 1420 861 1504 μετὰ
926 1420 1042 1509 τὴν
1100 1418 1475 1505 ἐπιγραφὴν
1521 1419 1592 1484 αἱ
1636 1423 2005 1505 συγκρίσεις
2048 1417 2235 1504 παρὰ
2278 1424 2396 1486 τοῦ
2439 1423 2677 1508 ταβελ-

329 1520 1157 1608 λίωνοςδιεπράχθησαν,
1214 1524 1333 1608 τῆς
1390 1520 1639 1598 οἰκείας
1695 1519 2063 1608 σφραγῖδος
2108 1515 2198 1599 ὥς
2241 1515 2324 1589 ἂν
2364 1526 2474 1590 καὶ
2515 1523 2679 1609 βού-

330 1623 516 1688 λοιτο
569 1621 1217 1702 κατεξουσιάζοντος·
1279 1616 1416 1688 ἀλλ’
1479 1621 1539 1688 εἰ
1594 1622 1703 1687 καὶ
1760 1622 1978 1704 δῶμεν
2034 1622 2158 1702 ἔξω
2223 1622 2302 1689 τὸ
2364 1626 2675 1710 πραχθὲν

328 1720 653 1802 ὑπονοίας
694 1723 1027 1809 τυγχάνειν
1072 1719 1188 1789 οὐκ
1233 1717 1511 1808 ἀγαθῆς,
1560 1722 1802 1808 ἔξωρος
1843 1717 1882 1809 ἡ
1927 1727 2046 1809 τῆς
2074 1731 2468 1811 συγκρίσεως
2496 1726 2676 1793 πάν-

329 1850 460 1904 τως
503 1823 906 1912 προκομιδὴ,
955 1820 1071 1891 ὅτε
1113 1823 1279 1892 κατὰ
1321 1823 1439 1911 τὴν
1483 1825 1863 1891 τελευταίαν
1907 1821 2153 1911 ἡμέραν
2196 1827 2313 1913 τῆς
2355 1825 2672 1913 τριμήνου

328 1929 423 2013 τῷ
467 1933 858 2011 κοιαίστωρι
900 1931 1381 2013 παραχθείσης.
1471 1926 1588 1990 τοῦ
1631 1923 1755 2009 γὰρ
1801 1922 2006 2009 νόμου
2054 1925 2355 2006 διδόντος
2371 1931 2429 2007 ¹⁰,
2489 1927 2676 2008 ἐντὸς

329 2031 447 2094 τοῦ
503 2033 971 2112 νενομισμένου
1027 2029 1258 2113 καιροῦ
1314 2031 1866 2111 παραγενομένων
1929 2030 2306 2112 μαρτυριῶν
2365 2030 2673 2118 διακηρυ-

330 2129 647 2197 κεύεσθαι
701 2129 874 2215 πρὸς
925 2128 1003 2194 τὸ
1061 2123 1412 2210 άιςτίθετον
1470 2133 1669 2214 μέρος
1711 2130 1831 2192 τοῦ
1876 2128 2294 2213 παράγοντος
2333 2129 2671 2217 μάρτυρας

328 2230 443 2297 τὸν
488 2230 817 2317 δικαστὴν,
866 2230 1094 2297 ἐλθεῖν
1138 2233 1245 2296 καὶ
1294 2231 1623 2308 δέξασθαι
1664 2226 1783 2306 τὰς
1825 2232 1958 2294 τῶν
2003 2230 2191 2315 παρὰ
2216 2235 2338 2297 τοῦ
2369 2227 2673 2300 ἀδικοῦν-

328 2335 496 2410 τος“
553 2327 731 2418 αύτῷ
786 2336 1026 2415 μέρους
1081 2336 1564 2416 παραχθέντων
1618 2329 1967 2414 μαρτύρων
2014 2331 2271 2418 φωνὰς,
2334 2336 2442 2401 καὶ
2489 2334 2548 2402 εἰ
2592 2334 2668 2403 ιε’

330 2431 757 2519 διαδράμοιεν
811 2428 1050 2520 ἡμέραι
1114 2431 1215 2499 ἔτι
1270 2434 1385 2519 τῆς
1429 2437 1855 2517 προθεσμίας
1899 2430 2496 2524 ἐνδαψιλευομένης
2536 2439 2670 2505 τῶν

330 2540 810 2620 παραχθέντων
865 2533 1213 2621 μαρτύρων
1269 2534 1849 2620 προσεδρευόντων
1892 2536 1987 2619 τῷ
2035 2535 2462 2623 δικαστηρίῳ,
2518 2537 2674 2607 τότε

327 2639 436 2703 καὶ
492 2637 561 2703 ἐκ
614 2638 774 2719 μιᾶς
829 2641 1067 2723 μοίρας
1119 2635 1238 2714 τὰς
1290 2638 1424 2702 τῶν
1481 2633 1986 2720 μαρτυρούντων
2044 2636 2273 2722 φωνὰς
2318 2633 2672 2724 ἀναλαβεῖν

327 2736 442 2802 τὸν
487 2735 798 2823 δικαστὴν
840 2738 948 2803 καὶ
994 2731 1313 2804 ἀπολύειν
1357 2731 1627 2815 αὐτούς·
1695 2739 1844 2813 πῶς
1887 2731 2003 2802 ούκ
2048 2737 2171 2816 ἔξω
2215 2743 2445 2825 καιροῦ
2488 2736 2529 2827 ἡ
2572 2744 2671 2827 τῷ

327 2843 714 2923 κοιαίστωρι
756 2843 1144 2924 πραχθεῖσα
1197 2836 1532 2923 σύγκρισις
1573 2840 1705 2904 τῶν
1748 2833 2194 2924 ύπογραφῶν;
2250 2844 2386 2907 ποῦ
2430 2840 2552 2928 γὰρ
2598 2843 2671 2909 αἱ

332 2938 405 3008 ιε’
451 2939 618 3025 μετὰ
659 2939 775 3027 τὴν
817 2941 1195 3007 τελευταίαν
1237 2935 1485 3025 ἡμέραν
1527 2942 1644 3027 τῆς
1687 2945 2153 3025 προθεσμίας,·
2199 2935 2311 3007 ούκ
2358 2941 2482 3022 ἕξω
2510 2941 2671 3010 ταύ-

247 3122 256 3129 .
326 3068 442 3131 της
495 3045 603 3109 καὶ
662 3031 857 3109 αὗται
913 3039 1304 3127 τυγχάνουσι
1360 3039 1533 3135 πρὸς
1589 3039 2081 3127 διακηρύκευσιν
2132 3046 2253 3109 τοῦ
2314 3038 2670 3112 ἂντιθέτου

324 3151 564 3231 μέρους
607 3138 1115 3233 ἇφορισθεῖσαι.
1176 3136 1314 3208 ἀλλ’
1351 3142 1415 3207 οἱ
1460 3144 1616 3227 περὶ
1659 3141 1776 3210 τὸν
1811 3142 2183 3210 ἐπίσκοπον
2213 3140 2672 3231 ὑπερμαχοῦν-

326 3272 464 3328 τες,
526 3243 566 3312 ὅ
619 3247 751 3313 ‘18¹²
794 3242 1163 3322 δισύπατος
1207 3241 1593 3322 νικόλαος
1636 3246 1743 3311 καὶ
1790 3245 2125 3331 δικολόγοι
2170 3241 2204 3311 ὃ
2250 3246 2670 3329 αἰχμάλω-

324 3372 461 3427 τος
500 3349 610 3414 καὶ
656 3343 692 3414 ό
739 3345 1503 3424 σκαλοσκέπαστος,
1548 3346 1658 3411 καὶ
1704 3345 2178 3431 ἕμπρόθεσμον
2204 3351 2521 3431 γενέσθαι
2548 3347 2671 3434 τὴν

327 3450 644 3517 σύστασιν
685 3450 806 3514 τοῦ
851 3453 1219 3534 πρατηρίου
1266 3446 1759 3531 διϊσχυρίζοντο,
1803 3450 1912 3514 καὶ
1954 3446 2075 3525 τὰς
2120 3445 2193 3515 ιε’
2232 3446 2475 3527 ταύτας
2503 3445 2671 3536 ἡμέ-

326 3575 447 3638 ρας
490 3547 1120 3633 ἒπιδαψιλεύεσθαι,
1168 3541 1280 3635 ἀφ’
1332 3543 1489 3613 ὅτου
1534 3547 1721 3633 παρὰ
1739 3551 1778 3583 ¹³
1819 3551 1936 3616 τοῦ
1966 3549 2407 3635 ταβελλίωνος
2435 3545 2474 3637 ἦ
2507 3550 2664 3635 σύγ-

323 3676 538 3742 κρισις
589 3655 840 3738 γέγονε·
896 3650 1099 3737 μηδὲν
1154 3649 1278 3735 γὰρ
1322 3644 1709 3717 άπεοικέναι
1758 3654 1874 3737 τῆς
1931 3650 2118 3736 παρὰ
2170 3653 2287 3717 τοῦ
2348 3651 2666 3719 δικαστοῦ

325 3759 457 3824 τῶν
511 3757 729 3842 μερῶν
786 3751 1164 3840 ἐρωτήσεως
1219 3751 1337 3839 τὴν
1408 3751 1594 3836 παρὰ
1645 3754 1762 3818 τοῦ
1818 3754 2259 3839 ταβελλίωνος
2315 3759 2666 3841 γενομένην

326 3858 661 3944 σύγκρισιν
704 3858 835 3922 τῶν
880 3852 1308 3941 ὑπογραφῶν.
1399 3848 1538 3920 ἀλλ’
1588 3853 1683 3932 εἰς
1725 3853 1908 3922 κενὸν
1954 3854 2304 3933 λαλοῦντες
2345 3858 2427 3942 τῇ
2469 3863 2670 3941 βασι-

327 3962 472 4050 λείᾳ
524 3984 655 4045 μου
710 3956 1169 4046 κατεφάνησαν
1224 3958 1333 4023 καὶ
1388 3955 1466 4022 τὸ
1525 3950 1679 4022 ὅλον
1737 3958 2366 4042 στομοκροτοῦντες·
2426 3956 2486 4025 εἰ
2541 3955 2667 4042 γὰρ

461 4129 485 4158 ⁸
530 4130 723 4181 Leuncl.
759 4131 808 4180 in
844 4145 991 4192 marg.
1027 4122 1239 4177 τούτου.
1318 4128 1477 4179 Recte.
1682 4124 1705 4155 ⁹
1754 4129 1870 4180 ibid.
1902 4124 2216 4197 γέγραπταί
2248 4143 2316 4178 τι.
2394 4128 2548 4179 Malim
2583 4127 2671 4194 γέ-

325 4228 571 4283 γραπται
605 4209 743 4264 τότε.
887 4210 925 4241 ¹⁰
960 4214 1079 4264 ibid.
1116 4205 1379 4266 εἰπόντος.
1457 4212 1652 4264 Videtur
1685 4214 1879 4276 intelligi
1918 4216 2062 4265 Basil.
2090 4200 2188 4277 v11,‘
2214 4215 2289 4279 Π,
2316 4215 2372 4264 11
2415 4222 2461 4264 et
2498 4214 2614 4276 xxi,
2642 4214 2665 4263 1

328 4302 377 4350 in
413 4300 523 4350 fine.
697 4296 729 4326 ¹¹
767 4299 885 4349 ibid.
922 4288 1346 4351 ἀντιδικοῦντος.
1424 4298 1494 4348 Cf.
1528 4306 1626 4349 not.
1647 4300 1693 4349 7.
1866 4296 1903 4325 ¹²
1937 4300 2008 4350 Ita
2044 4300 2310 4350 emendavit
2347 4298 2542 4351 Leuncl.
2581 4313 2669 4363 pro

328 4378 433 4441 ὅτι,
473 4384 600 4447 quod
639 4385 685 4431 in
724 4383 840 4432 Cod.
879 4382 973 4432 MS.
1011 4385 1241 4445 scriptum
1278 4390 1393 4432 erat.
1533 4380 1568 4411 ¹⁸
1601 4384 1670 4434 lm
1706 4383 1902 4435 Leuncl.
1938 4398 2026 4448 pro
2060 4377 2203 4450 περὶ.
