2900 4950
1207 241 1321 306 Imp.
1362 242 1551 291 Leonis.
1789 289 1801 299 ,
1933 241 1940 252 ”
2431 226 2550 287 125

205 396 285 480 τῇ
330 392 749 479 αἰχμαλωσίᾳ
790 389 1301 478 τελευτήσωσιν·
1350 390 1409 456 εἰ
1451 388 1541 476 μὴ
1588 387 1719 474 ἄρα
1759 413 1833 474 γε
1874 388 1990 475 τὴν
2035 389 2335 474 τελευτὴν
2378 413 2551 475 προ-

208 493 444 582 φθάσῃ
503 495 932 577 διαθέμενος’
1000 491 1153 560 τότε
1205 491 1328 577 γὰρ
1387 489 1602 557 ἐκεῖνα
1666 489 2175 577 κληρονομήσει,
2247 488 2290 556 ἃ
2345 489 2411 557 ἐν
2467 500 2547 578 τῇ

204 596 409 682 βουλῇ
453 597 571 661 τοῦ
618 595 1021 677 διαθεμένου
1064 597 1307 678 γονέως
1349 602 1592 672 κεῖται,
1661 592 2154 680 φυλαττομένης
2206 593 2299 677 τῷ
2352 592 2550 658 παιδὶ

205 699 321 783 τῆς
365 695 435 764 ἐκ
476 699 595 762 τοῦ
640 695 846 781 νόμου
891 699 1349 780 τετραουγκίου
1391 698 1733 779 βοηθείας.

1135 1065 1306 1130 Νον.
1349 1063 1629 1154 xxxvn.

203 1189 283 1251 Ut
326 1187 549 1250 domini
609 1195 957 1249 testamento
1016 1185 1446 1259 manumissus,
1506 1184 1556 1245 si
1612 1183 1773 1245 ilium
1833 1179 2158 1244 decessisse
2215 1182 2547 1265 aditamque

616 1288 745 1369 ejus
787 1286 1173 1350 hereditatem
1218 1305 1349 1348 esse
1393 1285 1640 1365 ignoret,
1688 1285 1887 1347 testari
1933 1284 2139 1366 possit.

1032 1458 1214 1525 AIA
1225 1457 1542 1528 ΤΑΞΙΣ
1583 1447 1708 1541 λζ.

703 1577 760 1638 Ὅ
800 1582 1013 1644 αὐτὸς
1044 1583 1377 1654 βασιλεὺς
1414 1585 1684 1654 στυλιανῷ
1719 1588 1797 1653 τῷ
1834 1580 2028 1653 αὐτῷ’.

376 1687 513 1757 Καὶ
570 1691 665 1774 τῷ
720 1687 1007 1773 παρόντι
1062 1687 1244 1774 νόμῳ
1291 1686 1667 1754 ἐλλείποντι
1710 1686 1881 1771 πρὸς
1922 1688 2177 1755 τελείαν
2220 1687 2547 1755 κατάστα-

201 1816 307 1862 σιν
353 1788 522 1879 ὅπερ
569 1790 743 1858 ἐνδεῖ
784 1788 1020 1856 τούτου
1077 1792 1155 1876 τῇ
1214 1788 1572 1876 προσθήκῃ
1627 1787 1704 1854 τὸ
1763 1795 2025 1875 πρέπον
2075 1785 2255 1877 αὐτῷ
2302 1785 2547 1857 ἀποδι-

201 1895 442 1981 δόαμεν
488 1896 721 1978 σχῆμα.
813 1892 974 1978 φησὶ
1021 1896 1242 1957 τοίνυν
1286 1892 1441 1974 περὶ
1490 1889 1744 1957 οἰκέτου
1800 1890 1867 1957 ἐν
1926 1891 2283 1977 δεσποτικῇ
2344 1886 2544 1957 αὐτοῦ

200 1994 612 2062 διατυπώσει
656 1988 1047 2079 ὁρισθέντος
1078 1991 1462 2077 ἐλευθερίας
1498 1985 1891 2079 ἀξιωθῆναι,
1940 1987 2331 2079 ἀγνοοῦντος
2362 1994 2434 2059 δὲ
2463 1994 2540 2058 τὸ

203 2097 530 2183 διάταγμα
573 2096 683 2161 καὶ
728 2092 842 2160 διὰ
883 2096 1079 2159 τοῦτο
1122 2092 1469 2178 λογισμοῖς
1499 2089 1902 2179 ἀμφιβόλοις
1933 2093 2315 2178 ἐλευθερίας
2360 2089 2546 2162 άντε-

197 2205 507 2284 χομένου,
571 2201 737 2275 τέως
792 2196 911 2280 μὲν
954 2195 1276 2283 μηδαμῶς
1333 2187 1532 2260 αὐτὸν
1578 2192 1691 2259 διὰ
1732 2191 1849 2279 τὴν
1895 2191 2163 2280 ἄγνοιαν
2208 2198 2323 2281 τῆς
2367 2195 2546 2263 ἐλευ-

199 2306 443 2386 θερίας
488 2295 1050 2384 ἀποστερεῖσθαι,
1109 2291 1278 2365 ἇλλὰ
1323 2294 1574 2381 διάγειν
1619 2288 1818 2361 αὐτὸν
1876 2295 2272 2383 ἐλευθέρως,
2333 2299 2545 2365 διατί-

197 2408 462 2470 θεσθαι
507 2401 579 2467 δὲ
623 2395 822 2467 αὐτὸν
869 2395 957 2479 ὥς
1002 2397 1351 2485 ἐλεύθερον
1398 2391 1501 2464 ἐπ’
1540 2390 1766 2477 ἀδείας
1805 2394 1893 2485 μὴ
1928 2396 2125 2481 ἔχειν·
2171 2393 2314 2467 οἷον
2342 2425 2545 2484 μετα-

197 2503 392 2591 γνοὺς
432 2508 621 2590 μέχρι
661 2503 891 2582 τέλους
932 2499 1010 2589 ἢν
1058 2502 1329 2568 δίδωσιν
1376 2499 1761 2587 ἐλευθερίαν
1805 2494 1983 2586 αὐτῷ
2027 2512 2360 2587 παρεῖναι.
2448 2503 2538 2589 μὴ

196 2605 321 2693 γὰρ
368 2603 568 2692 οὔσης
612 2604 914 2684 ἐξουσίας
959 2597 1049 2681 ὥς
1093 2602 1421 2689 ἐλευθέρῳ
1468 2604 1910 2670 διατίθεσθαι
1963 2600 2048 2669 τὰ
2091 2602 2331 2684 οἰκεῖα,
2393 2606 2542 2684 πῶς

199 2702 342 2791 οὐχὶ
385 2707 590 2774 πάλιν
634 2705 807 2790 πρὸς
849 2704 966 2792 τὴν
1011 2710 1342 2789 προτέραν
1388 2703 1702 2791 ἐπανήξει
1745 2704 2048 2771 δουλείαν
2059 2734 2083 2787 ,-

362 2804 589 2894 Ἡμεῖς
634 2796 748 2872 οὖν
794 2807 1030 2893 φαμὲν,
1078 2804 1440 2892 ἐπειδήπερ
1472 2805 1657 2885 τάξιν
1686 2807 1794 2871 καὶ
1829 2805 2151 2892 διαγωγὴν
2183 2805 2538 2893 ἐλευθέραν

196 2917 522 2998 παρέσχεν
570 2903 605 2973 ὃ
651 2906 882 2991 νόμος,
936 2909 1042 2975 καὶ
1088 2905 1172 2972 τὰ
1217 2904 1385 2972 ἄλλα
1430 2906 1739 2991 παρέξειν
1785 2902 1828 2970 ἃ
1871 2907 1949 2991 τῇ
1996 2904 2341 2996 ἐλευθερίᾳ
2385 2932 2540 2976 συν-

194 3019 452 3080 έπεται.
544 3009 603 3076 εἰ
657 3006 778 3093 γὰρ
833 3005 1107 3074 κωλύειν
1162 3002 1360 3073 αὐτὸν
1421 3007 1554 3072 ἔδει
1596 3005 1679 3071 τὰ
1729 3008 1861 3071 τῶν
1915 3004 2284 3093 ἐλευθέρων
2325 3009 2540 3094 πράτ-

191 3138 366 3191 τειν,
434 3116 501 3176 τί
555 3108 671 3196 τὴν
728 3108 1148 3191 ἐλευθερίανῖ
1216 3100 1331 3171 οὐκ
1395 3105 1750 3187 ἐκώλυσεν,·
1820 3100 1987 3172 ἀλλὰ
2047 3106 2295 3175 τούτων
2352 3108 2538 3188 ἄξιον

191 3220 432 3300 κρίνων
447 3214 487 3292 ³,
536 3213 685 3290 πῶς
731 3204 869 3293 οὐχὶ
917 3201 1227 3275 κάκείνων
1273 3201 1546 3286 ἀξιώσει
1587 3209 1720 3273 τῶν
1765 3206 2188 3293 πραγμάτων,
2237 3207 2279 3276 ἃ
2313 3220 2539 3277 ποιεῖν

192 3317 467 3402 κυρίωςῶ
514 3313 643 3397 ἔχει
673 3310 749 3378 τὸ
793 3314 910 3399 τῆς
942 3309 1326 3395 ἐλευθερίας
1360 3302 1655 3393 άξίωμα,·
1702 3309 1872 3376 ἔστω
1900 3312 2249 3394 τοιγαροῦν
2284 3305 2319 3376 ὁ
2349 3305 2540 3398 ἠλευ-

193 3420 576 3502 θερωμένος
630 3409 904 3502 άληθῶς
964 3410 1345 3497 ἐλεύθερος,
1403 3410 1514 3479 καὶ
1572 3412 1997 3479 διατιθέσθω
2055 3415 2211 3497 περὶ
2261 3416 2393 3480 τῶν
2440 3413 2538 3481 οἰ-

193 3524 407 3596 κείων,
457 3513 582 3584 ὅσα
628 3514 981 3602 δεσποτικὴ
1027 3512 1248 3601 γνώμη
1296 3513 1534 3581 ἔδωκεν
1580 3507 1755 3596 αὐτῷ
1814 3508 2256 3602 ἇναφαίρετα,
2322 3511 2412 3595 ὥς
2455 3509 2536 3583 ὃν

180 3607 504 3706 ’βούλοιτο
564 3619 1022 3685 διατίθεσθαι.
1115 3610 1189 3681 οὗ
1246 3614 1369 3701 γὰρ
1425 3621 1688 3701 πρέπον
1747 3614 1813 3682 ἐν
1868 3618 1963 3703 τῷ
2023 3620 2285 3705 φανερῷ
2342 3616 2537 3706 τιμὴν

194 3725 312 3809 τῆς
355 3719 737 3806 ἐλευθερίας
782 3716 1067 3803 λαβόντα
1124 3710 1207 3783 δι’
1256 3712 1601 3805 ὑπόληψιν
1647 3715 1890 3804 ἄδηλον
1937 3712 2384 3801 ἀτιμάζεσθαι
2426 3717 2537 3783 καὶ

193 3826 311 3889 τοῦ
358 3822 738 3888 διατιθέναι
781 3814 1246 3904 ἀπείργεσθαι.

334 4024 349 4052 ¹
386 4028 551 4078 Zuich.
589 4035 637 4077 et
683 4028 876 4077 Meerm.
925 4025 1161 4076 scholium
1209 4024 1416 4074 habent:
1471 4013 1605 4081 αὕτη
1654 4013 1924 4089 ἀνῄρηται
1971 4016 2079 4087 δίγ.
2124 4014 2205 4070 ιδ’
2240 4021 2338 4071 τοῦ
2373 4018 2425 4072 α’
2460 4019 2529 4075 τί.

120 4156 127 4164 .
196 4111 297 4161 τοῦ
330 4104 414 4172 κη’
449 4114 522 4175 βι.
562 4110 678 4161 τῶν
712 4106 821 4176 διγ.
863 4109 976 4159 τῶν
1019 4103 1196 4174 βασιλ.
1235 4110 1309 4171 βι.
1350 4101 1423 4157 λε’
1461 4101 1530 4154 τί.
1573 4097 1626 4154 α’
1658 4119 1781 4174 κεφ.
1825 4098 1908 4164 ις’.
2111 4104 2131 4132 ²
2165 4108 2314 4158 Verba
2347 4102 2400 4158 τί
2435 4104 2538 4170 τὴν

196 4190 371 4246 ἕλευθ.
411 4198 536 4261 apud
575 4197 772 4259 Scrimg.
812 4196 1104 4246 exciderunt.
1242 4190 1262 4219 ³
1299 4192 1448 4243 codd.
1476 4187 1695 4257 κρίνειν.
1753 4191 1909 4241 Beck:
1948 4186 2169 4257 κρίνων,
2209 4195 2337 4258 qnod
2357 4197 2534 4261 recepi.

198 4281 289 4330 Alii
324 4274 497 4346 κρίνει
532 4283 598 4330 vot
635 4274 823 4344 ἔκρινε.
968 4276 989 4306 ⁴
1025 4280 1190 4331 Znicb.
1229 4288 1275 4328 et
1312 4280 1506 4328 mecvm.
1542 4277 1718 4341 κῑρος.
1793 4277 1896 4326 Non
1935 4277 2074 4326 male.

1051 4406 1127 4415 -—-
1166 4408 1179 4413 -
1216 4407 1257 4414 --=-
1282 4408 1311 4413 --
1350 4407 1377 4413 .-
1402 4408 1421 4413 -
1471 4408 1508 4413 -0
1561 4404 1680 4413 ---.-
