2900 4950
1153 198 1271 261 unp.
1309 198 1456 246 mxii
1495 199 1741 251 eumeni.
1856 237 1873 244 -
2490 191 2613 254 343

277 349 583 429 θρωπος.
672 347 778 411 καὶ
831 343 952 431 χρὴ
1008 343 1124 411 διὰ
1176 347 1387 411 ταῦτα
1428 344 1545 411 τὸν
1602 348 1893 431 βασιλέα
1935 341 2015 433 ἢ’
2072 346 2290 434 ἄρχειν
2346 352 2615 432 πάντως

279 440 323 531 ἢ
367 446 661 514 ἕπεσθαι
715 447 811 531 τῷ
863 444 1072 530 καλῷ,
1131 444 1219 532 μὴ
1277 451 1580 531 μέντοιγε
1625 447 1698 513 δέ
1752 471 1922 515 ποτε
1962 447 2303 534 κατάρχειν
2345 457 2557 520 κακῶν
2572 459 2610 535 ⁴,

279 542 449 614 ἀλλὰ
489 548 739 631 μᾶλλον
782 540 934 613 καθ’
970 541 1128 612 ὅσον
1160 553 1404 625 σθένος
1431 553 1849 632 περιτέμνειν
1878 575 1952 617 τε
1984 555 2090 617 καὶ
2121 551 2393 618 κωλύειν
2424 548 2609 636 αὐτὰ,

279 650 391 717 ἵνα
446 648 753 717 ἐντεῦθεν
809 646 981 731 πρὸς
1034 646 1269 714 ἑαυτὸν
1325 648 1443 736 τὴν
1498 653 1630 716 τῶν
1674 648 2016 718 ὑποτελῶν
2060 653 2402 739 ῥυθμίζων
2445 679 2614 739 προ-

279 747 532 833 αίρεσιν
590 745 850 835 άγαθὸς
905 775 984 815 αν
1044 750 1144 836 εἴη
1197 750 1363 817 κατὰ
1421 750 1634 838 ψυχὴν
1688 752 2000 872 βασιλεὺς
2052 756 2164 819 καὶ
2216 753 2334 841 τὴν
2388 755 2614 842 κλῆσιν

280 855 509 940 φέροι5
553 851 1101 946 έπαληθεύουσαν
1147 847 1353 931 ὄντως
1393 863 1540 931 τοῖς
1589 852 1992 939 πράγμασιν.
2083 850 2251 941 άπερ
2298 855 2376 942 δὴ
2422 853 2610 943 καὶῆ

278 948 549 1038 εύσεβὴς
588 947 773 1039 ἡμῶν
815 937 1123 1036 βασιλεία
1164 948 1316 1019 καθ’
1365 953 1600 1040 ἑαυτὴν
1644 954 1961 1022 ἐννοοῦσα
2004 957 2110 1023 καὶ
2141 956 2308 1023 κατὰ
2336 957 2612 1042 δύναμιν

278 1049 542 1140 ἀγαθὸν
606 1049 981 1138 ὑπόδειγμα
1043 1060 1354 1139 γίνεσθαι
1415 1067 1560 1134 τοῖς
1621 1050 1733 1122 ὑπ’
1794 1051 1995 1144 αὑτὴν
2051 1056 2435 1144 ἐπειγομένη
2505 1063 2610 1125 καὶ

275 1153 691 1233 σπεύδουσα,
759 1154 871 1221 ἐπὶ
928 1153 1044 1241 τὴν
1100 1158 1447 1240 παροῦσαν
1497 1156 1984 1241 χρυσόβουλλον
2042 1152 2278 1225 άπεῖδε
2330 1158 2607 1246 γραφὴν,

274 1255 545 1341 μερικὴν
585 1256 707 1339 μὲν
747 1254 865 1340 τὴν
907 1255 1254 1342 πρόφασιν
1300 1257 1537 1341 ἔχουσα
1578 1262 1696 1346 τῆς
1742 1258 2086 1338 ἐκθέσεως,
2132 1259 2494 1347 καθολικὴν
2540 1261 2611 1327 δὲ

274 1355 392 1444 τὴν
434 1355 531 1434 ἐἰς
571 1355 650 1421 τὸ
692 1358 931 1441 μέλλον
977 1353 1326 1444 ἀπόφασιν
1369 1358 1479 1424 καὶ
1508 1359 1656 1480 τὴν.υ
1694 1363 1828 1426 τῶν
1873 1359 2108 1447 ἐφεξῆς
2160 1366 2609 1446 γενησομένων

273 1454 547 1544 ὕστερον
589 1455 1045 1524 ὑποτύπωσιν.
1137 1458 1268 1542 ἔχει
1323 1460 1396 1526 δὲ
1450 1459 1535 1527 τὰ
1577 1465 1693 1547 τῆς
1736 1457 2043 1548 ἀφορμῆς
2086 1457 2327 1541 οὕτως·
2387 1457 2423 1526 5
2480 1488 2611 1546 μα-

272 1566 540 1647 καρίτης
562 1558 885 1645 σεβαστός
907 1562 1101 1644 κῦρος
1143 1571 1753 1639 κωνσταντῖνος
1797 1561 2060 1641 ἐκεῖνος,
2109 1555 2145 1626 5
2172 1557 2463 1649 ἀδελφὸς
2489 1567 2608 1630 τοῦ

271 1657 641 1747 άγιωτάτου
706 1658 1118 1745 πατριάρχου
1185 1662 1930 1743 κωνσταντινουπόλεως
2001 1665 2196 1748 κυροῦ
2267 1689 2517 1751 μιχαη
2504 1662 2604 1744 λ,

269 1760 480 1830 τάλλα
521 1763 642 1846 μὲν
686 1755 1164 1849 άνεπισφαλιῦς
1205 1766 1337 1830 τῶν
1380 1758 1515 1831 κατ’
1565 1760 1764 1831 αὑτὸν
1800 1769 2330 1850 περιεσκέπτετο,
2375 1768 2483 1831 καὶ
2527 1763 2606 1831 τὸ

270 1867 390 1931 τοῦ
435 1862 858 1951 φρονήματος
901 1858 1103 1929 αὑτοῦ
1149 1866 1524 1949 περιδέξιον
1568 1869 1678 1932 καὶ
1704 1865 1820 1951 τὴν
1852 1864 1919 1933 ἐν
1948 1863 2153 1951 ἤθεσι
2179 1868 2291 1931 καὶ
2317 1864 2607 1951 γνώμαις

271 1960 745 2051 εὖαρμοστίαν,
809 1958 911 2042 οἷς
954 1964 1305 2048 ἔπραττεν,
1360 1961 1463 2044 οἷς
1509 1965 1940 2051 ἔγνωμάτευε,
1999 1970 2107 2032 καὶ
2153 1960 2256 2045 οἷς
2297 1965 2607 2033 ἑκάστοτε

269 2077 415 2145 τοῖς
460 2062 820 2151 ὃμιλήσασι
863 2071 1316 2152 προσεφέρετο
1329 2070 1370 2145 ⁰,
1419 2068 1935 2152 διαφανέστερον
1979 2064 2462 2151 παρεστήσατο.
2537 2069 2605 2133 ἓν

270 2170 346 2236 δέ
388 2193 456 2235 τι
508 2166 722 2252 τούτῳ
779 2159 1229 2249 ἀνθρωπίνως
1270 2166 1737 2252 προσώχθισε·
1793 2162 1947 2234 οὐδὲ
1999 2167 2121 2253 γὰρ
2164 2166 2299 2252 πρὸ
2343 2171 2458 2252 τῆς
2499 2193 2606 2234 τε-

272 2271 581 2347 λευταίας
623 2265 861 2333 τούτου
903 2263 1150 2354 ἡμέρας
1203 2268 1372 2352 πρὸἾ
1427 2272 1569 2335 τοῦ·-
1602 2271 1833 2353 καιροῦ
1880 2268 2125 2336 ἐκείνου
2168 2268 2336 2334 κατὰ
2377 2269 2605 2354 καιρὸν

271 2369 727 2456 ἐβουλεύσατο,
775 2363 927 2436 οὐδὲ
969 2370 1054 2437 τὰ
1081 2373 1198 2455 τῆς
1228 2369 1404 2449 ἰδίας
1429 2372 1672 2456 βουλῆς
1702 2370 1769 2437 ἐν
1800 2365 2268 2457 άπηρτισμένῳ
2301 2368 2603 2456 ἐγγράφῳ

268 2473 558 2554 ἐξέθετο.
641 2471 831 2559 ,ἔφθη
889 2473 962 2539 δὲ
1017 2475 1254 2539 τοῦτον
1308 2471 1886 2559 ἐπικαταλαβοῦσα
1939 2469 1976 2560 ἡ
2033 2469 2335 2558 τελευτὴ,
2398 2474 2508 2537 καὶ
2559 2468 2598 2558 ἡ

268 2574 502 2663 ἔσχάτη
560 2577 694 2642 τῶν
743 2570 880 2641 κατ’
931 2569 1129 2641 αὐτὸν
1186 2573 1600 2654 διατύπωσις
1653 2574 1721 2642 ἐν
1776 2575 2097 2660 σχεδαρίῳ
2150 2572 2356 2658 μόνον
2408 2596 2602 2659 περι-

268 2677 533 2766 ελήφθη
580 2671 1020 2762 ἀνάγραπτος.
1111 2671 1248 2743 ἀλλ’
1299 2672 1427 2743 ὅσα
1469 2678 1590 2761 μὲν
1633 2678 1788 2762 περὶ
1831 2678 1950 2742 τοῦ
1995 2675 2342 2760 σχεδαρίου
2380 2680 2603 2760 γέγονε

264 2778 521 2856 τούτου,
565 2778 672 2844 καὶ
702 2773 865 2844 ὅθεν
902 2772 1281 2862 ὁρμώμενος
1321 2773 1356 2843 5
1393 2783 1756 2864 μακαρίτης
1789 2774 2100 2861 βασιλεὺς
2141 2780 2334 2862 κῦρος
2377 2801 2603 2863 νικη-

269 2905 322 2968 φ
338 2879 471 2966 όρο
488 2904 522 2956 ς
546 2874 581 2943 5
604 2876 1099 2963 βοτανειάτη
1116 2903 1150 2956 ς
1173 2878 1437 2957 ἐδέξατο
1459 2882 1654 2945 τοῦτο
1678 2880 1787 2945 καὶ
1808 2872 2175 2955 ἀπεδέξατο
2197 2879 2305 2943 καὶ
2326 2883 2599 2961 βέβαιον

267 2987 489 3067 μένειν
530 2981 642 3044 καὶ
686 2977 1051 3063 ἐῤῥωμένον
1104 2978 1663 3062 παρεκελεύσατο,
1724 2977 1763 3064 ἡ
1817 2976 2301 3062 χρυσόβουλλος
2355 2977 2600 3044 ἐκείνου

270 3083 617 3167 ἐπιφαίνει
668 3077 908 3166 γραφὴ,
964 3080 1078 3146 καὶ
1132 3077 1648 3164 περιλαμβάνειν
1692 3081 1804 3144 νῦν
1850 3079 1944 3157 εἰς
1997 3075 2075 3144 τὸ
2115 3079 2354 3161 μέλλον
2398 3084 2603 3144 καθέ-

270 3206 464 3268 στηκε
504 3179 836 3264 περιττόν.
926 3179 1073 3248 ἐπεὶ
1120 3180 1192 3247 δὲ
1238 3176 1273 3245 5
1317 3179 1400 3246 τὰ
1443 3178 1865 3264 πρωτοτόκια
1910 3183 2130 3265 φέρων
2171 3180 2305 3243 τῶν
2338 3174 2602 3245 παίδων

266 3287 385 3352 τοῦ
452 3285 810 3370 σεβαστοῦ,
893 3276 929 3347 5
993 3287 1196 3366 μέγας
1274 3280 1804 3368 ἐπιφανέστατος
1874 3277 2603 3365 πρωτοκουροπαλάτης

191 3436 202 3441 -
265 3389 461 3471 κῦρος
481 3410 529 3469 μ
546 3383 726 3471 ιχαὴ
743 3384 810 3463 λ,
834 3385 942 3450 καὶ
971 3390 1172 3468 μέγας
1205 3381 1634 3469 δρουγγάριος
1655 3385 1773 3470 τῆς
1798 3383 2046 3468 βίγλης,
2071 3375 2107 3446 5
2136 3378 2601 3466 περιπόθητος

268 3486 561 3573 γαμβρὸς
602 3489 718 3573 τῆς
758 3487 1104 3570 βασιλείας
1143 3480 1328 3571 ἡμῶν
1342 3536 1360 3565 ,
1416 3484 1534 3570 τὴν
1579 3481 1737 3572 ὅλην
1782 3484 2159 3567 οἰκονομίαν
2201 3484 2318 3569 τῆς
2359 3505 2601 3565 πατρι-

267 3592 382 3676 κῆς
426 3584 658 3666 οὐσίας
702 3582 1179 3679 ἀναδεξάμενος
1235 3581 1374 3653 άπὸ
1415 3589 1533 3674 τῆς
1574 3582 1846 3665 ἀτελοῦς
1901 3584 2146 3670 ἐκείνης
2185 3586 2441 3671 γραφῆς
2482 3585 2600 3649 τοῦ

268 3690 540 3776 πατρὸς,
589 3683 706 3755 οὐκ
747 3688 864 3756 ἐπὶ
904 3687 1070 3775 μόνῃ
1115 3691 1194 3774 τῇ
1239 3691 1357 3754 τοῦ
1397 3687 1885 3775 χρυσοβούλλου
1927 3687 2148 3772 γραφῇ
2190 3687 2307 3751 τοῦ
2350 3689 2599 3768 βοτα-

265 3791 600 3859 νειάτου
642 3789 722 3856 τὸ
767 3785 1064 3876 ἀσφαλὲς
1108 3788 1274 3871 ἔχειν
1319 3792 1428 3856 καὶ
1461 3784 2003 3875 ἆπραγμάτευτον
2045 3781 2412 3873 ἠρετίσατο,
2458 3776 2595 3849 ἀλλ’

271 3889 362 3973 ὥς
403 3891 707 3979 νουνεχὴς
762 3885 923 3978 ἀνὴρ
978 3891 1086 3957 καὶ
1144 3889 1459 3975 ἐπίβολος
1510 3887 1665 3967 τοὺς
1713 3884 2369 3973 ὑπεραναβεβηκότας
2410 3877 2600 3950 ἀδελ-

408 4144 428 4175 ⁸
464 4150 774 4214 ConJeceram
811 4147 925 4197 olim
942 4142 1038 4213 μή.
1147 4143 1168 4172 ⁴
1207 4145 1323 4196 Cud.
1358 4143 1552 4201 κακῶς,
1592 4143 1721 4207 quod
1758 4148 1954 4207 propter
1988 4155 2199 4205 sequens
2235 4131 2373 4189 αὑτά
2407 4140 2596 4191 mutavi.

272 4228 295 4260 ⁸
331 4231 449 4282 Cod.
484 4228 697 4299 φέρειν,
735 4231 868 4296 quod
905 4230 1019 4281 olim
1055 4231 1102 4281 iu
1140 4225 1331 4297 φέρων
1369 4228 1647 4281 mutandum
1682 4227 1940 4278 arbitratus
1977 4240 2123 4277 eram.
2233 4223 2255 4253 ⁸
2292 4226 2408 4277 Cod.
2431 4220 2600 4293 προσ-

277 4310 523 4382 φέρεται.
664 4315 682 4342 ²
717 4316 873 4368 Malim
902 4309 1045 4382 περί.
