2900 4950
1055 244 1172 311 Imp.
1207 243 1466 310 Nicephori
1502 244 1793 299 nomime.
2464 234 2589 300 335

414 389 500 478 β’.
584 384 755 458 Au'
804 386 949 458 οἷόν
1001 417 1089 477 με
1127 395 1236 461 καὶ
1280 396 1480 461 τοῦτο
1525 394 1740 462 εἰπεῖν
1786 395 2046 483 ἐπῆλθε
2087 397 2194 464 καὶ
2237 398 2586 486 βασιλικὴν

240 516 340 578 τῳ
397 492 568 580 λόγῳ
622 495 1120 580 προσαναμῒξαι
1182 493 1629 582 προμήθειαν.
1717 495 1993 582 πρᾶγμά
2055 522 2125 562 τι
2188 501 2588 586 καινοφανὲς

243 595 376 660 τῶν
420 589 795 681 ἀνακτόρων
841 594 1025 675 ἐντὸς
1081 595 1286 663 ἔλαθε
1339 595 1810 682 παρεισδυκὸς,
1870 594 2062 664 οῦπω
2102 597 2334 684 χρόνος
2377 597 2591 679 πολὺς

245 693 502 774 ἐξότου·
545 695 656 763 καὶ
698 696 778 762 τὸ
819 698 1094 782 πρᾶγμα
1138 693 1229 775 ὥς
1268 698 1391 781 μὲν
1433 699 1770 781 θεομισὲς,
1817 694 1908 778 ὥς
1954 695 2019 765 δ’
2069 694 2301 778 άκοαῖς
2342 695 2585 786 εὐγνώ-

239 818 444 881 μοσιν
497 791 615 864 οῦκ
672 792 1027 879 ἀνασχετὸν
1037 848 1056 878 ,
1127 799 1236 864 καὶ
1291 792 1372 864 ἵν’
1433 797 1848 885 ἐπιτρέχοντι
1904 798 2077 888 λόγῳ
2142 800 2271 884 ἐρῶ
2328 798 2419 880 ὥς
2473 801 2587 868 διὰ

242 896 514 965 πάντων
556 897 743 984 παρὰ
783 902 960 965 πᾶσι
999 908 1144 976 τοῖς
1187 899 1572 985 φιλαρέτοις
1614 895 2012 988 ἀπόβλητον.
2082 905 2215 969 τῶν
2257 899 2381 987 γὰρ
2423 896 2579 968 καθ’

240 993 414 1085 ἶμᾶς
467 997 873 1085 πραγμάτων
929 1000 1047 1065 τοῦ
1101 997 1342 1079 ιῖξονος
1413 997 1651 1068 ἄλλοτε
1705 999 1921 1082 ἄλλως
1991 1002 2250 1086 ἔχοντος
2305 1004 2412 1069 καὶ
2467 1006 2586 1091 τῆς

241 1104 540 1187 στροφῆς
593 1102 672 1188 τῇ
733 1098 986 1187 δινήσει
1040 1097 1177 1167 ἄνω
1234 1099 1347 1167 καὶ
1401 1100 1578 1167 κάτω
1640 1108 2126 1190 συστρέφοντος
2189 1101 2413 1169 πάντα
2470 1104 2584 1171 καὶ

240 1199 693 1286 περιάγοντος,
741 1201 807 1267 οἱ
848 1200 1014 1268 κατὰ
1058 1200 1371 1285 διαδοχὰς
1411 1205 1546 1268 τῶν
1586 1205 1943 1288 βασιλείων
1975 1203 2584 1289 ἐπιλαμβανόμενοι

242 1300 595 1388 σκήπτρων
636 1302 839 1390 μηδὲν
882 1298 1131 1387 ὁμαλὸν
1175 1305 1574 1390 φρονοῦντες
1603 1304 1771 1387 μηδὲ
1800 1299 2050 1390 εὐγενὲς
2077 1303 2188 1369 καὶ
2214 1304 2578 1390 βασιλικὸν,

237 1406 475 1488 μικροῦ
518 1404 591 1471 δὲ
631 1403 744 1470 καὶ
781 1404 1177 1491 μηνιω”ντες“’
1219 1406 1311 1490 τῷ
1353 1408 1499 1490 θεῷ
1545 1400 1650 1470 ὅτι
1693 1403 1803 1472 καὶ
1831 1404 1948 1491 τὴν
1974 1406 2319 1491 βασιλείαν
2351 1401 2581 1486 αὐτοῖς

241 1502 677 1586 ἐνεπίστευσε,
724 1503 841 1572 ἐπῖ
882 1502 1037 1582 τοὺς
1065 1503 1199 1590 πρὸ
1229 1499 1444 1572 αὐτῶν
1473 1504 1994 1590 βασιλεύσαντας
2019 1505 2176 1584 τοὺς
2202 1506 2369 1574 κατὰ
2399 1511 2581 1595 σφᾶς

240 1600 437 1685 ὅλους
479 1601 758 1690 ’θυμοὺς
818 1600 1240 1673 ἀνακαίουσι·
1304 1602 1642 1685 κάκείνους
1695 1606 1783 1693 μὴ
1842 1606 2193 1691 δυνάμενοι
2247 1614 2580 1677 τίσασθαι

238 1706 489 1794 (κωφὴν
531 1706 653 1793 γὰρ
695 1716 890 1793 γαῖαν
933 1707 1362 1789 αἰκίσασθαι,
1419 1702 1540 1775 κᾶν
1582 1707 1912 1795 μεμήνασι
1954 1709 2103 1774 λίαν
2122 1759 2139 1788 ,
2201 1708 2575 1792 ἐπέχονται)

239 1807 354 1875 ἐπὶ
409 1808 563 1888 τοὺς
616 1811 1243 1895 καθυπηρετοῦντας
1297 1807 1561 1888 τούτοις
1615 1804 1659 1896 ἢ
1700 1808 1867 1875 κατὰ
1908 1815 2093 1895 γένος
2136 1805 2275 1894 ἅμα
2317 1810 2577 1897 προσήυ

235 1932 469 1989 κοντας
520 1908 770 1988 πόσαις
812 1915 1130 1997 φέρονται
1169 1920 1318 1988 ταῖς
1363 1906 1632 1994 ὁρμαῖς·
1699 1909 1811 1976 καὶ
1855 1908 1891 1975 ὃ
1935 1909 2179 1993 πάσχει
2222 1911 2401 1998 φορὰ
2444 1935 2574 1978 πο-

234 2015 479 2094 ταμοῦ,
538 2005 895 2097 ἀντιτυπία
946 2010 1329 2094 κωλύματος
1379 2014 1498 2096 τῆς
1555 2009 1649 2088 εἷς
1702 2009 2176 2096 τοῦμπροσθεν
2234 2005 2575 2094 ἅναχαιτι-

238 2116 487 2179 σθεῖσα
540 2107 744 2197 ὁρμῆς
799 2105 899 2198 ἐφ’
963 2110 1181 2197 ἕτερον
1235 2118 1671 2196 μετατίθεται
1725 2108 1935 2193 ὄχθον
1945 2161 1962 2190 ,
2023 2121 2282 2179 κακεῖσε
2337 2113 2567 2199 πολλῷ

235 2219 751 2280 συνωθισθεῒσα
810 2214 905 2298 τῷ
971 2211 1167 2298 ῥοίζῳ
1233 2208 1414 2279 ἅπαν
1477 2211 1556 2278 τὸ
1623 2212 1999 2298 παρατυχὸν
2064 2211 2438 2298 παρασύρει
2491 2217 2572 2302 τῇ

232 2313 595 2402 πλημμύρᾳ
636 2317 754 2380 τοῦ
797 2308 1057 2393 ῦδατος,
1102 2316 1298 2379 τοῦτο
1341 2309 1629 2381 κάκεῖνοι
1675 2308 1956 2404 ἀγεννῶς
1997 2312 2108 2379 καὶ
2149 2318 2430 2382 ποιοῦσι
2461 2315 2574 2383 καὶ

230 2415 585 2500 πάσχουσι.
674 2419 806 2485 τιῦν
847 2414 970 2502 γὰρ
1015 2412 1149 2500 πρὸ
1196 2410 1412 2482 αὐτῶν
1475 2416 1803 2501 βασιλέων
1845 2410 2411 2502 ἀποτυγχάνοντες
2455 2416 2575 2485 ἐπὶ

229 2516 386 2598 τοὺς
429 2517 700 2598 ἐκείνοις
741 2523 1274 2604 προσανέχοντας
1315 2517 1432 2584 τὸν
1478 2514 1634 2586 ὅλον
1661 2515 1883 2601 θυμὸν
1915 2511 2414 2605 o'woedffoovm‘,
2459 2518 2575 2586 καὶ

233 2614 606 2707 ἆπληστίαν
657 2621 964 2706 μίξαντες
1019 2621 1114 2705 τῷ
1169 2622 1403 2705 θυμῷ,
1460 2621 1569 2687 καὶ
1624 2623 1998 2705 καθαπερεὶ
2053 2620 2398 2705 ποταμοὺς
2452 2618 2573 2687 δύο

232 2721 343 2789 ἐπὶ
400 2727 558 2805 μίαν
620 2712 1104 2800 συνελάσαντας
1159 2720 1467 2807 φάραγγα
1519 2720 1638 2799 τὰς
1680 2723 1812 2786 τῶν
1856 2715 2170 2788 άναιτίων
2217 2716 2447 2802 οὗσίας
2488 2725 2569 2809 τῇ

229 2822 509 2908 παρόδῳ
555 2816 757 2900 εὐθὺς
798 2821 1274 2907 κατασύρουσι,
1332 2825 1444 2888 καὶ
1485 2822 1639 2901 τοὺς
1679 2823 1883 2908 μηδὲν
1930 2816 2433 2909 ἁμαρτήσαντας
2477 2819 2570 2903 ὥς

181 2984 186 2988 ,
227 2919 587 3000 ὕποδίκους
631 2922 726 3000 εἷς
769 2922 950 3009 δίκην
993 2922 1129 3007 πρὸ
1174 2923 1558 3009 ›tamdia-179⁹
1600 2918 1988 3007 ὑπάγουσιν.
2058 2917 2159 3008 ἐφ’
2209 2913 2264 3009 ᾧ
2305 2929 2408 3002 τίς
2451 2919 2568 2992 οὐκ

230 3018 311 3091 ἂν
367 3018 648 3110 ἂλγήσοι
696 3028 964 3108 μέτριος
1008 3020 1374 3108 ἄνθρωπος
1414 3027 1524 3090 καὶ
1566 3026 1683 3089 τοῦ
1727 3024 1929 3099 καλοῦ
1974 3023 2479 3108 στοχαζόμενος,
2526 3020 2570 3111 ἢ

226 3129 377 3204 πῶς
428 3135 574 3203 τοῖς
627 3127 840 3201 κακῶς
893 3126 1239 3189 παθοῦσιν
1293 3119 1369 3190 οὗ
1428 3121 1807 3203 συστενάξει
1851 3121 2359 3209 ἑπικαιρότατας
2418 3125 2567 3190 δέον

224 3220 269 3314 ἢ
327 3221 581 3293 ἁλῶναι
635 3224 910 3304 τούτους
964 3220 1417 3312 ἡμαρτηκότας
1477 3232 1772 3310 νομίμως
1827 3226 1935 3291 καὶ
1991 3223 2107 3312 τὴν
2164 3219 2309 3291 άπὸ
2360 3223 2565 3308 νόμου

225 3327 468 3415 ποινὴν
509 3326 678 3395 κατὰ
717 3330 836 3393 τοῦ
878 3332 1180 3405 τένοντος
1224 3328 1582 3407 δέξασθαι,
1640 3320 1684 3414 ἢ
1725 3326 1814 3414 μὴ
1862 3325 2101 3413 ἔρημον
2142 3328 2260 3392 τοῦ
2307 3326 2566 3393 δικαίου

225 3430 310 3496 τὰ
349 3433 484 3496 τῶν
526 3430 891 3498 καταδίκων
936 3423 1110 3494 οὕτω
1153 3436 1408 3497 παθεῖν
1451 3430 1562 3496 καὶ
1588 3425 2324 3523 βαρυσυμφορωτάτους
2355 3426 2426 3507 ἐξ
2453 3422 2567 3495 οὗ·

228 3529 412 3610 δενὸς
469 3531 685 3599 αἰτίου
740 3535 1076 3617 γενέσθαι.
1165 3527 1330 3617 ὅπερ
1387 3525 1468 3597 ἵν’
1530 3531 1824 3599 ἐνταῦθα
1879 3533 2000 3618 στῇ
2058 3533 2174 3617 τῆς
2216 3531 2568 3617 συμφορᾶς

223 3635 332 3699 καὶ
374 3638 604 3719 μηκέτι
643 3636 756 3700 καὶ
798 3632 892 3711 εἰς
932 3628 1407 3719 τοῦμπροσθεν
1451 3632 1933 3719 προοδεύσαιω,
1981 3635 2074 3718 τῷ
2094 3633 2323 3719 μακρῷ
2350 3631 2564 3719 χρόνῳ

228 3733 322 3812 εἷς
376 3733 579 3813 ἔθους
632 3734 820 3815 τάξιν
876 3734 1448 3819 προβιβαζόμενον
1499 3737 1609 3801 καὶ
1669 3730 1880 3813 οὕτως
1937 3733 2031 3812 εἰς
2088 3733 2293 3817 νόμου
2348 3732 2563 3798 τύπον

223 3841 776 3920 μετατιθέμενον,
837 3829 1111 3920 εὖγενῶς
1162 3838 1272 3902 καὶ
1329 3838 1478 3901 λίαν
1530 3836 1920 3955 βασιλικῶς
1945 3830 1986 3920 ἡ
2044 3831 2403 3919 γαληνότης
2443 3835 2564 3898 τοῦ

223 3934 501 4021 κράτους
551 3933 739 4058 ἧμέῦν
805 3932 1030 4021 ἵστησι
1083 3938 1197 4002 νῦν
1250 3938 1361 4003 καὶ
1400 3934 1518 4022 τὴν
1561 3937 1679 4002 τοῦ
1723 3938 1920 4001 κακοῦ
1967 3933 2305 4020 σηπεδόνα
2346 3938 2563 4000 καθα-

228 4040 415 4123 περεὶ
458 4042 732 4127 καυτῆρι
772 4039 867 4123 τῷ
912 4033 1200 4122 παρόντι
1236 4035 1700 4123 χρυσοβούλλῳ
1745 4034 1917 4122 λόγῳ
1950 4032 2320 4114 πατάξασα,
2370 4028 2451 4101 δι’
2484 4057 2557 4101 ου

358 4271 379 4299 “’
423 4276 492 4325 lta
538 4277 663 4341 conj.
713 4279 872 4328 witto.
943 4277 1060 4327 Cod.
1105 4275 1422 4343 μονιιῦντες.
1632 4273 1655 4303 ⁸
1703 4276 1845 4327 Witte
1880 4266 2291 4343 ἄναῤῥῆσσουσι
2323 4273 2413 4338 legi
2447 4274 2559 4326 vult.

223 4356 247 4387 ⁰
277 4358 412 4409 Idem
447 4360 572 4424 conj.
606 4355 746 4428 πρὸς
776 4355 1086 4420 καταδίκην.
1235 4358 1275 4386 ¹⁰
1310 4359 1426 4411 Cod.
1461 4355 1811 4430 προοδεῦσαι.
1887 4363 2030 4412 Wiue
2066 4361 2190 4427 conj.
2225 4352 2552 4427 προοδεύσῃ.
