2900 4950
353 256 428 316 10
1230 265 1347 316 Coll.
1388 267 1424 316 l.
1493 267 1605 317 Nor.
1645 267 1716 317 tv,
1753 268 1802 318 V.

345 418 625 481 custodiri
672 417 1068 480 necessarium
1115 436 1249 481 esse
1293 427 1591 498 putamus.
1679 418 1888 480 Petivit
1915 418 2092 498 igitur
2123 426 2220 479 tua
2252 415 2553 478 beatitudo
2582 436 2698 497 per

341 520 618 583 Evasium
661 520 1216 582 reverendissimum
1261 519 1595 593 diaconum,
1640 520 1866 583 divinas
1909 520 2141 599 regulas
2183 528 2361 599 atque
2391 519 2692 599 privilegia

341 624 474 686 data
521 631 726 685 sancto
769 623 1018 684 concilio
1064 632 1163 685 tuo
1208 621 1299 683 vel
1340 622 1622 684 ecclesiae
1666 632 1802 684 tuae
1846 621 2115 683 inviolata
2161 620 2476 683 custodiri:
2530 630 2595 682 ut
2639 621 2691 682 si

342 725 584 805 qnando
626 732 833 787 contra
878 725 1123 786 elericos
1166 724 1462 787 accusatio
1497 725 1869 804 processerit,
1916 743 2068 805 quae
2113 722 2439 805 pertineat²
2480 723 2553 784 ad
2601 722 2697 784 di-

343 827 508 889 vinas
551 826 816 906 regulas,
884 845 1003 888 non
1049 836 1192 906 aput
1229 826 1461 906 judices
1507 826 1703 887 civiles
1747 835 1848 888 aut
1891 825 2171 887 militares
2216 842 2428 887 causae
2472 824 2698 885 exami-

342 929 503 991 natio
531 928 831 1008 procedat,
878 929 981 990 sed
1014 928 1088 990 ad
1134 937 1290 990 tuam
1324 926 1764 1001 beatitudinem,
1810 928 1964 993 sicut
2003 935 2063 989 et
2106 936 2277 1007 pater
2303 925 2538 989 noster³
2581 945 2698 1006 per

341 1030 568 1092 divinos
613 1029 810 1110 apices
854 1028 1174 1091 constituit.

519 1136 573 1195 1.
606 1133 980 1212 Quapropter
1010 1132 1308 1194 sancimus
1339 1131 1668 1193 secundum
1698 1131 2028 1193 divinarum
2055 1129 2386 1209 regularum
2419 1138 2694 1192 tenorem

340 1242 516 1313 atque
559 1233 1005 1313 dispositionem
1051 1234 1236 1313 patris
1281 1233 1488 1304 nostri,
1534 1232 1846 1313 episcopos
1888 1232 2008 1294 sive
2038 1251 2246 1294 omnes
2275 1232 2518 1294 clericos
2546 1231 2697 1293 sub-

336 1333 527 1413 jectos
571 1340 706 1396 tuae
753 1334 1128 1409 beatitudini,
1187 1336 1239 1397 si
1293 1344 1646 1397 accusantur
1688 1334 1762 1397 ab
1805 1334 2033 1414 aliquo,
2092 1334 2203 1396 sul)
2247 1344 2345 1396 tua
2388 1333 2692 1396 audientia

341 1437 679 1499 satisfacere
724 1437 783 1498 in
831 1436 923 1499 his
954 1456 1107 1517 quac
1150 1437 1225 1498 ad
1269 1435 1598 1516 regularem
1628 1436 1895 1497 ordinem
1930 1436 2256 1516 pertinent:
2303 1435 2435 1516 quia
2484 1444 2690 1496 nostra

341 1537 529 1617 pietas
574 1538 721 1600 haec
764 1538 928 1619 ipsa*
972 1547 1149 1618 atque
1192 1539 1491 1619 privilegia
1535 1538 1670 1601 data
1716 1546 1920 1601 sancto
1965 1537 2213 1599 concilio
2256 1547 2358 1600 tuo
2402 1536 2693 1618 praevidit

340 1641 712 1700 confirmare.

510 1743 570 1804 2.
598 1741 793 1821 Super
820 1741 969 1803 haec
997 1740 1214 1820 petisti,
1260 1750 1327 1802 ut
1354 1741 1595 1820 quando
1624 1760 1775 1821 opus
1805 1742 1981 1803 fuerit
2007 1741 2080 1803 ad
2115 1749 2377 1803 nostram
2408 1741 2689 1821 pietatem

342 1852 474 1905 tuos
516 1842 892 1922 responsales
936 1842 1218 1923 dirigere,
1282 1842 1481 1905 nullus
1536 1862 1639 1905 eos
1697 1842 2005 1922 prohibeat
2050 1843 2352 1922 navigare:
2414 1843 2569 1922 quod
2627 1854 2692 1907 et

339 1942 511 2005 nobis
566 1943 816 2024 placuit,
877 1954 942 2006 ut
998 1944 1140 2006 nihil
1200 1944 1668 2007 necessariorum
1727 1945 1904 2007 lateat
1955 1953 2189 2007 nostras
2232 1964 2425 2006 aures.
2517 1944 2689 2007 Unde

338 2044 632 2107 licentiam
678 2055 813 2107 tuae
859 2045 1200 2108 beatitudini
1246 2047 1487 2120 damus,
1543 2055 1610 2108 ut
1641 2046 1900 2126 quando
1944 2066 2094 2126 opus
2140 2047 2315 2109 fuerit
2355 2056 2456 2108 aut
2498 2047 2691 2109 eccle·

338 2146 460 2209 siae
504 2155 641 2209 tuae
684 2157 785 2210 aut
826 2148 1124 2209 communi
1177 2149 1510 2228 provinciae
1567 2149 1642 2209 ad
1697 2148 2072 2210 serenitatem
2120 2157 2380 2211 nostram
2425 2148 2684 2229 aliquem

338 2249 736 2311 transmittere
779 2250 1086 2312 docturum
1133 2269 1343 2312 causas
1388 2250 1782 2325 necessarias,
1847 2250 1976 2311 sinc
2019 2249 2216 2329 aliquo
2260 2250 2686 2330 impedimento

337 2349 629 2428 dirigere⁵
671 2370 839 2426 eum,
893 2361 956 2413 ut
1000 2352 1297 2413 veritatem
1343 2351 1649 2417 audientes
1694 2350 1970 2431 quicquid
2018 2360 2251 2432 oportet
2293 2352 2418 2414 lieri
2460 2361 2689 2415 statua-

337 2469 489 2513 mus.
576 2450 736 2514 Alios
780 2473 916 2515 vero
974 2453 1283 2533 episcopos
1339 2451 1495 2515 illius
1552 2453 1884 2534 provinciae
1941 2453 1992 2516 si
2048 2456 2415 2517 necessariae
2465 2473 2686 2518 causae

337 2553 684 2616 emerserint
740 2555 814 2616 ad
874 2574 982 2616 nos
1038 2554 1289 2633 dirigere
1345 2564 1447 2616 aut
1501 2556 1574 2617 ad
1621 2565 1881 2617 nostram
1930 2556 2126 2617 venire
2169 2556 2476 2636 pietatem,
2542 2577 2684 2620 cum

333 2655 630 2717 voluntate
671 2655 940 2737 primatis
984 2656 1097 2718 hoc
1139 2656 1371 2719 faciant.

505 2757 664 2819 Haec
706 2777 846 2837 ergo
891 2766 988 2820 tua
1034 2757 1333 2820 beatitudo
1376 2759 1609 2821 effectui
1640 2759 1872 2822 tradere
1910 2758 2340 2840 observareque
2382 2770 2680 2841 procuret.

336 2857 553 2939 ἱεραὶ·
617 2859 757 2923 Dat.
815 2860 951 2922 Kal.
1012 2858 1209 2937 Majas
1270 2861 1730 2942 Constantinop.
1789 2867 2029 2942 imperii
2077 2863 2326 2927 Domini
2390 2862 2683 2927 luscini

334 2960 453 3022 PP.
500 2962 647 3040 Aug.
694 2964 848 3026 Anu.
898 2962 1017 3024 111.
1067 2965 1259 3043 [post]
1310 2963 1490 3025 Cous.
1536 2962 1802 3041 ejusdem
1850 2964 1934 3028 11.

1356 3285 1529 3345 Nov.
1579 3285 1641 3346 V.

1270 3401 1415 3481 lmp.
1459 3401 1742 3463 Justini
2181 3475 2188 3480 ι

628 3515 693 3563 ut
735 3503 914 3581 gratis
960 3504 1103 3563 flant
1148 3502 1577 3581 provinciarum
1623 3504 1947 3585 praesides.
2035 3507 2124 3581 (Α.
2171 3506 2375 3582 569.)“

341 3651 525 3746 Περὶ
576 3660 711 3725 τοῦ
764 3658 1034 3744 προῖκα
1078 3652 1251 3735 τοὺς
1301 3661 1457 3728 τῶν
1502 3658 1878 3752 ἐπαρχιῶν
1914 3658 2283 3751 ἄρχοντας
2319 3657 2678 3760 γίνεσθαι

329 3777 408 3847 ἐκ
459 3768 773 3868 δεήσεως
836 3779 992 3844 τῶν
1043 3801 1119 3844 τε
1175 3771 1779 3870 θεοφιλεστάτων
1846 3779 2268 3851 ἐπισκόπων
2303 3763 2447 3874 jeai,
2501 3804 2679 3870 κτη-

463 3973 483 4000 ²
515 3975 683 4025 Editus
718 3977 841 4026 liber
876 3977 1015 4039 tegit:
1052 3984 1293 4045 pertinent.
1431 3977 1449 4006 ⁸
1489 3980 1558 4031 Cf.
1596 3982 1719 4031 duae
1756 3981 1863 4031 illae
1892 3983 2139 4047 jussiones
2155 3982 2409 4032 Justiniani
2449 3983 2564 4046 lmp.
2585 3996 2676 4045 pro

328 4057 566 4121 privilegio
593 4060 784 4111 concilii
810 4060 1042 4115 vizaceni.
1180 4061 1201 4091 ⁴
1238 4065 1406 4116 Forte:
1447 4069 1567 4117 hunc
1602 4068 1752 4130 ipsum
1787 4081 1857 4117 sc.
1892 4068 2126 4117 ordinem.
2281 4066 2301 4095 ⁵
2338 4068 2503 4119 Oratio
2540 4057 2676 4114 ἂνα-

325 4136 604 4197 κόλουθος.
684 4146 904 4196 Fortasse
938 4149 1083 4210 paulo
1119 4156 1229 4198 ante
1263 4152 1306 4200 εἰ
1342 4153 1527 4215 quanda
1564 4165 1652 4213 pro
1685 4160 1737 4201 nt
1772 4154 1961 4215 quaudo
1995 4151 2265 4214 legendnm.

464 4226 477 4255 ¹
514 4229 596 4278 Est
633 4230 678 4278 in
717 4230 999 4281 collectione
1047 4233 1343 4283 Novellarum
1389 4235 1564 4283 Justini
1613 4242 1809 4298 quarta,
1860 4236 1987 4285 unde
2033 4238 2333 4298 Scrinigerus
2382 4237 2547 4285 edidit.
2620 4237 2674 4286 ln

329 4313 612 4364 collectione
655 4314 748 4365 168
784 4316 1081 4366 Novellarum
1118 4319 1230 4367 Nov.
1276 4319 1367 4369 149
1416 4318 1576 4369 locum
1614 4320 1811 4370 obtinet.
1882 4321 2146 4371 Athanasio
2189 4322 2432 4386 incognita
2477 4321 2593 4383 luit,
2640 4336 2669 4371 a

327 4399 579 4450 ‘l'lncodoro
613 4406 775 4450 autern
810 4401 1067 4465 epitomata
1103 4410 1194 4453 est.
