2900 4950
342 225 467 289 318
1133 241 1252 294 con.
1287 242 1366 294 111.
1437 242 1551 292 Nov.
1587 241 1738 293 xxnx.
1774 243 1905 293 xxx.

343 391 636 457 δυνατῶν
679 387 774 466 εἷς
817 387 1134 475 δυνατοὺς
1178 387 1467 455 εἰώθασι
1508 396 2024 473 μετατίθεσθαι,
2067 386 2112 478 ἢ
2154 385 2296 457 άπὸ
2338 385 2697 461 ἀδυνάτων

343 493 436 571 εἷς
480 485 861 570 ἀδυνάτους,
905 484 948 575 ἢ
992 485 1131 557 ἀπὸ
1177 491 1472 556 δυνατῶν
1517 490 1612 568 εἰς
1656 485 2036 569 ἀδυνάτους,
2082 486 2125 577 ἢ
2169 486 2309 559 άπὸ
2340 487 2696 561 ἀδυνάτων

340 593 435 671 εἷς
477 591 811 671 δυνατοὺς,
856 590 942 657 τὰ
981 593 1101 674 μὲν
1143 587 1267 678 ἤδη
1313 596 1923 676 προθεσπισθέντα
1953 592 2066 659 ἐπὶ
2097 596 2231 661 τῶν
2259 597 2461 680 τριῶν
2491 595 2697 681 πριό-

337 696 526 761 των“
579 695 688 759 καὶ
731 691 952 776 μόνων
994 693 1112 779 τὴν
1160 690 1343 774 ἰσχὺν
1388 692 1517 770 ἕξει
1564 692 1909 775 θεμάτων,
1968 691 2119 782 ἤτοι
2163 694 2280 761 ἐπὶ
2321 722 2394 763 τε
2435 699 2569 763 τῶν
2617 696 2695 763 ἐκ

340 796 634 862 δυνατῶν
693 794 787 872 εἷς
831 791 1146 871 δυνατοὺς
1187 798 1614 876 μεταθέσεων
1659 796 1766 860 καὶ
1813 789 1952 860 άπὸ
1998 790 2339 862 ἀδυνάτων
2384 796 2479 874 εἷς
2522 795 2693 863 ἀδυ-

338 898 575 975 νάτους
628 898 735 962 καὶ
796 891 933 961 άπὸ
987 896 1280 961 δυνατῶν
1328 893 1421 972 εἰς
1466 888 1845 973 ἀδυνάτους.
1934 895 2012 961 τὸ
2055 896 2177 981 γὰρ
2220 903 2534 982 τέταρτον
2575 923 2690 964 κε-

339 997 628 1087 φάλαιον
686 998 1066 1082 ἰδικωτέρας
1107 998 1218 1062 καὶ
1262 997 1915 1082 φιλανθρωποτέρας
1956 997 2251 1076 τεύξεται
2294 1002 2410 1084 τῆς
2451 994 2691 1085 ἡμετέ-

337 1125 459 1185 ρας
503 1100 874 1187 ἑρμηνείας·
923 1097 1067 1165 ἐπεὶ
1113 1097 1235 1183 γὰρ
1282 1091 1571 1181 εὐχέρεια
1616 1102 1757 1175 τοῖς
1802 1098 2108 1176 δυνατοῖς
2152 1097 2365 1186 πολλή
2404 1105 2508 1178 τίς
2537 1100 2691 1166 ἐστι

335 1201 509 1287 πρὸς
552 1200 629 1267 τὸ
672 1200 792 1279 τὰς
832 1198 1227 1286 πανηγύρεις
1270 1193 1408 1265 άπὸ
1452 1202 1585 1265 τῶν
1630 1199 1901 1265 δικαίων
1943 1203 2075 1265 τῶν
2120 1195 2460 1267 ἀδυνάτων
2505 1195 2688 1267 άπο-

336 1307 654 1371 σπᾶσθαι
666 1307 727 1382 ⁸⁷,
775 1302 1186 1383 θεσπίζομεν
1230 1299 1297 1366 ἓν
1341 1299 1553 1386 τούτῳ
1596 1304 1690 1384 τῷ
1736 1301 2074 1387 κεφαλαίῳ
2118 1299 2209 1388 μὴ
2239 1298 2456 1380 ἄλλως
2482 1305 2687 1367 τοῦτο

335 1413 757 1489 παραχωρεῖν
799 1408 1141 1488 γίνεσθαι,
1187 1399 1385 1489 ἤγουν
1427 1400 1546 1487 τὴν
1591 1397 1732 1469 ἀπὸ
1773 1405 1908 1467 τῶν
1954 1396 2294 1482 ἀδυνάτων
2339 1402 2435 1481 εἷς
2479 1402 2685 1469 δυνα-

334 1506 490 1584 τοὺς
544 1509 661 1591 τῆς
716 1503 1139 1590 πανηγύρεως
1179 1502 1578 1586 μετάθεσιν,
1640 1503 1698 1569 εἰ
1740 1502 1828 1589 μὴ
1876 1498 2309 1587 ὁμοθυμαδὸν
2355 1497 2688 1587 ἀναχωρεῖ

338 1605 573 1673 ἅπασα
617 1606 931 1682 ἑκουσίως
972 1605 1079 1669 καὶ
1126 1603 1337 1670 ἐκεῖσε
1385 1610 1795 1688 μεθίσταται
1840 1604 2009 1671 ἔνθα
2050 1607 2156 1671 καὶ
2203 1602 2526 1689 πρότερον
2568 1609 2682 1673 καὶ

338 1707 406 1774 ἐκ
449 1708 743 1772 παλαιοῦ
801 1711 1188 1772 συνίστατο·
1246 1701 1336 1783 ὥς
1381 1710 1749 1788 συντρέχειν
1795 1704 2088 1772 ἐνταῦθα
2130 1705 2215 1772 τὰ
2260 1705 2377 1771 δύο
2422 1703 2681 1791 εὔλογα,

334 1807 413 1876 τό
470 1833 544 1874 τε
595 1810 712 1893 τῆς
767 1801 1197 1893 ἀρχαιότητος
1254 1807 1509 1873 δίκαιον
1563 1808 1672 1872 καὶ
1727 1804 1844 1893 τὴν
1902 1811 2019 1873 τοῦ
2077 1806 2329 1885 παντὸς
2370 1807 2685 1894 πλήθους

336 1906 652 1997 σύῤῥοιάν
705 1933 780 1974 τε
832 1910 942 1973 καὶ
987 1906 1381 1990 σύμπνοιαν.
1472 1910 1583 1974 καὶ
1624 1907 1778 1993 γὰρ,
1838 1908 1896 1975 εἰ
1938 1908 2104 1991 τάχα
2149 1908 2215 1975 ἐν
2259 1919 2403 1987 τοῖς
2448 1907 2682 1989 ἄλλοις

332 2014 510 2096 τρισὶ
573 2016 822 2093 θέμασι
873 2010 980 2075 καὶ
1025 2007 1103 2074 τὸ
1149 2012 1216 2076 ἓν
1263 2008 1531 2095 εὔλογον
1578 2003 1652 2073 ὂν
1693 2006 1897 2093 μόνον
1942 2005 2175 2077 οἶδεν138
2220 2004 2471 2095 ἀρκεῖν,
2533 2006 2680 2077 οἷον

332 2114 537 2199 μόνην
592 2111 708 2199 τὴν
765 2109 1140 2194 σύμπνοιαν
1198 2107 1309 2178 ὅτε
1367 2108 1605 2178 ἅπασα
1645 2116 2053 2193 μεθίσταται
2094 2107 2132 2198 ἡ
2181 2110 2572 2198 πανήγυρις,
2632 2140 2676 2200 η

332 2216 536 2301 μόνην
579 2211 697 2299 τὴν
742 2207 1140 2299 ἀρχαιότητα
1201 2212 1622 2299 διϊσταμένης
1668 2210 1971 2297 δηλονότι
2013 2215 2117 2278 καὶ
2167 2213 2680 2300 διατεμνομένης

334 2317 430 2393 εἷς
473 2313 588 2380 δύο
632 2317 747 2399 τῆς
791 2312 1229 2399 πανηγύρεως,
1278 2309 1415 2379 ἀλλ’
1451 2314 1564 2381 ἐπὶ
1596 2316 1713 2379 τοῦ
1744 2312 2057 2397 τετάρτου
2089 2313 2282 2381 τοῦδε
2310 2317 2678 2401 κεφαλαίου

329 2415 448 2505 τὴν
490 2419 622 2483 τῶν
667 2414 785 2482 δύο
831 2409 1115 2501 εὐλόγων
1160 2417 1593 2482 συνέλευσιν89
1636 2410 1807 2484 εἶναι
1848 2413 2195 2498 κελεύομεν
2238 2414 2351 2482 ἐπὶ
2394 2418 2487 2502 τῷ
2518 2442 2679 2500 κρα-

329 2529 470 2586 τεῖν
524 2516 640 2606 τὴν
696 2512 834 2582 ἀπὸ
893 2511 1230 2583 ἀδυνάτων
1288 2517 1381 2595 εἰς
1436 2517 1753 2596 δυνατοὺς
1794 2515 2160 2608 μετάθεσιν
2203 2520 2336 2583 τῶν
2380 2518 2677 2603 πανηγύ-

329 2645 527 2703 ρεων,
587 2617 706 2706 τήν
761 2643 832 2685 τε
875 2619 1200 2705 ῥηθεῖσαν
1243 2621 1361 2683 τοῦ
1405 2617 1659 2696 παντὸς
1704 2618 2080 2702 σύμπνοιαν
2123 2620 2227 2684 καὶ
2274 2617 2352 2683 τὸ
2397 2623 2512 2704 τῆς
2554 2616 2677 2704 ἆρ-

326 2721 678 2807 χαιότητος
733 2721 1019 2786 δίκαιον·
1073 2729 1220 2797 τοῖς
1263 2726 1504 2806 πένησι
1547 2718 1763 2807 πάντη
1808 2731 1996 2803 χεῖρα
2038 2719 2297 2806 βοηθὸν
2339 2714 2676 2806 ὀρέγοντες

328 2827 436 2891 καὶ
480 2823 558 2889 τὸ
603 2820 838 2906 περιὸν
880 2825 996 2909 τῆς
1040 2820 1378 2904 δυνάμεως
1418 2825 1550 2887 τῶν
1596 2823 1890 2887 δυνατῶν
1922 2816 2448 2900 ἀναστέλλοντες,
2496 2819 2535 2886 ὃ
2562 2826 2669 2889 καὶ

327 2927 422 3011 τῷ
466 2928 806 3010 μακαρίτῃ·
836 2911 1162 3009 πάππῴ90
1204 2918 1389 3010 ἡμῶν
1431 2924 1699 3009 βασιλεῖ
1740 2926 1914 3008 κυρῷ
1959 2924 2242 3009 ῥωμανῷ
2287 2926 2381 3010 τῷ
2414 2928 2674 3009 γέροντι

327 3031 804 3112 μεμερίμνηται
846 3024 1061 3091 πάλαι
1105 3024 1347 3110 ἄριστα
1391 3025 1503 3092 ἐπὶ
1548 3034 1700 3103 ταῖς
1726 3027 1859 3091 τῶν
1888 3018 2209 3111 ἀκινήτων
2238 3025 2510 3091 δικαίων
2536 3028 2671 3092 τῶν

329 3122 668 3194 άδυνάτων
712 3125 884 3210 πρὸς
929 3125 1246 3205 δυνατοὺς
1290 3126 1731 3213 ἐκποιήσεσιν.

461 3380 506 3408 ⁸⁸
545 3382 694 3430 codd.
730 3377 817 3429 καὶ
856 3375 1108 3445 πρῶτων.
1251 3381 1290 3407 ⁸⁷
1330 3385 1480 3431 Codd.
1516 3377 1872 3432 ἐπισπᾶσθαι.
2032 3381 2074 3408 ⁸⁸
2113 3385 2253 3434 Wittc
2289 3383 2519 3447 conjecit:
2559 3375 2668 3430 ἔοι-

325 3480 433 3514 κεν.
640 3461 685 3490 ⁸⁹
733 3466 870 3514 Laut.
909 3459 1184 3513 ἐνέλευσιν.
1394 3464 1438 3491 ⁹⁰
1475 3468 1646 3516 wine:
1699 3468 1926 3530 „Rectius
1962 3462 2340 3533 προπάππῳ“.
2415 3468 2483 3516 lta
2519 3482 2667 3531 snpra

326 3556 617 3598 consulum?-

2648 2107 2680 2132 n
2760 2103 2769 2110 .
