2900 4950
685 246 837 310 lmpp.
876 244 1174 296 Constantini
1213 245 1618 311 Porphyrogeniu‚
1654 248 1853 297 Romani
1883 247 2105 313 Junioris.
2438 231 2557 296 281

397 394 484 461 δ’.
568 388 901 472 Ὡσαύτως
953 395 1026 460 δὲ
1089 396 1198 461 καὶ
1254 394 1706 462 τελευτώντων
1747 398 1946 462 τινῶν
1992 390 2399 475 ἇδιαθέτως,
2457 400 2565 463 καὶ

224 495 392 582 μηδὲ
448 505 775 581 συγγενεῖς
829 493 1109 578 ἐχόντων
1168 495 1354 562 ἕκτου
1398 498 1706 580 βαθμοῦ,
1764 494 1850 562 τὰ
1895 497 2297 581 διαφέροντα
2342 489 2568 574 αὐτοῖς

224 597 320 681 τῷ
364 596 659 683 δημοσίῳ
717 596 1233 680 εἰσκομίζεσθαι.
1324 597 1725 680 διαθεμένου
1784 597 1886 676 δὲ,
1944 590 2063 662 κᾶν
2108 606 2437 681 συγγενεῖς
2479 596 2566 683 μὴ

227 691 639 781 εὑρίσκονται
678 700 790 764 καὶ
833 697 1002 763 ἰ’διοι
1027 702 1218 784 μέχρι
1244 701 1362 763 τοῦ
1396 698 1735 784 εἰρημένου
1765 702 2058 783 βαθμοῦ,
2107 696 2571 785 φυλάττεσθαι

224 797 310 864 τὰ
349 801 466 885 τῆς
508 799 848 884 διαθήκης.

396 898 464 965 ε’.
549 895 881 977 Ὡσαύτως
939 898 1011 965 δὲ
1073 893 1438 965 ἇδιαθέτου
1495 897 2031 985 τετελευτηκότος
2087 902 2197 965 καὶ
2244 900 2568 984 συγγενῶν

227 994 732 1085 εὑρισκομένων,
798 998 970 1085 πρὸς
1026 999 1309 1078 ἐκείνους
1364 999 1448 1066 τὰ
1490 1003 1607 1085 τῆς
1648 998 1934 1086 κτήσεως
1977 1006 2565 1084 μεταπέμπεσθαι.

228 1101 288 1167 εἶ
332 1102 403 1168 δὲ
443 1100 608 1186 μέτε
652 1100 964 1168 διάθοιτο
1007 1100 1173 1188 μήτε
1215 1110 1544 1185 συγγενεῖς
1590 1100 1725 1182 ἔχοι
1772 1095 1806 1165 ὅ
1851 1100 2347 1187 τετελευτηκὼς,
2415 1100 2568 1168 τότε

225 1201 304 1267 τὸ
347 1204 468 1286 μὲν
510 1210 730 1288 τρίτον
772 1209 970 1288 μέρος
1011 1206 1127 1289 τῆς
1171 1198 1371 1269 αὐτοῦ
1415 1200 1705 1287 κτήσεως
1750 1202 2072 1268 δίδοσθαι
2114 1197 2282 1286 ὑπὲρ
2328 1201 2566 1286 λύτρου

226 1306 362 1370 τῶν
408 1300 747 1389 ἁμαρτιῶν
792 1300 992 1371 αὐτοῦ
1029 1315 1173 1382 τοῖς
1204 1303 1271 1371 ἐν
1295 1306 1545 1390 χριστῷ
1577 1299 1925 1393 ἀδελφοῖς·
1971 1301 2048 1368 τὸ
2082 1303 2153 1368 δὲ
2184 1305 2568 1388 περιττεῦον

226 1407 322 1488 τῷ
367 1406 661 1494 δημοσίῳ
706 1406 1222 1491 εἰσκομίζεσθαι.

1467 1569 1694 1578 ..m—-

1217 1711 1389 1773 NOV.
1434 1710 1579 1772 XIV.

714 1831 862 1910 Imp.
910 1829 1396 1905 Constanti-ni
1442 1828 1973 1908 Porphyrogen
1996 1827 2081 1888 iti

226 1930 574 2011 rescriptum
619 1931 694 1993 de
736 1932 1107 1994 restitutione
1149 1931 1524 2010 praediorum
1581 1947 1613 1990 a
1659 1929 1999 2008 potentibus
2042 1934 2512 2008 comparatorum
2527 1930 2565 1990 ¹.

1219 2064 1354 2125 Non
1395 2074 1566 2125 extat.

1224 2347 1395 2411 Nov.
1441 2347 1558 2410 XV.

960 2468 1106 2550 Imp.
1152 2466 1462 2531 Romani
1500 2466 1839 2548 junioris

226 2571 575 2653 rescriptum
621 2572 694 2634 de
733 2572 1108 2663 *restitutione
1150 2571 1323 2652 pretii
1354 2570 1727 2651 praediorum
1761 2588 1794 2629 a
1823 2567 2163 2649 potentibus
2195 2568 2564 2630 evictorum¹.

1082 2672 1269 2748 (Inter
1312 2674 1697 2748 959—963.)

228 2803 482 2902 Νεαρὰ
552 2803 973 2898 νομοθεσία
1043 2809 1400 2899 ρωμανοῦ
1486 2802 1851 2901 βασιλέως
1930 2809 2067 2875 τοῦ
2152 2802 2324 2876 νέου
2401 2798 2565 2896 περὶ

228 2930 709 3023 στρατιωτῶν
733 2928 788 3009 ²,
859 2923 1020 3017 ἤτοι
1092 2928 1297 3004 λύσις
1368 2922 1762 3017 ἀναφορᾶς
1814 2922 2229 3010 θεματικοῦ
2280 2927 2565 3014 κριτοῦ,

214 3041 218 3045 ’
301 3039 397 3135 ἢν
446 3036 902 3140 ὑπηγόρευσε
955 3038 1341 3135 θεόδωρος
1390 3045 1800 3137 μοίγιστρος
1851 3035 1891 3107 ὃ
1946 3033 2422 3130 ὃεκαπολίτης
2442 3040 2495 3109 3.

389 3168 479 3237 Ἡ
516 3168 824 3259 ἀναφορὰ
867 3195 985 3238 σου
1028 3172 1319 3240 κελεύσει
1358 3171 1696 3258 βασιλικῇ,
1741 3164 2092 3255 ἦγιασμένε
2133 3166 2343 3252 κύριε,
2393 3166 2565 3253 πρὸς

225 3273 343 3359 τὴν
385 3269 704 3360 ἡμετέραν
750 3268 1106 3361 ἀπεστάλη.
1133 3279 1556 3340 ταπείνωσιν.
1618 3273 1727 3337 καὶ
1774 3269 2083 3354 οἰόμεθα,
2132 3263 2223 3347 ὥς
2267 3263 2421 3335 οὐδὲ
2450 3262 2569 3335 αὖ·

363 3426 379 3454 ¹
414 3430 567 3493 Hujus
602 3430 823 3479 Novellae
858 3431 1037 3480 mentio
1073 3432 1124 3481 fit
1160 3431 1208 3480 in
1243 3431 1353 3480 Nov.
1374 3430 1465 3481 XV.
1536 3428 1781 3479 Retulerat
1815 3426 1873 3477 ad
1912 3410 2259 3490 Imperatorem'
2286 3425 2568 3475 Theodorus

229 3512 598 3575 Decapolitanus
633 3516 859 3576 magister
895 3524 942 3565 et
976 3522 1207 3565 statuerat
1241 3514 1336 3577 ille,
1375 3522 1425 3564 ut
1462 3528 1727 3578 pauperes,
1765 3512 1805 3561 si
1841 3511 1910 3561 vel
1948 3511 2071 3561 infra
2108 3511 2142 3560 t,
2178 3509 2360 3560 solidos
2396 3511 2444 3559 in
2483 3510 2567 3558 bo-

229 3596 304 3645 nis
354 3597 611 3660 haberent,
658 3600 852 3662 praedia
898 3601 1175 3663 potentibus
1221 3599 1405 3648 vendita
1459 3601 1729 3649 evincentes
1776 3598 1981 3660 pretium
2017 3604 2267 3658 acceptum
2304 3596 2569 3645 emtoribus

229 3681 562 3745 restituerent,
600 3691 764 3732 contra
799 3697 940 3746 quam
976 3685 1088 3734 Nov.
1126 3684 1181 3733 vt
1217 3685 1307 3733 c.1
1348 3684 1661 3734 constitutum
1697 3683 1878 3744 suerat,
1915 3695 2149 3731 concesso
2183 3687 2343 3730 tamen
2379 3680 2567 3729 adhoc

230 3764 576 3828 quinquennio.

363 3844 376 3872 ¹
415 3850 530 3911 imp.
569 3849 767 3899 Romani
804 3851 1104 3913 rescriptum,
1142 3856 1195 3899 ut
1229 3852 1305 3900 bic
1342 3851 1513 3913 editur,
1550 3854 1785 3900 servatum
1822 3855 1895 3898 est
1930 3849 1977 3897 in
2016 3846 2279 3911 appendice
2316 3846 2427 3908 Syn.
2465 3845 2483 3893 1
2521 3851 2570 3894 et

231 3931 272 3981 11
309 3931 385 3995 cl.,
422 3933 549 3981 unde
587 3934 735 3983 edidit
769 3935 1019 3984 Labbaeus
1054 3950 1101 3997 p.
1126 3933 1207 3997 80,
1241 3942 1474 3998 sequutus
1514 3934 1629 3984 Cod.
1668 3934 1815 3982 Paris.
1861 3932 2000 3981 1351.
2071 3929 2322 3992 Epitomen
2358 3934 2570 3992 praestat

232 4015 466 4079 appendix
519 4018 630 4080 Syn.
668 4018 725 4067 ci.
765 4018 815 4080 13
871 4033 1013 4080 quam
1065 4018 1211 4067 edidit
1258 4018 1449 4068 Leuncl.
1485 4025 1596 4082 post
1633 4018 1743 4081 Syn.
1780 4015 1909 4080 p.2l
1962 4020 2009 4063 et
2043 4014 2092 4062 in
2126 4012 2250 4062 JGR.
2290 4014 2330 4062 11
2365 4028 2413 4076 p.
2455 4012 2567 4076 148,

232 4100 514 4149 emendatus
548 4102 730 4164 passim
765 4116 792 4151 a
830 4102 1050 4151 Lebbaeo
1084 4116 1132 4163 p.
1151 4101 1215 4150 88
1234 4116 1340 4165 sqq.
1478 4100 1497 4127 ²
1532 4102 1682 4151 Verba
1717 4113 1773 4148 π.
1816 4098 2175 4163 στρατιωτῶν
2208 4098 2332 4149 addo
2371 4112 2424 4147 ex
2445 4098 2565 4148 Cod.

234 4183 380 4232 Paris.
418 4183 565 4234 2005.
626 4187 766 4235 Forte
801 4185 1056 4247 legendum
1092 4184 1516 4249 στρατιωτικῶν.
1574 4186 1828 4235 Caeterum
1861 4199 1958 4233 non
1994 4185 2149 4233 solum
2186 4183 2244 4233 de
2278 4182 2590 4241 militaribus,

227 4264 391 4314 fundis
412 4281 672 4331 eorumque
691 4268 1011 4332 restitutione,
1025 4267 1181 4318 sedin
1203 4267 1471 4318 universum
1492 4269 1551 4319 de
1568 4268 1870 4318 restitutione
1888 4268 2193 4332 praediorum
2212 4283 2239 4319 a
2258 4268 2550 4332 pauperibus

137 4392 160 4403 t
226 4348 544 4400 alienatorum
579 4359 626 4403 et
660 4353 904 4404 refusione
923 4351 1068 4417 pretii
1085 4350 1270 4415 accepti
1293 4357 1477 4403 tractat.
1593 4346 1613 4376 ⁸
1645 4350 1791 4403 Labb.
1817 4352 2010 4418 subjicit
2028 4353 2266 4405 rubricam
2286 4347 2413 4418 περὶ
2434 4343 2563 4401 ἀνα-
