2900 4950
373 210 455 274 90
1158 223 1277 274 con.
1315 224 1372 274 ιι.
1444 223 1559 274 mov.
1593 224 1728 274 xvu.
1765 224 1920 274 xvm.

370 376 481 441 καὶ
523 376 639 460 τῆς
682 372 749 439 ἔν
792 374 888 460 τῷ
931 368 1127 438 ῧδατι
1164 373 1272 438 καὶ
1318 370 1648 456 πνεύματι
1701 367 2187 459 ἀναγεννήσεως
2242 372 2558 459 δωρεῖται
2598 399 2741 461 την

372 481 721 563 σωτηρίαν,
768 472 1056 541 ἄπιστον
1099 472 1210 540 καὶ
1252 477 1367 560 τῆς
1409 469 1848 553 ἀναπλάσεως
1877 473 2117 560 ἐρήμην
2145 472 2300 558 τὴνὸ
2343 472 2738 561 ἄνθρωπον

372 572 719 656 ἀπελθεῖν,
766 578 871 642 καὶ
920 570 1062 642 ἀντὶ
1107 579 1225 641 τοῦ
1267 575 1436 658 μετὰ
1479 580 1611 642 τῶν
1642 581 2076 659 σεσωσμένων
2103 575 2431 659 τετάχθαι
2473 576 2569 656 εἷς
2596 577 2737 666 τὴν

370 683 503 746 τῶν
548 674 996 745 ἀπολωλότων
1040 676 1368 765 ἔῤῥῖφθαι
1419 675 1638 762 χώραν
1695 675 1879 745 ἕνεκά
1920 703 1994 763 γε
2035 680 2152 763 τῆς
2192 677 2502 766 τοιαύτης
2542 704 2736 765 προ-

374 804 679 868 φασεως,·
1404 793 1413 806 ’

546 879 681 969 Τὴν
725 868 840 946 οὖν
883 878 1191 966 τοιαύτην
1233 879 1817 966 ματαιοφροσύνην
1862 874 2001 946 ἀπὸ
2031 883 2148 946 τοῦ
2179 883 2292 947 νῦν
2321 883 2428 947 καὶ
2476 880 2569 960 εἷς
2596 881 2731 949 τὸν

371 981 605 1050 ἔπειτα
657 980 892 1066 χρόνον
950 978 1249 1048 ἐκποδὼν
1306 979 1731 1065 ποιούμενοι,
1800 976 2100 1067 ὁρίζομεν
2166 983 2324 1068 περὶ
2383 986 2729 1050 τεκουσῶν

367 1085 688 1170 γυναικῶν
732 1086 837 1150 καὶ
884 1085 1038 1167 περὶ
1082 1084 1250 1148 ‘cdiv‘
1308 1077 1465 1148 ὅσαι
1507 1086 1586 1169 τῇ
1633 1087 1875 1170 φυσικῇ
1918 1082 2250 1168 καθάρσει
2290 1083 2728 1169 καταλαμβά-

369 1209 614 1265 νονται,
662 1181 1089 1272 ἀνενοχλήτου
1131 1184 1252 1268 μὲν
1284 1183 1356 1262 ἐξ
1396 1183 1622 1270 ἑτέρας
1662 1184 1844 1264 τινὸς
1876 1185 2250 1264 διαθέσεως
2277 1190 2553 1271 νοσερᾶς
2593 1191 2726 1274 τῆς

358 1288 538 1376 ’ζωῆς
582 1281 798 1353 αὐτῶν
843 1283 1332 1373 διατελούσηςἿ,
1393 1280 1752 1370 ἀμετόχους
1795 1282 1966 1354 εἶναι
2007 1284 2128 1365 τὰς
2168 1289 2288 1372 μὲν
2334 1282 2723 1367 ἀτελέτουςιι

367 1393 486 1455 τοῦ
533 1391 882 1477 φωτισμοῢ
926 1386 1046 1466 τὰς
1090 1388 1162 1454 δὲ
1204 1394 1881 1476 μεμυσταγωγημένας
1923 1392 2054 1454 τῶν
2100 1383 2434 1474 ἀχράντων
2461 1413 2722 1474 μυστη-

368 1498 529 1576 ρίων
572 1493 689 1577 τῆς
729 1487 1167 1574 μεταλήψεως
1207 1494 1397 1573 μέχρι
1428 1492 1546 1575 τῆς
1574 1493 1706 1556 τῶν
1735 1489 2224 1575 τεσσαράκοντα
2253 1486 2510 1577 ἡμερῶν
2541 1515 2722 1577 προ-

367 1598 688 1676 θεσμίας·
747 1589 1119 1676 νοσήματος
1176 1589 1248 1655 δέ
1301 1614 1483 1670 τινος
1537 1591 2023 1676 καταλαβόντος
2077 1591 2228 1658 καὶ”
2271 1591 2722 1675 κατασχόντος

368 1697 477 1761 καὶ
520 1691 637 1781 τὴν
683 1691 1008 1778 διακοπὴν
1051 1696 1168 1778 τῆς
1213 1692 1381 1780 ζωῆς
1436 1688 1904 1774 ἀπειλοῦντος,
1962 1696 2167 1760 παντὶ
2219 1692 2449 1780 τρόπῳ
2505 1719 2720 1778 μετα-

367 1794 766 1880 λαγχάνεινιο
822 1788 1024 1872 αὐτὰς
1076 1796 1194 1859 τοῦ
1251 1790 1677 1878 ἆγιάσματος.
1769 1796 1828 1863 εἷ
1883 1796 2005 1882 γάρ
2051 1795 2354 1875 ἐκείνοις,
2416 1791 2567 1862 ὅσοι
2623 1790 2712 1863 δι’

365 1891 741 1981 ὑπερβολὰς
771 1890 1392 1984 ἀνοσιουργημάτων
1421 1890 1855 1982 ἀπείργονται
1880 1903 2157 1983 μακροῖς
2187 1898 2363 1966 ἔτεσι
2391 1900 2508 1984 τῆς
2546 1897 2719 1977 ζωο-

365 2001 567 2065 ποιοῦ
612 2003 977 2077 κοινωνίας,
1027 1993 1062 2063 ὃ
1106 1996 1406 2077 θάνατος
1436 1997 1717 2078 ἐπιστὰς
1743 1997 1821 2065 τὸ
1854 1998 2330 2085 ἔμπρόθεσμον
2362 1996 2717 2066 διακόπτει

364 2099 476 2166 καὶ
520 2094 736 2178 οὐδεὶς
794 2094 1091 2183 ἀνέχεται
1143 2098 1419 2179 τούτους
1473 2099 1744 2168 κωλύειν
1798 2104 1914 2188 τῆς
1968 2103 2101 2167 τῶν
2157 2095 2360 2185 άγίων
2409 2103 2708 2187 μετοχῆς,

367 2199 545 2288 ἤπου
597 2227 670 2287 γε
728 2190 926 2268 αὗται
981 2201 1491 2289 κωλυθήσονται
1535 2201 1648 2269 διὰ
1690 2201 2095 2286 ῥυπάσματα
2138 2199 2377 2287 σαρκὸς
2422 2202 2709 2287 φυσικάς

369 2305 479 2369 καὶ
525 2299 697 2388 ὅπερ
744 2298 934 2388 οἶμαι
973 2304 1086 2371 καὶ
1125 2308 1219 2390 τῷ
1252 2305 1522 2390 παλαιῷ
1569 2302 1986 2371 κεκωλύσθαι
2031 2304 2211 2390 νόμῳ
2242 2305 2350 2369 καὶ
2377 2302 2493 2391 τὴν
2517 2303 2708 2390 χάριν

366 2405 812 2486 διαδέξασθαι
852 2405 969 2495 τὴν
1012 2405 1391 2492 παράδοσιν
1448 2401 1591 2489 οὐχὶ
1647 2408 1966 2473 τοσοῦτον
2013 2404 2127 2471 διὰ
2179 2403 2297 2492 τὴν
2339 2412 2708 2492 γυναικείαν

363 2506 605 2594 ταύτην
651 2501 1102 2594 ἀκαθαρσίαν,
1160 2505 1320 2575 ὅσον
1378 2503 1459 2574 δι’
1511 2508 1735 2594 ἑτέρας
1791 2507 2009 2587 αἰτίας
2061 2507 2128 2574 ἐν
2170 2510 2264 2594 τῷ
2307 2506 2518 2592 βάθει
2557 2533 2711 2593 κρυ-

364 2615 700 2693 πτομένας
742 2613 859 2676 τοῦ
906 2610 1467 2697 νομοθετήματος.
1534 2610 1878 2695 λογίζομαι
1919 2608 2041 2696 γὰρ
2086 2608 2164 2675 τὸ
2193 2612 2309 2698 τῆς
2338 2609 2709 2694 ἐπιθυμίας

365 2705 733 2778 ἀκόλαστον
789 2713 921 2776 τῶν
981 2705 1278 2795 ἀκρατῶς
1334 2710 1614 2794 ἑχόντων
1670 2710 1945 2793 κολάζον
1989 2710 2067 2778 τὸ
2109 2716 2466 2796 θέσπισμα
2508 2714 2705 2780 τοῦτο

364 2812 691 2892 διατάξαι,
739 2806 966 2896 ὥσπερ
1006 2813 1116 2878 καὶ
1162 2809 1331 2878 ἄλλα
1362 2811 1586 2881 πολλὰ
1617 2808 1698 2879 δι’
1733 2813 1972 2899 ἑτέρων
2010 2812 2455 2898 οἰκονομεῖται
2495 2836 2706 2897 προσ-

363 2912 734 2998 ταγμάτων,
783 2908 872 2992 ὥς
917 2906 996 2980 ἂν
1029 2911 1142 2979 διὰ
1184 2913 1435 2980 τούτων
1465 2914 1542 2981 τὸ
1588 2914 1759 3001 πρὸς
1799 2914 1878 2981 τὸ
1923 2916 2097 3002 θῆλυ
2130 2914 2319 2982 ἐνίων
2350 2918 2465 3003 τῆς
2504 2911 2707 3000 ὁρμῆς

366 3009 804 3098 ἀκατάσχετον
846 3013 1314 3099 χαλινούμενον
1360 3010 1826 3084 ἀνακόπτοιτο.
1902 3011 1980 3082 οὗ
2022 3015 2229 3100 μόνον
2274 3017 2346 3084 δὲ
2392 3012 2560 3083 ἀλλὰ
2596 3019 2702 3083 καὶ

364 3124 689 3203 προνοίας
733 3116 871 3184 ἐστὶ
919 3115 1003 3183 τὰ
1044 3115 1395 3201 τικτόμενα
1439 3118 1655 3207 λώβης
1697 3117 2092 3203 καθαρεύειν
2123 3117 2593 3205 οἰκονομούσης
2624 3118 2703 3184 τὸ

363 3224 736 3303 θέσπισμα.
828 3218 975 3287 ἐπεὶ
1019 3217 1142 3305 γὰρ
1188 3216 1370 3286 ἅπαν
1415 3220 1493 3286 τὸ
1537 3224 1616 3307 τῇ
1673 3219 1872 3307 φύσει
1917 3219 2226 3305 περιττὸν
2271 3219 2704 3306 φθοροποιόν

362 3345 434 3388 τε
477 3326 585 3388 καὶ
632 3319 973 3406 ἄχρηστον,
1020 3320 1298 3405 περιττὰ
1344 3322 1417 3388 δὲ
1460 3324 1567 3388 καὶ
1611 3326 1819 3388 ταῦτα
1849 3317 2128 3407 ὗπάρχει
2155 3319 2239 3387 τὰ
2269 3321 2539 3404 αἵματα,
2586 3320 2704 3401 τὰς

365 3421 696 3509 φερούσας
750 3416 916 3487 αὗτὰ
972 3420 1039 3487 ἐν
1092 3417 1476 3510 ἀκαθαρσίᾳ
1518 3416 1652 3489 κατ’
1703 3423 1948 3491 ἐκεῖνον
2002 3422 2115 3490 τὸν
2170 3421 2398 3509 καιρὸν
2457 3422 2703 3508 διάγειν

366 3518 402 3588 ὅ
448 3522 648 3606 νόμος
693 3521 1088 3601 ἐντέλλεται,
1156 3518 1394 3602 ὅπως“
1439 3523 1549 3590 καὶ
1594 3519 1710 3591 ἀπ’
1759 3520 1959 3591 αὐτοῦ
2002 3523 2211 3609 μόνου
2254 3527 2372 3591 τοῦ
2418 3524 2704 3612 ῥήματος

362 3623 459 3704 εἷς
512 3623 589 3689 τὸ
643 3620 917 3709 ἀκρατὲς
973 3626 1488 3714 συστελλομένης
1546 3629 1663 3713 τῆς
1718 3621 2085 3694 ἀκολάστου
2145 3626 2547 3713 ἐπιθυμίας,
2613 3625 2700 3716 μὴ

495 3844 516 3875 ⁸
554 3847 703 3899 Codd.
741 3841 855 3894 τόν.
996 3845 1018 3875 ⁸
1055 3847 1256 3898 Restitui
1294 3863 1351 3897 ex
1385 3849 1551 3900 Zuich.
1588 3849 1780 3901 Meet-m.
1818 3858 1865 3900 et
1902 3852 2043 3913 nans„
2080 3865 2230 3915 quum
2264 3865 2294 3900 a
2329 3852 2527 3912 Scrimg.
2565 3851 2701 3900 abes-

362 3939 486 3980 sent.
622 3930 640 3958 ²
677 3932 799 3982 Bata.
836 3923 1228 4000 ἀνενοχλῆτους
1261 3928 1366 4000 μὲν
1400 3926 1458 3990 ἐξ
1491 3924 1650 3993 ἄλλης
1685 3928 1915 3988 τινὸς-
1940 3928 2314 3995 συντελούσης.
2455 3934 2476 3961 ⁸
2511 3934 2697 3985 lieet-m.

362 4023 411 4064 et
442 4016 565 4065 Bals.
602 4008 933 4071 ἀτελέστους.
1075 4016 1097 4044 ⁹
1131 4019 1281 4069 Verba
1298 4014 1486 4067 καταλ.
1526 4013 1617 4067 καὶ
1654 4019 1776 4069 Bais.
1806 4019 1996 4072 omittit.
2134 4019 2173 4047 ¹⁰
2209 4022 2331 4071 Bals.
2355 4012 2699 4087 μεταλαμβά-
2725 3999 2742 4015 ⁶

361 4112 490 4148 νειν.
647 4099 677 4127 ¹¹
717 4103 803 4151 Hic
840 4103 974 4152 locus
1010 4104 1283 4167 corruptela
1318 4105 1536 4153 laborare
1568 4104 1769 4153 videtur.
1842 4105 1992 4155 Codd.
2028 4108 2246 4156 scribunt
2282 4097 2415 4175 ὅπερ
2454 4114 2502 4155 ει
2534 4105 2696 4154 Zuich.

359 4198 467 4234 mox
508 4179 943 4251 συστελλομένου.
1022 4188 1079 4236 1-1.
1116 4190 1389 4251 Stephanus
1428 4199 1476 4238 et
1511 4188 1741 4253 Agylneun
1776 4179 1926 4242 ὅπως
1964 4205 2051 4254 pro
2087 4183 2222 4255 ὅπερ
2257 4190 2436 4253 legunt.
2506 4191 2700 4238 Vel-tunt

357 4276 518 4320 autem
551 4269 695 4318 verba
726 4262 802 4322 εἰς
834 4264 898 4318 τὸ
935 4262 1167 4335 ἀκρατὲς
1200 4269 1622 4339 συστελλομένης
1639 4275 1776 4338 quasi
1796 4265 1873 4328 εἰς
1897 4269 1960 4323 τὸ
1995 4269 2254 4340 ἐγκρατὲς
2288 4286 2443 4323 συστ.
2468 4274 2696 4338 scriptum

361 4355 438 4406 sit.
511 4355 732 4406 Fortasse
766 4362 880 4419 post
912 4347 1208 4421 ἐπιθυμίας
1240 4358 1418 4407 excidit
1450 4350 1701 4424 ἀπείργει
1734 4358 1804 4409 vel
1840 4360 1996 4410 simile
2030 4359 2164 4423 quid.
