<?xml version="1.0" encoding="UTF-8"?>
<!DOCTYPE html PUBLIC "-//W3C//DTD XHTML 1.0 Transitional//EN"
    "http://www.w3.org/TR/xhtml1/DTD/xhtml1-transitional.dtd">
<html xmlns="http://www.w3.org/1999/xhtml" xml:lang="en" lang="en">
 <head>
  <title>
</title>
<meta http-equiv="Content-Type" content="text/html;charset=utf-8" />
  <meta name='ocr-system' content='tesseract 3.04.00' />
  <meta name='ocr-capabilities' content='ocr_page ocr_carea ocr_par ocr_line ocrx_word'/>
</head>
<body>
  <div class='ocr_page' id='page_1' title='image "./jusgraecoromanu00linggoog_0250.png"; bbox 0 0 2900 4950; ppageno 0'>
   <div class='ocr_carea' id='block_1_1' title="bbox 376 187 1904 258">
    <p class='ocr_par' dir='ltr' id='par_1_1' title="bbox 376 187 1904 258">
     <span class='ocr_line' id='line_1_1' title="bbox 376 187 1904 258; baseline -0.001 -1"><span class='ocrx_word' id='word_1_1' title='bbox 376 197 499 257; x_wconf 80' lang='lat'><strong><em>202</em></strong></span> <span class='ocrx_word' id='word_1_2' title='bbox 1212 187 1328 258; x_wconf 76' lang='lat' dir='ltr'>eo‘u.</span> <span class='ocrx_word' id='word_1_3' title='bbox 1366 210 1422 257; x_wconf 84' lang='lat' dir='ltr'><strong><em>n.</em></strong></span> <span class='ocrx_word' id='word_1_4' title='bbox 1501 208 1614 256; x_wconf 67' lang='lat' dir='ltr'><strong>nov.</strong></span> <span class='ocrx_word' id='word_1_5' title='bbox 1652 208 1747 256; x_wconf 81' lang='lat' dir='ltr'><strong><em>cn.</em></strong></span> <span class='ocrx_word' id='word_1_6' title='bbox 1788 209 1904 257; x_wconf 74' lang='lat' dir='ltr'><strong><em>ctu.</em></strong></span> 
     </span>
    </p>
   </div>
   <div class='ocr_carea' id='block_1_2' title="bbox 1375 423 1712 484">
    <p class='ocr_par' dir='ltr' id='par_1_2' title="bbox 1375 423 1712 484">
     <span class='ocr_line' id='line_1_2' title="bbox 1375 423 1712 484; baseline -0.003 0"><span class='ocrx_word' id='word_1_7' title='bbox 1375 423 1545 484; x_wconf 85' lang='lat' dir='ltr'><strong>NOV.</strong></span> <span class='ocrx_word' id='word_1_8' title='bbox 1594 424 1712 483; x_wconf 82' lang='lat' dir='ltr'><strong><em>CH.</em></strong></span> 
     </span>
    </p>
   </div>
   <div class='ocr_carea' id='block_1_3' title="bbox 371 540 2714 624">
    <p class='ocr_par' dir='ltr' id='par_1_3' title="bbox 371 540 2714 624">
     <span class='ocr_line' id='line_1_3' title="bbox 371 540 2714 624; baseline 0 -20"><span class='ocrx_word' id='word_1_9' title='bbox 371 544 453 604; x_wconf 90' lang='lat' dir='ltr'>De</span> <span class='ocrx_word' id='word_1_10' title='bbox 500 541 755 622; x_wconf 79' lang='lat' dir='ltr'>praediis</span> <span class='ocrx_word' id='word_1_11' title='bbox 800 541 1136 614; x_wconf 63' lang='lat' dir='ltr'>maritime,</span> <span class='ocrx_word' id='word_1_12' title='bbox 1182 551 1245 601; x_wconf 80' lang='lat' dir='ltr'><strong><em>ut</em></strong></span> <span class='ocrx_word' id='word_1_13' title='bbox 1287 542 1358 624; x_wconf 60' lang='lat' dir='ltr'>ed</span> <span class='ocrx_word' id='word_1_14' title='bbox 1405 542 1666 620; x_wconf 79' lang='lat' dir='ltr'>epochae</span> <span class='ocrx_word' id='word_1_15' title='bbox 1710 540 2220 614; x_wconf 76' lang='lat' dir='ltr'>constitutionem,</span> <span class='ocrx_word' id='word_1_16' title='bbox 2266 543 2361 603; x_wconf 85' lang='lat' dir='ltr'><strong><em>cui</em></strong></span> <span class='ocrx_word' id='word_1_17' title='bbox 2406 562 2545 622; x_wconf 81' lang='lat' dir='ltr'>pars</span> <span class='ocrx_word' id='word_1_18' title='bbox 2588 563 2714 605; x_wconf 86' lang='lat' dir='ltr'><strong><em>nou</em></strong></span> 
     </span>
    </p>
   </div>
   <div class='ocr_carea' id='block_1_4' title="bbox 872 641 2214 720">
    <p class='ocr_par' dir='ltr' id='par_1_4' title="bbox 872 641 2214 720">
     <span class='ocr_line' id='line_1_4' title="bbox 872 641 2214 720; baseline 0 -17"><span class='ocrx_word' id='word_1_19' title='bbox 872 643 1103 715; x_wconf 80' lang='lat' dir='ltr'>suffieit,</span> <span class='ocrx_word' id='word_1_20' title='bbox 1148 643 1371 703; x_wconf 78' lang='lat' dir='ltr'><strong>vicinus</strong></span> <span class='ocrx_word' id='word_1_21' title='bbox 1417 643 1592 703; x_wconf 81' lang='lat' dir='ltr'>etiam</span> <span class='ocrx_word' id='word_1_22' title='bbox 1640 641 1852 701; x_wconf 76' lang='lat' dir='ltr'>invitus</span> <span class='ocrx_word' id='word_1_23' title='bbox 1896 641 2214 720; x_wconf 81' lang='lat' dir='ltr'>adigatur¹.</span> 
     </span>
    </p>
   </div>
   <div class='ocr_carea' id='block_1_5' title="bbox 362 804 2714 3841">
    <p class='ocr_par' dir='ltr' id='par_1_5' title="bbox 1192 804 1882 906">
     <span class='ocr_line' id='line_1_5' title="bbox 1192 804 1882 906; baseline 0 -26"><span class='ocrx_word' id='word_1_24' title='bbox 1192 808 1690 886; x_wconf 81' lang='grc' dir='ltr'><em>ΔΙΑΤΑΞΙΣ</em></span> <span class='ocrx_word' id='word_1_25' title='bbox 1740 804 1882 906; x_wconf 61' lang='lat' dir='ltr'><strong><em>Off·</em></strong></span> 
     </span>
    </p>

    <p class='ocr_par' dir='ltr' id='par_1_6' title="bbox 370 940 2714 1279">
     <span class='ocr_line' id='line_1_6' title="bbox 371 940 2714 1047; baseline 0.001 -30"><span class='ocrx_word' id='word_1_26' title='bbox 371 942 564 1038; x_wconf 84' lang='grc' dir='ltr'><strong><em>ΙΙερὶ</em></strong></span> <span class='ocrx_word' id='word_1_27' title='bbox 630 942 1281 1039; x_wconf 74' lang='grc' dir='ltr'><strong><em>παραθαλασσίων</em></strong></span> <span class='ocrx_word' id='word_1_28' title='bbox 1340 942 1645 1037; x_wconf 82' lang='grc' dir='ltr'><strong><em>χωρίων</em></strong></span> <span class='ocrx_word' id='word_1_29' title='bbox 1703 940 1885 1036; x_wconf 86' lang='grc' dir='ltr'><strong><em>πρὸς</em></strong></span> <span class='ocrx_word' id='word_1_30' title='bbox 1937 945 2197 1038; x_wconf 79' lang='grc' dir='ltr'>ἐποχῆς</span> <span class='ocrx_word' id='word_1_31' title='bbox 2249 941 2714 1047; x_wconf 79' lang='grc' dir='ltr'><strong><em>κατάστασιν</em></strong></span> 
     </span>
     <span class='ocr_line' id='line_1_7' title="bbox 370 1057 2713 1157; baseline 0.001 -22"><span class='ocrx_word' id='word_1_32' title='bbox 370 1060 518 1135; x_wconf 80' lang='grc' dir='ltr'><strong><em>ἀνὰ</em></strong></span> <span class='ocrx_word' id='word_1_33' title='bbox 584 1061 802 1156; x_wconf 81' lang='grc' dir='ltr'><strong><em>μέρος</em></strong></span> <span class='ocrx_word' id='word_1_34' title='bbox 867 1060 969 1156; x_wconf 83' lang='grc' dir='ltr'><strong><em>μὴ</em></strong></span> <span class='ocrx_word' id='word_1_35' title='bbox 1036 1060 1471 1153; x_wconf 54' lang='grc' dir='ltr'><strong><em>ἂρκοῦνταῖ</em></strong></span> <span class='ocrx_word' id='word_1_36' title='bbox 1534 1057 1661 1133; x_wconf 82' lang='grc' dir='ltr'><strong><em>καὶ</em></strong></span> <span class='ocrx_word' id='word_1_37' title='bbox 1712 1060 1993 1132; x_wconf 81' lang='grc' dir='ltr'><strong><em>ἄκοντα</em></strong></span> <span class='ocrx_word' id='word_1_38' title='bbox 2046 1059 2180 1135; x_wconf 82' lang='grc' dir='ltr'><strong><em>τὸν</em></strong></span> <span class='ocrx_word' id='word_1_39' title='bbox 2228 1061 2332 1157; x_wconf 87' lang='grc' dir='ltr'><strong><em>μὴ</em></strong></span> <span class='ocrx_word' id='word_1_40' title='bbox 2389 1064 2713 1137; x_wconf 78' lang='grc' dir='ltr'><strong><em>θέλοντα</em></strong></span> 
     </span>
     <span class='ocr_line' id='line_1_8' title="bbox 1367 1179 1713 1279; baseline -0.006 -29"><span class='ocrx_word' id='word_1_41' title='bbox 1367 1179 1713 1279; x_wconf 82' lang='grc' dir='ltr'><strong><em>ἄγεσθαι.</em></strong></span> 
     </span>
    </p>

    <p class='ocr_par' dir='ltr' id='par_1_7' title="bbox 888 1322 2171 1413">
     <span class='ocr_line' id='line_1_9' title="bbox 888 1322 2171 1413; baseline -0.002 -34"><span class='ocrx_word' id='word_1_42' title='bbox 888 1324 944 1379; x_wconf 89' lang='grc' dir='ltr'><strong><em>Ὁ</em></strong></span> <span class='ocrx_word' id='word_1_43' title='bbox 983 1323 1196 1384; x_wconf 77' lang='grc' dir='ltr'><strong><em>αὐτὸς</em></strong></span> <span class='ocrx_word' id='word_1_44' title='bbox 1229 1325 1556 1413; x_wconf 43' lang='grc' dir='ltr'><strong><em>βασιλεὺς</em></strong></span> <span class='ocrx_word' id='word_1_45' title='bbox 1590 1327 1858 1392; x_wconf 74' lang='grc' dir='ltr'><strong><em>στυλιανῴ</em></strong></span> <span class='ocrx_word' id='word_1_46' title='bbox 1894 1328 1970 1392; x_wconf 76' lang='grc' dir='ltr'><strong><em>τῷ</em></strong></span> <span class='ocrx_word' id='word_1_47' title='bbox 2007 1322 2171 1394; x_wconf 71' lang='grc' dir='ltr'><strong><em>αὐτῷ.</em></strong></span> 
     </span>
    </p>

    <p class='ocr_par' dir='ltr' id='par_1_8' title="bbox 364 1424 2711 2830">
     <span class='ocr_line' id='line_1_10' title="bbox 538 1424 2710 1515; baseline 0 -20"><span class='ocrx_word' id='word_1_48' title='bbox 538 1431 770 1514; x_wconf 72' lang='grc' dir='ltr'><strong><em>ΙΗέγα3</em></strong></span> <span class='ocrx_word' id='word_1_49' title='bbox 812 1431 905 1515; x_wconf 79' lang='grc' dir='ltr'><strong><em>τῷ</em></strong></span> <span class='ocrx_word' id='word_1_50' title='bbox 949 1434 1075 1515; x_wconf 79' lang='grc' dir='ltr'><strong><em>βίῳ</em></strong></span> <span class='ocrx_word' id='word_1_51' title='bbox 1115 1430 1450 1512; x_wconf 83' lang='grc' dir='ltr'><strong><em>χαρίζεται</em></strong></span> <span class='ocrx_word' id='word_1_52' title='bbox 1490 1424 1528 1515; x_wconf 85' lang='grc' dir='ltr'>ἡ</span> <span class='ocrx_word' id='word_1_53' title='bbox 1564 1427 1680 1493; x_wconf 85' lang='grc' dir='ltr'><strong><em>σὺν</em></strong></span> <span class='ocrx_word' id='word_1_54' title='bbox 1713 1425 2087 1514; x_wconf 78' lang='grc' dir='ltr'><strong><em>φρονήματι</em></strong></span> <span class='ocrx_word' id='word_1_55' title='bbox 2114 1433 2220 1494; x_wconf 81' lang='grc' dir='ltr'><strong><em>καὶ</em></strong></span> <span class='ocrx_word' id='word_1_56' title='bbox 2252 1429 2544 1515; x_wconf 76' lang='grc' dir='ltr'><em>λογισμῷ</em></span> <span class='ocrx_word' id='word_1_57' title='bbox 2575 1434 2710 1496; x_wconf 79' lang='grc' dir='ltr'><strong><em>τῶν</em></strong></span> 
     </span>
     <span class='ocr_line' id='line_1_11' title="bbox 367 1527 2711 1623; baseline -0.001 -25"><span class='ocrx_word' id='word_1_58' title='bbox 367 1528 772 1616; x_wconf 69' lang='grc' dir='ltr'><strong><em>πραγμάτων</em></strong></span> <span class='ocrx_word' id='word_1_59' title='bbox 826 1528 1230 1615; x_wconf 85' lang='grc' dir='ltr'><strong><em>κοινώνησις.</em></strong></span> <span class='ocrx_word' id='word_1_60' title='bbox 1318 1531 1424 1595; x_wconf 82' lang='grc' dir='ltr'><strong><em>καὶ</em></strong></span> <span class='ocrx_word' id='word_1_61' title='bbox 1479 1528 1601 1623; x_wconf 71' lang='grc' dir='ltr'><strong><em>γάρ</em></strong></span> <span class='ocrx_word' id='word_1_62' title='bbox 1657 1530 1767 1593; x_wconf 85' lang='grc' dir='ltr'><strong><em>καὶ</em></strong></span> <span class='ocrx_word' id='word_1_63' title='bbox 1811 1527 2148 1612; x_wconf 80' lang='grc' dir='ltr'><strong><em>δυνάμεως</em></strong></span> <span class='ocrx_word' id='word_1_64' title='bbox 2189 1554 2325 1596; x_wconf 89' lang='grc' dir='ltr'><strong><em>τινι</em></strong></span> <span class='ocrx_word' id='word_1_65' title='bbox 2367 1531 2711 1618; x_wconf 82' lang='grc' dir='ltr'><strong><em>παρούσης</em></strong></span> 
     </span>
     <span class='ocr_line' id='line_1_12' title="bbox 370 1625 2711 1725; baseline -0.001 -26"><span class='ocrx_word' id='word_1_66' title='bbox 370 1633 438 1699; x_wconf 78' lang='grc' dir='ltr'><strong><em>ἐκ</em></strong></span> <span class='ocrx_word' id='word_1_67' title='bbox 485 1634 599 1697; x_wconf 84' lang='grc' dir='ltr'><strong><em>τοῦ</em></strong></span> <span class='ocrx_word' id='word_1_68' title='bbox 633 1641 970 1698; x_wconf 78' lang='grc' dir='ltr'><strong><em>κοινωνεῖν</em></strong></span> <span class='ocrx_word' id='word_1_69' title='bbox 1002 1630 1200 1715; x_wconf 76' lang='grc' dir='ltr'><strong><em>ἑτέρῳ</em></strong></span> <span class='ocrx_word' id='word_1_70' title='bbox 1231 1630 1719 1725; x_wconf 84' lang='grc' dir='ltr'><strong><em>παραπλησίως</em></strong></span> <span class='ocrx_word' id='word_1_71' title='bbox 1750 1625 2145 1713; x_wconf 78' lang='grc' dir='ltr'><strong><em>εὐποροῦντι</em></strong></span> <span class='ocrx_word' id='word_1_72' title='bbox 2176 1628 2509 1716; x_wconf 88' lang='grc' dir='ltr'><strong><em>δυνάμεως</em></strong></span> <span class='ocrx_word' id='word_1_73' title='bbox 2536 1633 2711 1716; x_wconf 76' lang='grc' dir='ltr'><strong><em>μᾶλ-</em></strong></span> 
     </span>
     <span class='ocr_line' id='line_1_13' title="bbox 368 1726 2710 1820; baseline 0 -22"><span class='ocrx_word' id='word_1_74' title='bbox 368 1735 482 1799; x_wconf 92' lang='grc' dir='ltr'><strong><em>λον</em></strong></span> <span class='ocrx_word' id='word_1_75' title='bbox 544 1726 996 1820; x_wconf 82' lang='grc' dir='ltr'><strong><em>ὀνησιμωτέρα</em></strong></span> <span class='ocrx_word' id='word_1_76' title='bbox 1050 1737 1451 1817; x_wconf 77' lang='grc' dir='ltr'><strong><em>καθέστηκεν</em></strong></span> <span class='ocrx_word' id='word_1_77' title='bbox 1508 1726 1547 1817; x_wconf 82' lang='grc' dir='ltr'>ἡ</span> <span class='ocrx_word' id='word_1_78' title='bbox 1606 1730 1908 1813; x_wconf 87' lang='grc' dir='ltr'><strong><em>δύναμις,</em></strong></span> <span class='ocrx_word' id='word_1_79' title='bbox 1975 1733 2083 1796; x_wconf 79' lang='grc' dir='ltr'><strong><em>καὶ</em></strong></span> <span class='ocrx_word' id='word_1_80' title='bbox 2139 1733 2578 1812; x_wconf 78' lang='grc' dir='ltr'><strong><em>πλουτοῦντες</em></strong></span> <span class='ocrx_word' id='word_1_81' title='bbox 2635 1733 2710 1800; x_wconf 82' lang='grc' dir='ltr'><strong><em>δὲ</em></strong></span> 
     </span>
     <span class='ocr_line' id='line_1_14' title="bbox 364 1828 2708 1921; baseline -0 -21"><span class='ocrx_word' id='word_1_82' title='bbox 364 1833 616 1919; x_wconf 86' lang='grc' dir='ltr'><strong><em>τρόπον</em></strong></span> <span class='ocrx_word' id='word_1_83' title='bbox 662 1830 862 1900; x_wconf 75' lang='grc' dir='ltr'><strong><em>ἄλλον</em></strong></span> <span class='ocrx_word' id='word_1_84' title='bbox 904 1832 1019 1898; x_wconf 87' lang='grc' dir='ltr'><strong><em>τὸν</em></strong></span> <span class='ocrx_word' id='word_1_85' title='bbox 1062 1833 1354 1898; x_wconf 79' lang='grc' dir='ltr'><strong><em>πλοῦτον</em></strong></span> <span class='ocrx_word' id='word_1_86' title='bbox 1397 1830 1981 1920; x_wconf 84' lang='grc' dir='ltr'><strong><em>κοινοποιήσαντες</em></strong></span> <span class='ocrx_word' id='word_1_87' title='bbox 2008 1831 2392 1917; x_wconf 79' lang='grc' dir='ltr'><strong><em>γλυκύτερον</em></strong></span> <span class='ocrx_word' id='word_1_88' title='bbox 2421 1836 2537 1921; x_wconf 86' lang='grc' dir='ltr'><strong><em>τῆς</em></strong></span> <span class='ocrx_word' id='word_1_89' title='bbox 2567 1828 2708 1899; x_wconf 75' lang='grc' dir='ltr'><strong><em>ἀπὸ</em></strong></span> 
     </span>
     <span class='ocr_line' id='line_1_15' title="bbox 367 1926 2710 2020; baseline 0 -20"><span class='ocrx_word' id='word_1_90' title='bbox 367 1939 486 2001; x_wconf 84' lang='grc' dir='ltr'><strong><em>τοῦ</em></strong></span> <span class='ocrx_word' id='word_1_91' title='bbox 519 1937 834 2002; x_wconf 82' lang='grc' dir='ltr'><strong><em>πλουτεῖν</em></strong></span> <span class='ocrx_word' id='word_1_92' title='bbox 866 1928 1322 2000; x_wconf 78' lang='grc' dir='ltr'><strong><em>ἀπολαύουσιν</em></strong></span> <span class='ocrx_word' id='word_1_93' title='bbox 1356 1926 1744 2013; x_wconf 73' lang='grc' dir='ltr'><strong><em>εὐπαθείας,</em></strong></span> <span class='ocrx_word' id='word_1_94' title='bbox 1778 1935 1887 1999; x_wconf 87' lang='grc' dir='ltr'><strong><em>καὶ</em></strong></span> <span class='ocrx_word' id='word_1_95' title='bbox 1919 1932 2445 2020; x_wconf 84' lang='grc' dir='ltr'><strong><em>στενοχωρούσης</em></strong></span> <span class='ocrx_word' id='word_1_96' title='bbox 2474 1941 2710 2013; x_wconf 83' lang='grc' dir='ltr'><strong><em>πενίας</em></strong></span> 
     </span>
     <span class='ocr_line' id='line_1_16' title="bbox 369 2029 2702 2123; baseline -0 -20"><span class='ocrx_word' id='word_1_97' title='bbox 369 2031 486 2103; x_wconf 76' lang='grc' dir='ltr'><strong><em>οὐκ</em></strong></span> <span class='ocrx_word' id='word_1_98' title='bbox 529 2031 858 2123; x_wconf 79' lang='grc' dir='ltr'><strong><em>ἀπορήσει</em></strong></span> <span class='ocrx_word' id='word_1_99' title='bbox 903 2033 1340 2119; x_wconf 89' lang='grc' dir='ltr'><strong><em>παραμύθιον</em></strong></span> <span class='ocrx_word' id='word_1_100' title='bbox 1385 2029 1596 2119; x_wconf 84' lang='grc' dir='ltr'><strong><em>εὗρεῖν</em></strong></span> <span class='ocrx_word' id='word_1_101' title='bbox 1639 2029 1677 2122; x_wconf 81' lang='grc' dir='ltr'>ἡ</span> <span class='ocrx_word' id='word_1_102' title='bbox 1727 2033 1793 2100; x_wconf 80' lang='grc' dir='ltr'><strong><em>ἐν</em></strong></span> <span class='ocrx_word' id='word_1_103' title='bbox 1836 2045 1981 2112; x_wconf 88' lang='grc' dir='ltr'><strong><em>τοῖς</em></strong></span> <span class='ocrx_word' id='word_1_104' title='bbox 2012 2035 2225 2120; x_wconf 72' lang='grc' dir='ltr'><strong><em>ἔργοις</em></strong></span> <span class='ocrx_word' id='word_1_105' title='bbox 2252 2034 2570 2122; x_wconf 82' lang='grc' dir='ltr'><strong><em>κοινότης,</em></strong></span> <span class='ocrx_word' id='word_1_106' title='bbox 2619 2031 2702 2102; x_wconf 72' lang='grc' dir='ltr'><strong><em>δι’</em></strong></span> 
     </span>
     <span class='ocr_line' id='line_1_17' title="bbox 367 2127 2707 2224; baseline 0 -21"><span class='ocrx_word' id='word_1_107' title='bbox 367 2127 445 2203; x_wconf 80' lang='grc' dir='ltr'><strong><em>οὗ</em></strong></span> <span class='ocrx_word' id='word_1_108' title='bbox 500 2137 577 2203; x_wconf 87' lang='grc' dir='ltr'><strong><em>τὸ</em></strong></span> <span class='ocrx_word' id='word_1_109' title='bbox 648 2135 943 2224; x_wconf 84' lang='grc' dir='ltr'><strong><em>σφοδρὸν</em></strong></span> <span class='ocrx_word' id='word_1_110' title='bbox 1012 2131 1436 2221; x_wconf 82' lang='grc' dir='ltr'><strong><em>άλυπώτερον</em></strong></span> <span class='ocrx_word' id='word_1_111' title='bbox 1508 2137 1609 2223; x_wconf 81' lang='grc' dir='ltr'><strong><em>εἴη</em></strong></span> <span class='ocrx_word' id='word_1_112' title='bbox 1665 2138 1780 2222; x_wconf 85' lang='grc' dir='ltr'><strong><em>τῆς</em></strong></span> <span class='ocrx_word' id='word_1_113' title='bbox 1846 2143 2295 2221; x_wconf 84' lang='grc' dir='ltr'><strong><em>στενοχωρίας.</em></strong></span> <span class='ocrx_word' id='word_1_114' title='bbox 2388 2132 2524 2202; x_wconf 76' lang='grc' dir='ltr'><strong><em>ἀλλ’</em></strong></span> <span class='ocrx_word' id='word_1_115' title='bbox 2598 2134 2707 2203; x_wconf 79' lang='grc' dir='ltr'><strong><em>ὅν-</em></strong></span> 
     </span>
     <span class='ocr_line' id='line_1_18' title="bbox 367 2235 2705 2324; baseline 0 -20"><span class='ocrx_word' id='word_1_116' title='bbox 367 2263 480 2317; x_wconf 90' lang='grc' dir='ltr'><strong><em>τος</em></strong></span> <span class='ocrx_word' id='word_1_117' title='bbox 546 2235 717 2303; x_wconf 71' lang='grc' dir='ltr'><strong><em>οὕτω</em></strong></span> <span class='ocrx_word' id='word_1_118' title='bbox 781 2240 979 2304; x_wconf 80' lang='grc' dir='ltr'><strong><em>καλοῦ</em></strong></span> <span class='ocrx_word' id='word_1_119' title='bbox 1043 2245 1148 2303; x_wconf 76' lang='grc' dir='ltr'><strong><em>καὶ</em></strong></span> <span class='ocrx_word' id='word_1_120' title='bbox 1210 2242 1535 2322; x_wconf 81' lang='grc' dir='ltr'><strong><em>χρησίμου</em></strong></span> <span class='ocrx_word' id='word_1_121' title='bbox 1600 2240 1714 2303; x_wconf 86' lang='grc' dir='ltr'><strong><em>τοῦ</em></strong></span> <span class='ocrx_word' id='word_1_122' title='bbox 1777 2238 1943 2304; x_wconf 83' lang='grc' dir='ltr'><strong><em>κατὰ</em></strong></span> <span class='ocrx_word' id='word_1_123' title='bbox 2005 2245 2152 2322; x_wconf 84' lang='grc' dir='ltr'><strong><em>βίον</em></strong></span> <span class='ocrx_word' id='word_1_124' title='bbox 2196 2239 2705 2324; x_wconf 80' lang='grc' dir='ltr'><strong><em>κοινωνήματος,</em></strong></span> 
     </span>
     <span class='ocr_line' id='line_1_19' title="bbox 369 2333 2706 2425; baseline 0 -21"><span class='ocrx_word' id='word_1_125' title='bbox 369 2341 511 2425; x_wconf 81' lang='grc' dir='ltr'><strong><em>ξένη</em></strong></span> <span class='ocrx_word' id='word_1_126' title='bbox 570 2342 670 2416; x_wconf 80' lang='grc' dir='ltr'><strong><em>τὶς</em></strong></span> <span class='ocrx_word' id='word_1_127' title='bbox 715 2339 1066 2422; x_wconf 78' lang='grc' dir='ltr'><strong><em>ἐνδυομένη</em></strong></span> <span class='ocrx_word' id='word_1_128' title='bbox 1106 2345 1298 2403; x_wconf 88' lang='grc' dir='ltr'><strong><em>κακία</em></strong></span> <span class='ocrx_word' id='word_1_129' title='bbox 1340 2349 1491 2415; x_wconf 89' lang='grc' dir='ltr'><strong><em>ταῖς</em></strong></span> <span class='ocrx_word' id='word_1_130' title='bbox 1531 2342 1663 2404; x_wconf 81' lang='grc' dir='ltr'><strong><em>τῶν</em></strong></span> <span class='ocrx_word' id='word_1_131' title='bbox 1710 2333 2091 2424; x_wconf 73' lang='grc' dir='ltr'><strong><em>ἀνθρώπων</em></strong></span> <span class='ocrx_word' id='word_1_132' title='bbox 2148 2350 2394 2423; x_wconf 79' lang='grc' dir='ltr'><strong><em>ψυχαῖς</em></strong></span> <span class='ocrx_word' id='word_1_133' title='bbox 2450 2334 2526 2405; x_wconf 87' lang='grc' dir='ltr'><strong><em>ού</em></strong></span> <span class='ocrx_word' id='word_1_134' title='bbox 2581 2338 2706 2425; x_wconf 88' lang='grc' dir='ltr'><strong><em>μό-</em></strong></span> 
     </span>
     <span class='ocr_line' id='line_1_20' title="bbox 368 2435 2708 2528; baseline 0 -19"><span class='ocrx_word' id='word_1_135' title='bbox 368 2464 481 2509; x_wconf 88' lang='grc' dir='ltr'><strong><em>νον</em></strong></span> <span class='ocrx_word' id='word_1_136' title='bbox 545 2440 793 2525; x_wconf 78' lang='grc' dir='ltr'><strong><em>ἓτέροις</em></strong></span> <span class='ocrx_word' id='word_1_137' title='bbox 859 2438 1166 2523; x_wconf 77' lang='grc' dir='ltr'><strong><em>ἐμποδών</em></strong></span> <span class='ocrx_word' id='word_1_138' title='bbox 1230 2445 1636 2507; x_wconf 68' lang='grc' dir='ltr'><strong><em>καθίσταται</em></strong></span> <span class='ocrx_word' id='word_1_139' title='bbox 1702 2438 1871 2524; x_wconf 87' lang='grc' dir='ltr'><strong><em>πρὸς</em></strong></span> <span class='ocrx_word' id='word_1_140' title='bbox 1915 2436 2263 2528; x_wconf 81' lang='grc' dir='ltr'><strong><em>ὠφέλειαν,</em></strong></span> <span class='ocrx_word' id='word_1_141' title='bbox 2310 2435 2446 2506; x_wconf 77' lang='grc' dir='ltr'><strong><em>ἀλλ’</em></strong></span> <span class='ocrx_word' id='word_1_142' title='bbox 2498 2442 2708 2527; x_wconf 82' lang='grc' dir='ltr'><strong><em>αἱρεῖ-</em></strong></span> 
     </span>
     <span class='ocr_line' id='line_1_21' title="bbox 367 2536 2708 2629; baseline 0 -20"><span class='ocrx_word' id='word_1_143' title='bbox 367 2550 540 2610; x_wconf 88' lang='grc' dir='ltr'><strong><em>σθαι</em></strong></span> <span class='ocrx_word' id='word_1_144' title='bbox 583 2547 818 2609; x_wconf 89' lang='grc' dir='ltr'><strong><em>πείθει</em></strong></span> <span class='ocrx_word' id='word_1_145' title='bbox 860 2540 1013 2620; x_wconf 84' lang='grc' dir='ltr'><strong><em>τοὺς</em></strong></span> <span class='ocrx_word' id='word_1_146' title='bbox 1054 2540 1447 2620; x_wconf 87' lang='grc' dir='ltr'><strong><em>θάλποντας</em></strong></span> <span class='ocrx_word' id='word_1_147' title='bbox 1492 2536 1691 2629; x_wconf 79' lang='grc' dir='ltr'><strong><em>αὐτὴν</em></strong></span> <span class='ocrx_word' id='word_1_148' title='bbox 1738 2537 2000 2626; x_wconf 76' lang='grc' dir='ltr'><strong><em>ἀγαπᾶν</em></strong></span> <span class='ocrx_word' id='word_1_149' title='bbox 2044 2545 2151 2609; x_wconf 86' lang='grc' dir='ltr'><strong><em>καὶ</em></strong></span> <span class='ocrx_word' id='word_1_150' title='bbox 2195 2544 2280 2609; x_wconf 86' lang='grc' dir='ltr'><strong><em>τὰ</em></strong></span> <span class='ocrx_word' id='word_1_151' title='bbox 2325 2544 2537 2610; x_wconf 80' lang='grc' dir='ltr'><strong><em>οἰκεῖα</em></strong></span> <span class='ocrx_word' id='word_1_152' title='bbox 2590 2569 2708 2610; x_wconf 86' lang='grc' dir='ltr'><strong><em>κα-</em></strong></span> 
     </span>
     <span class='ocr_line' id='line_1_22' title="bbox 365 2637 2704 2732; baseline 0 -22"><span class='ocrx_word' id='word_1_153' title='bbox 365 2644 909 2729; x_wconf 84' lang='grc' dir='ltr'><strong><em>ταβλάπτεσθαι,</em></strong></span> <span class='ocrx_word' id='word_1_154' title='bbox 975 2637 1017 2727; x_wconf 87' lang='grc' dir='ltr'><em>ἢ</em></span> <span class='ocrx_word' id='word_1_155' title='bbox 1084 2654 1435 2727; x_wconf 78' lang='grc' dir='ltr'><strong><em>συγχωρεῖν</em></strong></span> <span class='ocrx_word' id='word_1_156' title='bbox 1499 2644 1566 2710; x_wconf 76' lang='grc' dir='ltr'><strong><em>ἐν</em></strong></span> <span class='ocrx_word' id='word_1_157' title='bbox 1628 2647 1722 2730; x_wconf 77' lang='grc' dir='ltr'><strong><em>τῷ</em></strong></span> <span class='ocrx_word' id='word_1_158' title='bbox 1778 2648 2176 2732; x_wconf 86' lang='grc' dir='ltr'><strong><em>κοινωνῆσαι</em></strong></span> <span class='ocrx_word' id='word_1_159' title='bbox 2231 2655 2375 2724; x_wconf 87' lang='grc' dir='ltr'><strong><em>τοῖς</em></strong></span> <span class='ocrx_word' id='word_1_160' title='bbox 2420 2645 2704 2731; x_wconf 83' lang='grc' dir='ltr'><strong><em>πλησίον</em></strong></span> 
     </span>
     <span class='ocr_line' id='line_1_23' title="bbox 367 2737 1485 2830; baseline -0.001 -19"><span class='ocrx_word' id='word_1_161' title='bbox 367 2750 811 2830; x_wconf 76' lang='grc' dir='ltr'><strong><em>προστιθέναι</em></strong></span> <span class='ocrx_word' id='word_1_162' title='bbox 856 2747 919 2809; x_wconf 86' lang='grc' dir='ltr'><strong><em>τὶ</em></strong></span> <span class='ocrx_word' id='word_1_163' title='bbox 963 2744 1189 2829; x_wconf 78' lang='grc' dir='ltr'><strong><em>κέρδος</em></strong></span> <span class='ocrx_word' id='word_1_164' title='bbox 1240 2737 1485 2823; x_wconf 76' lang='grc' dir='ltr'><strong><em>αὐτοῖς.</em></strong></span> 
     </span>
    </p>

    <p class='ocr_par' dir='ltr' id='par_1_9' title="bbox 362 2841 2705 3841">
     <span class='ocr_line' id='line_1_24' title="bbox 543 2841 2699 2932; baseline 0 -20"><span class='ocrx_word' id='word_1_165' title='bbox 543 2845 863 2912; x_wconf 79' lang='grc' dir='ltr'><strong><em>Τοιοῦτόν</em></strong></span> <span class='ocrx_word' id='word_1_166' title='bbox 927 2871 995 2911; x_wconf 93' lang='grc' dir='ltr'><strong><em>τι</em></strong></span> <span class='ocrx_word' id='word_1_167' title='bbox 1057 2847 1406 2931; x_wconf 75' lang='grc' dir='ltr'><strong><em>προσῆλθε</em></strong></span> <span class='ocrx_word' id='word_1_168' title='bbox 1470 2856 1619 2924; x_wconf 82' lang='grc' dir='ltr'><strong><em>ταῖς</em></strong></span> <span class='ocrx_word' id='word_1_169' title='bbox 1672 2841 1857 2932; x_wconf 81' lang='grc' dir='ltr'><strong><em>ἡμῶν</em></strong></span> <span class='ocrx_word' id='word_1_170' title='bbox 1916 2842 2145 2925; x_wconf 78' lang='grc' dir='ltr'><strong><em>ἀκοαῖς</em></strong></span> <span class='ocrx_word' id='word_1_171' title='bbox 2201 2845 2544 2932; x_wconf 86' lang='grc' dir='ltr'><strong><em>γινόμενον</em></strong></span> <span class='ocrx_word' id='word_1_172' title='bbox 2591 2842 2699 2912; x_wconf 74' lang='grc' dir='ltr'><strong><em>ὑπ’</em></strong></span> 
     </span>
     <span class='ocr_line' id='line_1_25' title="bbox 368 2942 2705 3035; baseline 0 -23"><span class='ocrx_word' id='word_1_173' title='bbox 368 2945 589 3027; x_wconf 79' lang='grc' dir='ltr'><strong><em>ἐνίων,</em></strong></span> <span class='ocrx_word' id='word_1_174' title='bbox 650 2950 716 3013; x_wconf 89' lang='grc' dir='ltr'><strong><em>οἳ</em></strong></span> <span class='ocrx_word' id='word_1_175' title='bbox 768 2948 1137 3014; x_wconf 76' lang='grc' dir='ltr'><strong><em>θαλαττίου</em></strong></span> <span class='ocrx_word' id='word_1_176' title='bbox 1185 2951 1417 3035; x_wconf 66' lang='grc' dir='ltr'><strong><em>νομῆς4</em></strong></span> <span class='ocrx_word' id='word_1_177' title='bbox 1465 2944 1927 3033; x_wconf 75' lang='grc' dir='ltr'><strong><em>εὐποροῦντες,</em></strong></span> <span class='ocrx_word' id='word_1_178' title='bbox 1984 2942 2134 3014; x_wconf 74' lang='grc' dir='ltr'><strong><em>καθ’</em></strong></span> <span class='ocrx_word' id='word_1_179' title='bbox 2185 2947 2418 3035; x_wconf 76' lang='grc' dir='ltr'><strong><em>ἑαυτὴν</em></strong></span> <span class='ocrx_word' id='word_1_180' title='bbox 2462 2949 2580 3031; x_wconf 80' lang='grc' dir='ltr'><strong><em>μὲν</em></strong></span> <span class='ocrx_word' id='word_1_181' title='bbox 2626 2942 2705 3013; x_wconf 77' lang='grc' dir='ltr'><strong><em>οὐ</em></strong></span> 
     </span>
     <span class='ocr_line' id='line_1_26' title="bbox 363 3047 2703 3137; baseline -0 -23"><span class='ocrx_word' id='word_1_182' title='bbox 363 3055 531 3135; x_wconf 87' lang='grc' dir='ltr'><strong><em>μέγα</em></strong></span> <span class='ocrx_word' id='word_1_183' title='bbox 572 3052 636 3116; x_wconf 84' lang='grc' dir='ltr'><strong><em>τὶ</em></strong></span> <span class='ocrx_word' id='word_1_184' title='bbox 684 3055 907 3137; x_wconf 83' lang='grc' dir='ltr'><strong><em>φέρειν</em></strong></span> <span class='ocrx_word' id='word_1_185' title='bbox 950 3050 1176 3134; x_wconf 83' lang='grc' dir='ltr'><strong><em>κέρδος</em></strong></span> <span class='ocrx_word' id='word_1_186' title='bbox 1222 3050 1671 3135; x_wconf 68' lang='grc' dir='ltr'><strong><em>δεδυνημένης,</em></strong></span> <span class='ocrx_word' id='word_1_187' title='bbox 1720 3047 1836 3114; x_wconf 78' lang='grc' dir='ltr'><strong><em>σὺν</em></strong></span> <span class='ocrx_word' id='word_1_188' title='bbox 1869 3049 1940 3114; x_wconf 81' lang='grc' dir='ltr'><strong><em>δὲ</em></strong></span> <span class='ocrx_word' id='word_1_189' title='bbox 1970 3052 2047 3136; x_wconf 84' lang='grc' dir='ltr'><strong><em>τῇ</em></strong></span> <span class='ocrx_word' id='word_1_190' title='bbox 2078 3056 2323 3134; x_wconf 87' lang='grc' dir='ltr'><strong><em>γείτονι</em></strong></span> <span class='ocrx_word' id='word_1_191' title='bbox 2352 3053 2460 3116; x_wconf 86' lang='grc' dir='ltr'><strong><em>καὶ</em></strong></span> <span class='ocrx_word' id='word_1_192' title='bbox 2493 3072 2703 3132; x_wconf 86' lang='grc' dir='ltr'><strong><em>προσ-</em></strong></span> 
     </span>
     <span class='ocr_line' id='line_1_27' title="bbox 363 3144 2699 3239; baseline -0 -24"><span class='ocrx_word' id='word_1_193' title='bbox 363 3156 807 3239; x_wconf 85' lang='grc' dir='ltr'><strong><em>παρακειμένῃ</em></strong></span> <span class='ocrx_word' id='word_1_194' title='bbox 865 3150 1303 3235; x_wconf 87' lang='grc' dir='ltr'><strong><em>κοινωνούσης</em></strong></span> <span class='ocrx_word' id='word_1_195' title='bbox 1356 3151 1610 3233; x_wconf 83' lang='grc' dir='ltr'><strong><em>μᾶλλον</em></strong></span> <span class='ocrx_word' id='word_1_196' title='bbox 1665 3148 1781 3233; x_wconf 88' lang='grc' dir='ltr'><strong><em>τὴν</em></strong></span> <span class='ocrx_word' id='word_1_197' title='bbox 1840 3144 2166 3236; x_wconf 76' lang='grc' dir='ltr'><strong><em>ὠφέλειαν</em></strong></span> <span class='ocrx_word' id='word_1_198' title='bbox 2229 3145 2699 3235; x_wconf 79' lang='grc' dir='ltr'><strong><em>ἀποδιδούσης,</em></strong></span> 
     </span>
     <span class='ocr_line' id='line_1_28' title="bbox 365 3244 2703 3336; baseline 0 -19"><span class='ocrx_word' id='word_1_199' title='bbox 365 3247 441 3318; x_wconf 79' lang='grc' dir='ltr'><strong><em>οὗ</em></strong></span> <span class='ocrx_word' id='word_1_200' title='bbox 486 3251 839 3336; x_wconf 84' lang='grc' dir='ltr'><strong><em>βούλονται</em></strong></span> <span class='ocrx_word' id='word_1_201' title='bbox 884 3252 996 3318; x_wconf 79' lang='grc' dir='ltr'><strong><em>διά</em></strong></span> <span class='ocrx_word' id='word_1_202' title='bbox 1037 3251 1114 3317; x_wconf 86' lang='grc' dir='ltr'><strong><em>τὸ</em></strong></span> <span class='ocrx_word' id='word_1_203' title='bbox 1159 3250 1576 3336; x_wconf 87' lang='grc' dir='ltr'><strong><em>κακόγνωμον</em></strong></span> <span class='ocrx_word' id='word_1_204' title='bbox 1623 3244 2066 3333; x_wconf 75' lang='grc' dir='ltr'><strong><em>ἀναδέχεσθαι</em></strong></span> <span class='ocrx_word' id='word_1_205' title='bbox 2108 3257 2483 3329; x_wconf 84' lang='grc' dir='ltr'><strong><em>κοινωνίαν,</em></strong></span> <span class='ocrx_word' id='word_1_206' title='bbox 2548 3246 2703 3317; x_wconf 77' lang='grc' dir='ltr'><strong><em>οὐδὲ</em></strong></span> 
     </span>
     <span class='ocr_line' id='line_1_29' title="bbox 362 3345 2703 3438; baseline 0 -20"><span class='ocrx_word' id='word_1_207' title='bbox 362 3351 448 3418; x_wconf 78' lang='grc' dir='ltr'><strong><em>τά</em></strong></span> <span class='ocrx_word' id='word_1_208' title='bbox 492 3353 740 3418; x_wconf 79' lang='grc' dir='ltr'><strong><em>ἑαυτῶν</em></strong></span> <span class='ocrx_word' id='word_1_209' title='bbox 783 3352 1239 3438; x_wconf 86' lang='grc' dir='ltr'><strong><em>καταμιγνύειν</em></strong></span> <span class='ocrx_word' id='word_1_210' title='bbox 1282 3362 1426 3429; x_wconf 83' lang='grc' dir='ltr'><strong><em>τοῖς</em></strong></span> <span class='ocrx_word' id='word_1_211' title='bbox 1468 3350 1911 3435; x_wconf 83' lang='grc' dir='ltr'><strong><em>γειτονεύουσι</em></strong></span> <span class='ocrx_word' id='word_1_212' title='bbox 1950 3359 2245 3437; x_wconf 88' lang='grc' dir='ltr'><strong><em>χωρίοις,</em></strong></span> <span class='ocrx_word' id='word_1_213' title='bbox 2317 3348 2405 3430; x_wconf 75' lang='grc' dir='ltr'><strong><em>ὥς</em></strong></span> <span class='ocrx_word' id='word_1_214' title='bbox 2450 3345 2530 3418; x_wconf 73' lang='grc' dir='ltr'><strong><em>ἂν</em></strong></span> <span class='ocrx_word' id='word_1_215' title='bbox 2575 3346 2703 3435; x_wconf 81' lang='grc' dir='ltr'><strong><em>άμ-</em></strong></span> 
     </span>
     <span class='ocr_line' id='line_1_30' title="bbox 370 3446 2704 3538; baseline 0.002 -22"><span class='ocrx_word' id='word_1_216' title='bbox 370 3459 677 3537; x_wconf 86' lang='grc' dir='ltr'><strong><em>φοτέροις</em></strong></span> <span class='ocrx_word' id='word_1_217' title='bbox 731 3448 988 3538; x_wconf 74' lang='grc' dir='ltr'><strong><em>ὑπάρξῃ</em></strong></span> <span class='ocrx_word' id='word_1_218' title='bbox 1049 3455 1112 3517; x_wconf 85' lang='grc' dir='ltr'><strong><em>τὶ</em></strong></span> <span class='ocrx_word' id='word_1_219' title='bbox 1170 3452 1509 3535; x_wconf 82' lang='grc' dir='ltr'><strong><em>κερδᾶναι,</em></strong></span> <span class='ocrx_word' id='word_1_220' title='bbox 1572 3446 1738 3517; x_wconf 79' lang='grc' dir='ltr'><strong><em>ἀλλὰ</em></strong></span> <span class='ocrx_word' id='word_1_221' title='bbox 1794 3459 2226 3538; x_wconf 83' lang='grc' dir='ltr'><strong><em>προκρίνουσι</em></strong></span> <span class='ocrx_word' id='word_1_222' title='bbox 2281 3455 2388 3520; x_wconf 86' lang='grc' dir='ltr'><strong><em>καὶ</em></strong></span> <span class='ocrx_word' id='word_1_223' title='bbox 2431 3451 2515 3519; x_wconf 85' lang='grc' dir='ltr'><strong><em>τὰ</em></strong></span> <span class='ocrx_word' id='word_1_224' title='bbox 2560 3453 2704 3520; x_wconf 83' lang='grc' dir='ltr'><strong><em>ἰ’δια</em></strong></span> 
     </span>
     <span class='ocr_line' id='line_1_31' title="bbox 367 3548 2701 3642; baseline 0.002 -26"><span class='ocrx_word' id='word_1_225' title='bbox 367 3552 665 3638; x_wconf 79' lang='grc' dir='ltr'><strong><em>ζημιοῦν,</em></strong></span> <span class='ocrx_word' id='word_1_226' title='bbox 722 3552 780 3619; x_wconf 83' lang='grc' dir='ltr'><strong><em>εἰ</em></strong></span> <span class='ocrx_word' id='word_1_227' title='bbox 822 3555 928 3618; x_wconf 85' lang='grc' dir='ltr'><strong><em>καὶ</em></strong></span> <span class='ocrx_word' id='word_1_228' title='bbox 974 3556 1066 3639; x_wconf 77' lang='grc' dir='ltr'><strong><em>τῷ</em></strong></span> <span class='ocrx_word' id='word_1_229' title='bbox 1110 3560 1354 3637; x_wconf 88' lang='grc' dir='ltr'><strong><em>γείτονι</em></strong></span> <span class='ocrx_word' id='word_1_230' title='bbox 1396 3551 1767 3639; x_wconf 86' lang='grc' dir='ltr'><strong><em>πεφηνότες</em></strong></span> <span class='ocrx_word' id='word_1_231' title='bbox 1812 3555 2038 3641; x_wconf 78' lang='grc' dir='ltr'><strong><em>εἰἠσαν</em></strong></span> <span class='ocrx_word' id='word_1_232' title='bbox 2084 3555 2440 3642; x_wconf 78' lang='grc' dir='ltr'><strong><em>ἐπιζήμιοι.</em></strong></span> <span class='ocrx_word' id='word_1_233' title='bbox 2530 3548 2701 3621; x_wconf 76' lang='grc' dir='ltr'><strong><em>ἀλλὰ</em></strong></span> 
     </span>
     <span class='ocr_line' id='line_1_32' title="bbox 363 3650 2703 3743; baseline 0.001 -24"><span class='ocrx_word' id='word_1_234' title='bbox 363 3651 516 3739; x_wconf 83' lang='grc' dir='ltr'><strong><em>γὰρ,</em></strong></span> <span class='ocrx_word' id='word_1_235' title='bbox 576 3653 634 3720; x_wconf 85' lang='grc' dir='ltr'><strong><em>εἰ</em></strong></span> <span class='ocrx_word' id='word_1_236' title='bbox 686 3655 794 3719; x_wconf 80' lang='grc' dir='ltr'><strong><em>καὶ</em></strong></span> <span class='ocrx_word' id='word_1_237' title='bbox 851 3653 1021 3738; x_wconf 87' lang='grc' dir='ltr'><strong><em>πρὸς</em></strong></span> <span class='ocrx_word' id='word_1_238' title='bbox 1076 3654 1193 3741; x_wconf 81' lang='grc' dir='ltr'><strong><em>τὴν</em></strong></span> <span class='ocrx_word' id='word_1_239' title='bbox 1237 3653 1486 3720; x_wconf 78' lang='grc' dir='ltr'><strong><em>ἑαυτῶν</em></strong></span> <span class='ocrx_word' id='word_1_240' title='bbox 1528 3653 1777 3739; x_wconf 76' lang='grc' dir='ltr'><strong><em>βλάβην</em></strong></span> <span class='ocrx_word' id='word_1_241' title='bbox 1824 3650 2250 3743; x_wconf 78' lang='grc' dir='ltr'><strong><em>ἀναισθήτως</em></strong></span> <span class='ocrx_word' id='word_1_242' title='bbox 2296 3656 2361 3721; x_wconf 79' lang='grc' dir='ltr'><strong><em>οἱ</em></strong></span> <span class='ocrx_word' id='word_1_243' title='bbox 2405 3659 2703 3721; x_wconf 82' lang='grc' dir='ltr'><strong><em>τοιοῦτοι</em></strong></span> 
     </span>
     <span class='ocr_line' id='line_1_33' title="bbox 366 3750 2702 3841; baseline 0.001 -21"><span class='ocrx_word' id='word_1_244' title='bbox 366 3753 726 3821; x_wconf 82' lang='grc' dir='ltr'><strong><em>διάκεινται</em></strong></span> <span class='ocrx_word' id='word_1_245' title='bbox 768 3758 875 3821; x_wconf 83' lang='grc' dir='ltr'><strong><em>καὶ</em></strong></span> <span class='ocrx_word' id='word_1_246' title='bbox 920 3758 1132 3834; x_wconf 82' lang='grc' dir='ltr'><strong><em>κακῶς</em></strong></span> <span class='ocrx_word' id='word_1_247' title='bbox 1176 3752 1446 3834; x_wconf 79' lang='grc' dir='ltr'><strong><em>ἑαυτοὺς</em></strong></span> <span class='ocrx_word' id='word_1_248' title='bbox 1478 3757 1891 3834; x_wconf 83' lang='grc' dir='ltr'><strong><em>διατιθέντες</em></strong></span> <span class='ocrx_word' id='word_1_249' title='bbox 1920 3752 2056 3822; x_wconf 77' lang='grc' dir='ltr'><strong><em>ὑπὸ</em></strong></span> <span class='ocrx_word' id='word_1_250' title='bbox 2087 3764 2531 3841; x_wconf 88' lang='grc' dir='ltr'><strong><em>κακοτροπίας</em></strong></span> <span class='ocrx_word' id='word_1_251' title='bbox 2562 3750 2702 3822; x_wconf 80' lang='grc' dir='ltr'><strong><em>ὀλι-</em></strong></span> 
     </span>
    </p>
   </div>
   <div class='ocr_carea' id='block_1_6' title="bbox 368 3901 844 3910">
    <p class='ocr_par' dir='ltr' id='par_1_10' title="bbox 368 3901 844 3910">
     <span class='ocr_line' id='line_1_34' title="bbox 368 3901 844 3910; baseline 0 -1"><span class='ocrx_word' id='word_1_252' title='bbox 368 3901 490 3909; x_wconf 58' lang='lat' dir='ltr'><strong><em>uu—.——-⁴</em></strong></span> <span class='ocrx_word' id='word_1_253' title='bbox 539 3903 844 3910; x_wconf 43' lang='lat' dir='ltr'><strong><em>ffl—Q*</em></strong></span> 
     </span>
    </p>
   </div>
   <div class='ocr_carea' id='block_1_7' title="bbox 360 3974 2702 4376">
    <p class='ocr_par' dir='ltr' id='par_1_11' title="bbox 360 3974 2702 4376">
     <span class='ocr_line' id='line_1_35' title="bbox 496 3974 2699 4043; baseline 0.001 -17"><span class='ocrx_word' id='word_1_254' title='bbox 496 3974 511 4001; x_wconf 84' lang='lat'><strong>¹</strong></span> <span class='ocrx_word' id='word_1_255' title='bbox 548 3976 646 4027; x_wconf 81' lang='lat' dir='ltr'><strong>Ecl.</strong></span> <span class='ocrx_word' id='word_1_256' title='bbox 683 3978 894 4027; x_wconf 80' lang='lat' dir='ltr'>Nov,50.</span> <span class='ocrx_word' id='word_1_257' title='bbox 967 3979 1150 4028; x_wconf 82' lang='lat' dir='ltr'>Laudat</span> <span class='ocrx_word' id='word_1_258' title='bbox 1185 3980 1323 4028; x_wconf 72' lang='lat' dir='ltr'><strong>mich.</strong></span> <span class='ocrx_word' id='word_1_259' title='bbox 1359 3979 1501 4030; x_wconf 73' lang='lat' dir='ltr'><strong>Attal.</strong></span> <span class='ocrx_word' id='word_1_260' title='bbox 1537 3981 1585 4029; x_wconf 87' lang='lat' dir='ltr'><strong><em>in</em></strong></span> <span class='ocrx_word' id='word_1_261' title='bbox 1621 3981 1903 4043; x_wconf 76' lang='lat' dir='ltr'><strong>appendice.</strong></span> <span class='ocrx_word' id='word_1_262' title='bbox 2060 3978 2078 4004; x_wconf 82' lang='lat'>²</span> <span class='ocrx_word' id='word_1_263' title='bbox 2117 3977 2334 4042; x_wconf 77' lang='lat' dir='ltr'>Plerique</span> <span class='ocrx_word' id='word_1_264' title='bbox 2373 3979 2523 4029; x_wconf 85' lang='lat' dir='ltr'>Codd.</span> <span class='ocrx_word' id='word_1_265' title='bbox 2562 3979 2699 4042; x_wconf 73' lang='lat' dir='ltr'>Edo-</span> 
     </span>
     <span class='ocr_line' id='line_1_36' title="bbox 363 4050 2702 4131; baseline 0.001 -24"><span class='ocrx_word' id='word_1_266' title='bbox 363 4073 448 4119; x_wconf 77' lang='lat' dir='ltr'>gae</span> <span class='ocrx_word' id='word_1_267' title='bbox 496 4050 793 4127; x_wconf 76' lang='grc' dir='ltr'><strong><em>ἀρκοῦντος</em></strong></span> <span class='ocrx_word' id='word_1_268' title='bbox 840 4063 1016 4124; x_wconf 79' lang='lat' dir='ltr'>legunt.</span> <span class='ocrx_word' id='word_1_269' title='bbox 1088 4064 1254 4126; x_wconf 82' lang='lat' dir='ltr'>Steph.</span> <span class='ocrx_word' id='word_1_270' title='bbox 1302 4064 1567 4113; x_wconf 72' lang='lat' dir='ltr'>emendavit</span> <span class='ocrx_word' id='word_1_271' title='bbox 1619 4055 1951 4128; x_wconf 76' lang='grc' dir='ltr'><strong><em>ἀρκούντων.</em></strong></span> <span class='ocrx_word' id='word_1_272' title='bbox 2028 4064 2209 4126; x_wconf 80' lang='lat' dir='ltr'>Bodlej.</span> <span class='ocrx_word' id='word_1_273' title='bbox 2248 4064 2348 4113; x_wconf 80' lang='lat'><strong><em>264</em></strong></span> <span class='ocrx_word' id='word_1_274' title='bbox 2397 4071 2554 4112; x_wconf 77' lang='lat' dir='ltr'>tamen</span> <span class='ocrx_word' id='word_1_275' title='bbox 2607 4054 2702 4131; x_wconf 78' lang='grc' dir='ltr'><strong><em>ἆρ-</em></strong></span> 
     </span>
     <span class='ocr_line' id='line_1_37' title="bbox 360 4135 2578 4213; baseline 0.003 -25"><span class='ocrx_word' id='word_1_276' title='bbox 360 4135 571 4201; x_wconf 76' lang='grc' dir='ltr'><strong><em>κούσης.</em></strong></span> <span class='ocrx_word' id='word_1_277' title='bbox 635 4167 698 4178; x_wconf 90' lang='lat'><strong><em>-—</em></strong></span> <span class='ocrx_word' id='word_1_278' title='bbox 752 4145 970 4194; x_wconf 72' lang='lat' dir='ltr'>Fortasse</span> <span class='ocrx_word' id='word_1_279' title='bbox 1023 4160 1131 4195; x_wconf 87' lang='lat' dir='ltr'><strong><em>mox</em></strong></span> <span class='ocrx_word' id='word_1_280' title='bbox 1179 4141 1278 4194; x_wconf 86' lang='grc' dir='ltr'><strong><em>τὸν</em></strong></span> <span class='ocrx_word' id='word_1_281' title='bbox 1327 4142 1551 4210; x_wconf 82' lang='grc' dir='ltr'><strong><em>γείτονα</em></strong></span> <span class='ocrx_word' id='word_1_282' title='bbox 1604 4162 1688 4210; x_wconf 83' lang='lat' dir='ltr'><strong><em>pro</em></strong></span> <span class='ocrx_word' id='word_1_283' title='bbox 1742 4141 1840 4195; x_wconf 83' lang='grc' dir='ltr'><strong><em>τὸν</em></strong></span> <span class='ocrx_word' id='word_1_284' title='bbox 1886 4141 1963 4213; x_wconf 77' lang='grc' dir='ltr'><strong><em>μὴ</em></strong></span> <span class='ocrx_word' id='word_1_285' title='bbox 2019 4143 2256 4195; x_wconf 81' lang='grc' dir='ltr'><strong><em>θέλοντα</em></strong></span> <span class='ocrx_word' id='word_1_286' title='bbox 2308 4147 2578 4209; x_wconf 81' lang='lat' dir='ltr'>legendum.</span> 
     </span>
     <span class='ocr_line' id='line_1_38' title="bbox 360 4220 2698 4296; baseline 0.003 -22"><span class='ocrx_word' id='word_1_287' title='bbox 360 4220 379 4250; x_wconf 77' lang='lat'>³</span> <span class='ocrx_word' id='word_1_288' title='bbox 425 4226 589 4286; x_wconf 73' lang='lat' dir='ltr'><strong>Zqich.</strong></span> <span class='ocrx_word' id='word_1_289' title='bbox 627 4235 676 4275; x_wconf 82' lang='lat' dir='ltr'>et</span> <span class='ocrx_word' id='word_1_290' title='bbox 710 4228 898 4277; x_wconf 80' lang='lat' dir='ltr'>Meerm.</span> <span class='ocrx_word' id='word_1_291' title='bbox 943 4224 1170 4294; x_wconf 83' lang='grc' dir='ltr'><strong><em>μεγάλα.</em></strong></span> <span class='ocrx_word' id='word_1_292' title='bbox 1245 4232 1468 4280; x_wconf 74' lang='lat' dir='ltr'>Fortasse</span> <span class='ocrx_word' id='word_1_293' title='bbox 1514 4232 1706 4290; x_wconf 68' lang='lat' dir='ltr'>rectiuS,</span> <span class='ocrx_word' id='word_1_294' title='bbox 1912 4228 1933 4256; x_wconf 81' lang='lat'>¹</span> <span class='ocrx_word' id='word_1_295' title='bbox 1981 4233 2154 4294; x_wconf 77' lang='lat' dir='ltr'><strong>Spang.</strong></span> <span class='ocrx_word' id='word_1_296' title='bbox 2192 4229 2412 4296; x_wconf 74' lang='grc' dir='ltr'><strong><em>νομοῦς.</em></strong></span> <span class='ocrx_word' id='word_1_297' title='bbox 2490 4231 2617 4281; x_wconf 85' lang='lat' dir='ltr'>Beck</span> <span class='ocrx_word' id='word_1_298' title='bbox 2655 4240 2698 4280; x_wconf 73' lang='lat' dir='ltr'>e!</span> 
     </span>
     <span class='ocr_line' id='line_1_39' title="bbox 363 4303 1413 4376; baseline 0.004 -16"><span class='ocrx_word' id='word_1_299' title='bbox 363 4310 658 4371; x_wconf 76' lang='lat' dir='ltr'>Osenbrfigg.</span> <span class='ocrx_word' id='word_1_300' title='bbox 692 4303 882 4375; x_wconf 82' lang='grc' dir='ltr'><strong><em>νομάς.</em></strong></span> <span class='ocrx_word' id='word_1_301' title='bbox 956 4312 1130 4362; x_wconf 83' lang='lat' dir='ltr'>Nescio</span> <span class='ocrx_word' id='word_1_302' title='bbox 1166 4329 1413 4376; x_wconf 76' lang='lat' dir='ltr'><strong>quorsum.</strong></span> 
     </span>
    </p>
   </div>
   <div class='ocr_carea' id='block_1_8' title="bbox 857 3902 1073 3911">
    <p class='ocr_par' dir='ltr' id='par_1_12' title="bbox 857 3902 1073 3911">
     <span class='ocr_line' id='line_1_40' title="bbox 857 3902 1073 3911; baseline 0 1039"><span class='ocrx_word' id='word_1_303' title='bbox 857 3902 1073 3911; x_wconf 95' lang='lat' dir='ltr'><strong><em> </em></strong></span> 
     </span>
    </p>
   </div>
  </div>
 </body>
</html>
