2900 4950
762 101 890 167 696
1520 112 1640 163 coti.
1677 113 1727 162 v.
1796 113 1911 163 um.
1951 111 2126 162 xtvi-
2156 111 2352 163 xum.

766 269 896 332 aliis
949 263 1339 329 vicinantibus
1392 262 1574 345 ipsis,
1625 272 1686 328 et
1738 264 1986 326 fecerint
2039 262 2231 344 aliqua
2289 271 2428 324 cont

766 369 1003 450 Imperii
1051 366 1257 440 nostri,
1303 385 1424 426 non
1470 364 1724 426 debeant
1765 375 2075 446 propterea
2111 365 2406 426 sustinere

768 471 986 534 suerint
1029 476 1383 530 mercatores
1426 483 1498 528 ex
1540 467 1690 527 «licta
1737 468 1984 541 civitate,
2050 465 2429 526 offensionem

768 592 911 636 num
968 572 1027 633 in
1085 570 1210 632 suis
1265 567 1751 630 mercationibus:
1807 569 2068 648 ipsorum
2114 567 2429 647 deprecati(

769 674 997 756 perium
1059 690 1343 752 praesens
1399 669 1760 750 privilegium
1831 670 2120 731 munitum
2177 688 2355 730 aurea
2414 669 2429 728 l

768 775 916 856 ipsis
959 772 1258 844 concedit,
1316 790 1423 851 per
1466 772 1623 851 quod
1671 771 1939 843 mandat,
1997 781 2064 832 ut
2121 770 2235 844 illi,
2289 771 2388 850 qui

768 876 997 940 civitate
1040 884 1100 935 et
1142 893 1250 954 pro
1294 882 1559 953 tempore
1603 872 1871 933 venerint
1911 882 2031 933 tam
2077 873 2136 932 in
2184 872 2428 932 dictam¹

768 976 1356 1058 tiuopolitanam
1402 993 1578 1054 quam
1624 973 1683 1034 in
1729 973 1856 1035 aliis
1899 972 2073 1035 terris
2117 984 2176 1034 et
2217 974 2426 1035 castris

769 1097 905 1140 vere
961 1077 1211 1138 debeant
1268 1094 1376 1155 pro
1434 1075 1919 1146 mercationibus,
1986 1093 2135 1155 quas
2187 1084 2424 1155 poi-tave

769 1180 927 1242 exitu
984 1177 1220 1240 insimul
1269 1176 1654 1257 quantitatem
1697 1175 2127 1256 Yperpernrum
2173 1186 2408 1238 eentum

770 1280 1256 1342 consuetudinem
1301 1278 1595 1358 Yperpera
1643 1288 1913 1358 quatuor,
1958 1287 2018 1338 et
2059 1286 2262 1357 postea
2308 1276 2383 1338 ab
2426 1297 2428 1306 ⁴

772 1379 987 1443 solutio
1032 1379 1139 1440 alia
1186 1379 1382 1458 aliquo
1429 1380 1624 1440 modo.

943 1479 1223 1542 Similiter
1264 1480 1503 1541 mandat
1545 1480 1861 1560 Imperium
1907 1489 2195 1551 nostrum,
2242 1479 2398 1559 quod

770 1582 1033 1663 ipsorum
1080 1582 1198 1642 sive
1226 1580 1317 1642 'ab
1362 1581 1489 1643 aliis
1533 1582 1921 1642 vicinantibus
1963 1580 2117 1660 ligna
2155 1580 2417 1660 piratica,

770 1682 1005 1762 aliquod
1050 1691 1252 1744 eontra
1298 1683 1525 1763 aliquos
1570 1684 1643 1770 de
1687 1694 1852 1764 parte
1897 1682 2130 1762 Imperii
2178 1683 2395 1756 nostri,

771 1782 1043 1846 nirentur
1095 1794 1450 1845 mercatores
1507 1785 1564 1845 in
1625 1784 1890 1865 partibus
1943 1784 2073 1845 istis
2127 1783 2247 1844 sive
2303 1783 2363 1844 in
2410 1802 2429 1843 ει

771 1884 1006 1965 Imperii
1053 1885 1271 1958 nostri,
1330 1904 1448 1945 non
1509 1885 1836 1946 invenirent
1879 1894 2190 1966 propterea
2233 1885 2429 1946 oss'ensi

772 1985 1007 2067 aliquod
1064 1988 1124 2047 in
1183 1984 1456 2065 personis
1516 1992 1574 2045 et
1630 1986 2084 2048 mercationibus
2127 1986 2282 2060 suis,
2339 1987 2429 2047 see

776 2088 948 2149 mode
994 2087 1303 2147 indemnes
1346 2085 1570 2165 absque
1615 2084 1728 2144 ulla
1774 2085 2120 2146 offensione.

941 2188 1085 2250 Item
1133 2187 1181 2247 si
1228 2186 1538 2265 contigerit
1580 2185 1945 2263 naufragium
2013 2186 2131 2265 pati
2178 2187 2236 2247 in
2282 2189 2425 2248 mari

772 2307 970 2351 sorum
1017 2308 1084 2349 ex
1130 2286 1490 2364 contingenti
1537 2294 1913 2364 tempestate,
1972 2295 2031 2346 et
2073 2288 2132 2346 in
2178 2297 2392 2349 terram

771 2399 937 2469 parte
982 2386 1216 2467 Imperii
1264 2386 1469 2457 nostri,
1515 2393 1829 2445 teneantur
1871 2386 2057 2466 ipsius
2099 2385 2284 2466 partis
2326 2388 2428 2449 bal,

770 2489 909 2550 illuc
952 2488 1382 2561 invenirentur,
1447 2505 1564 2547 non
1612 2506 1898 2568 usurpare
1942 2507 2046 2549 seu
2092 2507 2301 2569 rapere
2345 2491 2429 2551 ali·

769 2607 922 2663 rum,
968 2606 1118 2668 quae
1164 2597 1364 2649 essent
1406 2587 1702 2669 projectae
1746 2589 1804 2650 in
1851 2600 2089 2664 terram,
2136 2592 2239 2652 sed
2286 2592 2429 2671 ipsoa

768 2688 949 2770 ligere
996 2709 1091 2752 res
1135 2690 1357 2770 absque
1402 2690 1520 2751 ullo
1567 2690 2006 2770 impedimento,
2052 2702 2109 2754 et
2155 2694 2310 2773 quod
2360 2695 2429 2754 ta«

771 2791 844 2853 ad
888 2792 1243 2853 voluntatem
1289 2800 1348 2853 et
1390 2791 1665 2872 placitum
1712 2813 1935 2854 eorum.
2002 2793 2148 2853 Nam
2194 2793 2242 2855 si
2289 2794 2428 2874 aliqt

773 2892 990 2955 inferre
1036 2894 1205 2955 dictis
1251 2894 1546 2973 naufragis
1593 2895 2014 2955 mercatoribus
2057 2905 2114 2955 et
2159 2896 2388 2957 auterre

771 2994 873 3069 siS,
922 3014 1038 3056 non
1085 3004 1309 3057 tautum
1356 2995 1665 3057 restituere
1709 2994 2068 3057 tenebuntur
2117 3005 2176 3058 et
2219 2997 2429 3059 satissm

770 3095 903 3171 illo,
949 3097 1104 3177 quod
1152 3095 1224 3157 ab
1270 3095 1413 3176 ipsis
1458 3097 1820 3176 acceperint,
1867 3098 1969 3159 sed
2015 3098 2190 3159 etiam
2235 3107 2300 3160 ut
2343 3100 2429 3160 des

768 3197 1050 3278 privilegii
1112 3197 1295 3259 nostri
1351 3216 1528 3259 aurea
1585 3197 1739 3260 bulla
1798 3198 2004 3261 muniti
2057 3199 2429 3280 judicabuntt

772 3307 1031 3360 nostram
1078 3308 1534 3378 consequentur.

938 3399 1081 3459 Item
1143 3418 1274 3459 cum
1330 3399 1439 3479 ipsi
1498 3400 1742 3479 praefati
1789 3401 2164 3481 requisierint
2208 3412 2266 3464 et

778 3498 896 3562 rint
950 3500 1009 3560 in
1070 3499 1334 3579 partibus
1390 3502 1610 3562 nostris
1664 3503 1897 3581 possint
1950 3503 2306 3566 constituere
2357 3515 2415 3567 et

770 3611 837 3665 ut
889 3620 997 3682 per
1050 3600 1243 3681 ipsum
1300 3601 1650 3663 ordinentur
1691 3603 1846 3665 inter
1888 3604 2049 3684 ipsos
2093 3605 2325 3667 habitae
2370 3627 2428 3687 qt

771 3704 1004 3784 possint
1059 3702 1278 3780 babere
1321 3701 1546 3783 logeam
1594 3713 1653 3766 et
1695 3704 2015 3784 placerium
2060 3726 2242 3768 unum
2291 3754 2429 3770 .....

768 3794 942 3867 etiam
990 3802 1305 3885 Imperium
1363 3815 1629 3867 nostrum
1675 3808 1817 3881 hoc,
1877 3818 1935 3869 et
1979 3809 2216 3869 mandat
2259 3819 2323 3871 ut
2365 3811 2429 3870 hc

767 3906 1181 3985 requisiverint
1236 3916 1301 3967 ut
1355 3907 1573 3969 dictum
1630 3916 1719 3969 est
1773 3906 1845 3967 ab
1891 3908 2145 3988 Imperio
2191 3914 2428 3972 nostro,

768 4004 959 4067 dictus
989 4008 1230 4081 Consul,
1263 4007 1361 4088 qui
1394 4018 1485 4071 est
1515 4017 1572 4072 et
1599 4027 1709 4088 pro
1733 4017 1999 4090 tempore
2022 4010 2214 4086 fuerit,
2249 4012 2429 4075 tacere

899 4221 921 4249 ⁸
955 4224 1091 4274 llaec
1128 4227 1408 4277 obscuriora
1443 4238 1572 4279 suut.
1643 4230 1811 4281 Forte:
1848 4247 1932 4296 pro
1969 4234 2225 4298 quantitate
2259 4257 2322 4271 -—
2354 4235 2429 4298 pn·
