2900 4950
340 272 463 338 338
1159 282 1280 332 eon.
1317 283 1387 333 ιν.
1459 283 1573 334 mov.
1608 283 1705 335 xn.
1743 283 1862 334 xm.

337 439 600 528 φεύγειν
660 437 753 516 εἷς
807 429 1174 519 ἀπολογίαν
1231 427 1401 511 ὅλως
1445 425 1923 517 εὐπρόσωπον,
1982 429 2096 498 διὰ
2137 433 2257 498 τοῦ
2302 428 2679 519 ἆγιωτότου

334 543 440 609 καὶ
498 540 947 624 οἷκουμενικοῦ
1006 532 1413 619 πατριάρχου
1473 528 1575 621 ἐφ’
1638 531 1888 619 ἑκάστῳ
1944 534 2284 620 κεφαλαίῳ
2340 537 2475 602 τῶν
2517 537 2679 623 τῇδε

331 646 880 726 τεθεσπισμένων
911 635 1521 724 ὑπομνησθήσεται,
1555 637 1667 700 καὶ
1697 628 1992 720 ἀπειθὴς
2021 629 2481 721 εὑρισκόμενος
2510 638 2679 718 ἴσως

330 750 531 829 κρίμα
589 744 800 828 ἑαυτῷ
857 744 1258 827 θησαυρίσει
1315 736 1382 803 ἐν
1434 731 1645 823 ἡμέρᾳ
1702 729 2079 820 ἆποτομίας
2121 741 2317 820 θεοῦ,
2371 741 2482 805 καὶ
2524 749 2678 819 ταῖς

330 849 804 931 γεγραμμέναις
846 842 1002 929 τῇδε
1046 835 1240 925 ἀραῖς
1285 835 1724 904 ὑποκείσεται.
1814 840 1922 903 καὶ
1976 831 2179 904 αὑτοῦ
2223 842 2341 906 τοῦ
2386 834 2676 924 ἁγιωτά-

330 970 449 1012 του
509 950 615 1012 καὶ
683 944 1129 1028 οἷκουμενικοῦ
1194 938 1603 1025 πατριάρχου
1671 938 1741 1018 ἐξ
1804 932 2083 1026 ἀνάγκης
2147 939 2370 1027 πάσης
2426 941 2675 1009 εἰδέναι

332 1042 717 1134 ὀφείλοντος
761 1041 866 1123 ὥς,
917 1044 975 1111 εἰ
1016 1045 1148 1107 τῶν
1192 1037 1348 1128 ἡμῖν
1395 1041 1803 1126 δεδογμένων,
1845 1041 2139 1107 ἐνταῦθα
2182 1042 2673 1131 περιφρονητὴς

331 1143 446 1215 οὐκ
491 1146 757 1226 ἐνδίκως
801 1151 1057 1234 φανείη,
1105 1146 1210 1209 καὶ
1256 1137 1409 1209 καθ’
1461 1142 1836 1228 οἷονδήτινα
1866 1142 2058 1228 λόγον
2086 1143 2174 1230 μὴ
2208 1144 2671 1232 παῤῥησιάση·

326 1275 440 1316 ται
481 1248 598 1337 τὴν
642 1243 967 1336 ἀλήθειαν
1009 1248 1115 1313 καὶ
1162 1245 1277 1311 τὸν
1322 1243 1488 1310 κατὰ
1531 1242 1797 1328 καιροὺς
1841 1238 2289 1331 αὐτοκράτορα
2322 1244 2389 1312 ἐν
2422 1244 2670 1332 εἷδήσει

324 1354 458 1418 τῶν
503 1352 953 1436 διωρισμένων
1000 1346 1362 1434 ποιήσηται
1406 1347 1514 1412 καὶ
1559 1339 1711 1411 καθ’
1749 1341 1907 1412 ὅσον
1939 1350 2171 1413 σθένει
2197 1350 2315 1412 τοῦ
2346 1355 2667 1431 ποιμνίου

325 1448 929 1538 ὑπεραγωνίσηται,
979 1443 1176 1526 αὐτὸς
1218 1451 1311 1534 τῷ
1358 1451 1500 1534 θεῷ
1545 1446 1698 1525 τοὺς
1741 1445 1974 1532 λόγους
2016 1443 2273 1535 ὑφέξει,
2316 1448 2670 1533 μισθωτὸς

326 1548 474 1620 ἀντὶ
516 1558 835 1637 ποιμένος
879 1549 1278 1638 φαινόμενος
1319 1551 1427 1615 καὶ
1475 1548 1586 1615 ἐπὶ
1631 1555 1898 1633 κρίματι
1939 1551 2057 1636 τῆς
2102 1549 2276 1629 ἰδίας
2306 1553 2519 1637 ψυχῆς
2545 1551 2667 1637 τὴν

326 1654 892 1738 ἐμπιστευθεῖσαν
937 1646 1114 1738 αὐτῷ
1160 1657 1446 1737 ποίμνην
1492 1649 1868 1736 καθαπερεὶ
1909 1656 2179 1739 θηρίοις
2217 1662 2361 1738 τοῖς
2400 1657 2667 1735 μοχθη-

323 1765 469 1841 ροῖς
512 1754 608 1834 εἷς
647 1753 852 1841 βορὰν
898 1758 1401 1841 προτιθέμενος.
1464 1752 1578 1818 διὰ
1618 1751 1740 1837 γὰρ
1783 1755 1979 1818 τοῦτο
2025 1756 2135 1819 καὶ
2178 1748 2213 1818 ὅ
2244 1750 2478 1838 παρὼν
2505 1777 2665 1839 χρυ-

324 1855 685 1943 σόβουλλος
742 1856 1010 1942 ἐξετέθη
1068 1853 1292 1940 λόγος,
1359 1859 1779 1940 γεγενημένος
1830 1853 1997 1921 κατὰ
2048 1853 2164 1922 τὸν
2224 1856 2663 1940 δεκέμβριον’“

318 1960 494 2043 μῆνα
545 1962 663 2045 τῆς
717 1957 771 2044 γ’
822 1957 1227 2033 ἷνδικτιῶνος
1284 1954 1351 2022 ἐν
1397 1955 1529 2022 ἔτει
1571 1957 1665 2039 τῷ
1714 1954 1963 2043 ,ςφπηᾎ
2023 1955 2090 2023 ἐν
2135 1946 2191 2043 ᾦ
2232 1960 2340 2024 καὶ
2383 1955 2462 2023 τὸ
2501 1953 2663 2045 ἦμέ-

247 2071 264 2084 “
319 2083 509 2146 τερον
557 2055 820 2146 εὐσεβὲς
862 2062 967 2126 καὶ
1018 2057 1521 2144 θεοπρόβλητον
1564 2052 2030 2143 ὑπεσημήνατο
2072 2057 2327 2143 κράτος.

488 2161 962 2249 Νικηφόρος
1018 2159 1084 2226 ἓν
1137 2162 1444 2245 χριστῷ
1501 2161 1605 2244 τῷ
1665 2161 1832 2244 θεῷ’
1897 2158 2201 2238 πιστὸς
2262 2159 2659 2245 βασιλεὺς

318 2266 447 2329 καὶ
495 2257 1023 2347 αὐτοκράτωρ
1068 2261 1452 2348 ρωμαίων
1499 2255 1534 2324 ὁ
1577 2260 2151 2346 βοτανειάτης.

1298 2651 1470 2712 NOV.
1516 2651 1669 2713 XIII.

925 2769 1071 2850 Imp.
1109 2769 1519 2850 Nicephori
1564 2769 2042 2845 Botaniatae‚
2096 2770 2105 2780 “

418 2872 774 2933 confirmans
819 2871 1050 2934 decreta
1095 2866 1514 2951 synodalia'de
1558 2871 1798 2934 incestis
1841 2872 2064 2953 nuptiis
2080 2873 2117 2933 ¹.
2208 2875 2296 2946 (Α.
2348 2876 2554 2953 1080.)

307 3019 901 3119 Χρυσόβουλλον
966 3029 1103 3095 τοῦ
1170 3021 1591 3118 μακαρίτου
1639 3022 2004 3120 βασιλέως
2051 3031 2288 3117 κυροῦ
2339 3018 2650 3122 νικηφό-

308 3170 446 3235 ρου
497 3149 633 3216 τοῦ
683 3142 1203 3237 βυτανειοίτου,
1258 3143 1659 3235 ἐπικυροῦν
1710 3140 1844 3224 τὰς
1896 3140 2296 3225 συνοδικάς
2348 3140 2647 3240 ἀποφά-

306 3265 506 3343 σεις2
557 3259 691 3342 τὰς
740 3258 907 3353 περὶ
956 3267 1112 3334 τῶν
1164 3257 1554 3352 ἀθεμίτων
1597 3256 1869 3360 γάμων
1910 3259 2038 3333 καὶ
2080 3268 2208 3356 τῆς
2247 3260 2651 3355 μνηστείας

301 3380 791 3477 γεγενημένας
840 3375 956 3449 ἐπὶ
1010 3374 1340 3450 ἲωάννου
1391 3384 1528 3448 τοῦ
1581 3377 2004 3478 ἁγιωτάτου
2055 3377 2178 3453 καὶ
2229 3382 2642 3472 οἶκουμενι-

302 3502 440 3566 κοῦ
475 3500 939 3589 πατριάρχου
974 3501 1111 3566 τοῦ
1146 3493 1540 3590 ξιφιλίνου,
1587 3488 1677 3569 οὗ
1715 3496 1900 3586 μετὰ
1950 3494 2291 3571 θάνατον
2326 3496 2646 3591 ἐπεβρα-

298 3612 552 3707 βεύθη
598 3619 687 3705 τῇ
734 3611 1073 3707 ἐκκλησίᾳ
1117 3610 1155 3685 ὁ
1192 3609 1782 3714 ὑποτεταγμένος
1816 3613 2373 3717 χρυσόβουλλος
2408 3613 2640 3716 λόγος.

474 3744 571 3811 Τὸ
625 3754 774 3825 ταῖς
827 3751 1170 3831 μεγίσταις
1211 3749 1345 3814 τῶν
1390 3747 1778 3835 διοικήσεων
1820 3748 1993 3821 θεὸν
2032 3743 2135 3817 ἀεὶ
2183 3754 2638 3836 συνέρχεσθαι,

433 3899 471 3929 ¹⁰
505 3903 559 3952 lu
596 3902 789 3951 schedis
824 3903 976 3953 meis:
1017 3895 1285 3971 δεύτερον.

431 3984 447 4012 ⁸
499 3989 603 4038 Hoc
652 3987 1005 4052 chrysobussum
1051 3990 1231 4053 passim
1279 3990 1326 4039 in
1364 3990 1514 4039 Codd.
1552 3990 1685 4041 MSS.
1733 3989 1996 4053 reperitur,
2044 3989 2186 4040 veluti
2238 3990 2384 4042 Puris.
2426 3990 2554 4041 1355
2592 3996 2641 4040 et

303 4070 447 4135 1351,
483 4072 664 4137 Bodlej.
702 4073 817 4136 205,
855 4074 1146 4124 Scorialensi
1182 4075 1238 4130 X,
1265 4074 1320 4138 II,
1346 4075 1406 4125 14
1443 4075 1576 4133 (olim
1616 4077 1721 4126 Ant.
1750 4076 2158 4140 August‘mi182),
2196 4083 2246 4125 et
2280 4074 2393 4124 τῶν
2430 4067 2639 4141 ἷβῆρων

305 4152 379 4202 12.
449 4154 714 4206 Εδίδοωυι
748 4159 994 4208 Leunclav.
1030 4165 1141 4221 post
1176 4161 1287 4223 Syn.
1323 4160 1457 4222 p.54
1495 4169 1541 4209 et
1579 4160 1624 4208 in
1661 4161 1783 4210 JGR.
1822 4162 1841 4210 1
1879 4160 2072 4224 p.121‚
2110 4175 2200 4209 nec
2237 4176 2332 4209 non
2372 4159 2551 4210 Rhama
2587 4166 2638 4209 et

298 4236 443 4287 Potlis
477 4239 524 4287 in
561 4239 671 4289 coll.
706 4256 810 4290 cau.
849 4243 880 4292 V
916 4257 961 4306 p.
987 4243 1101 4294 277.
1172 4243 1413 4293 Laudatur
1446 4243 1569 4293 infra
1604 4245 1716 4296 Nov.
1752 4246 1903 4296 xm.
2111 4242 2132 4272 ²
2187 4246 2319 4309 Quas
2365 4245 2470 4295 vide
2505 4243 2635 4308 apud

297 4323 509 4373 Bonefld.
547 4323 839 4388 [ww—52,
880 4327 1071 4379 Leuncl.
1107 4336 1217 4391 post
1252 4330 1362 4392 Syn.
1399 4329 1532 4392 p.56
1562 4356 1579 4365 ·
1602 4329 1666 4380 58
1704 4338 1751 4379 et
1786 4331 1833 4379 in
1868 4331 1993 4381 JGR.
2031 4331 2049 4380 1
2086 4328 2451 4395 p.211-214,
2499 4328 2636 4378 deni-

295 4422 391 4471 que
424 4407 550 4471 apud
588 4406 771 4456 Rhallin
810 4416 853 4457 et
893 4410 1042 4459 ΡοιΙίη
1079 4412 1127 4459 in
1167 4410 1284 4461 Con.
1322 4426 1426 4462 can.
1465 4416 1497 4462 V
1533 4414 1791 4478 p.5lsqq.
1827 4415 1996 4465 editas.
