2900 4950
382 238 503 302 188
1161 246 1279 297 eon.
1317 246 1372 294 ιι.
1444 244 1557 293 nov.
1594 244 1732 297 κου.
1768 245 1927 295 xenn.

376 394 861 466 ἀνακαλεῖσθαι
914 395 1030 483 τὴν
1088 387 1320 478 ζημίαν
1372 392 1506 456 τῶν
1565 384 1940 477 ὀφθαλμῶν
1982 394 2077 478 τῷ
2121 391 2396 471 τούτους
2440 390 2721 462 ἀπολω-

374 499 621 579 λεκότι,
683 499 882 584 ἔγνων
937 495 1026 582 μὴ
1083 494 1198 559 τὸν
1258 490 1705 578 ζημιώσαντα,
1764 486 1883 558 κᾶν
1936 488 2189 570 δίκαιος
2232 487 2551 576 ὑποσχεῖν
2592 496 2719 583 τὴν

375 595 577 686 αὐτὴν
622 601 873 687 ζημίαν,
919 598 1014 680 τῷ
1062 590 1269 679 ὁμοίῳ
1317 591 1538 658 σκότει
1580 594 1996 677 περιβαλεῖν,
2045 587 2182 658 ἀλλ’
2232 592 2349 658 ἐπὶ
2389 598 2717 663 τοσοῦτον

376 696 600 787 ὁρίσαι
641 700 759 788 τὴν
807 697 1187 782 εἴσπραξιν,
1248 690 1419 760 ὥστε
1462 694 1570 759 καὶ
1612 693 1727 759 τὸν
1772 693 2117 778 πράξαντα
2166 700 2392 780 φέρειν
2436 699 2717 781 σημεῖα3

372 803 489 886 τῆς
530 806 872 886 τιμωρίας,
917 797 1029 864 καὶ
1070 796 1184 863 τὸν
1229 793 1548 860 παθόντα
1589 793 2024 878 παραμύθιόν
2066 820 2152 874 τι,
2202 791 2293 873 ὥς
2337 794 2404 861 ἐν
2437 795 2712 884 τοιαύτῃ

376 904 689 1021 συμφορᾷ
731 904 840 966 καὶ
883 905 1093 984 βαθεῖ
1135 893 1309 962 οὕτω
1354 895 1577 962 σκότει
1620 894 1689 960 ἐκ
1740 897 1873 960 τῶν
1916 894 2143 962 πόνων
2186 898 2549 983 κεκτῆσθαι
2589 901 2714 963 τοῦ

371 1001 451 1068 τὸ
509 1001 742 1080 σκότος
800 994 976 1086 αὐτῷ
1035 989 1649 1084 δημιουργήσαντος.
1739 990 1906 1060 ἀλλὰ
1960 993 2082 1081 γὰρ
2135 996 2194 1063 εἷ
2236 1000 2343 1062 καὶ
2389 994 2563 1063 οῧτω
2604 1003 2715 1065 κέ-

371 1127 620 1187 κριται,
679 1097 794 1168 οὐκ
837 1090 946 1185 ἧν,
1008 1096 1235 1181 ω’σπερ
1282 1092 1504 1177 εἶπον,
1571 1094 1791 1182 γνώμη
1848 1095 1925 1161 τὸ
1966 1098 2199 1181 κριθὲν
2243 1108 2466 1165 ποιεῖν
2510 1122 2714 1183 νομο-

375 1210 655 1289 θέτημα.
748 1199 978 1287 ἐπειδὴ
1026 1201 1098 1266 δὲ
1144 1194 1179 1264 5
1223 1201 1355 1265 τῶν
1401 1198 1468 1265 ἐν
1512 1208 1656 1276 τοῖς
1685 1204 1906 1276 θείοις
1948 1193 2133 1285 ἡμῶν
2171 1191 2712 1286 ἀποφερόμενος*

375 1294 478 1379 (ού
523 1302 647 1389 ἐγὼ
692 1305 842 1381 πῶς
887 1328 965 1369 αν
1011 1295 1504 1384 ἀποπέμψαιμι
1546 1298 1660 1385 τὴν
1693 1293 2027 1381 ἀξίωσιη)
2075 1297 2168 1377 εἷς
2211 1298 2452 1383 νόμους
2495 1294 2713 1379 ἀξιοῖξ·

368 1403 486 1490 τὴν
527 1402 838 1490 τοιαύτην
882 1410 1096 1488 κρίσιν
1144 1403 1707 1486 διασκευασθῆναι
1753 1399 1866 1466 διὰ
1893 1398 1972 1465 τὸ
2002 1403 2118 1487 τῆς
2148 1400 2519 1479 διαθέσεως
2551 1402 2711 1488 φιλ-

371 1503 738 1589 ἄνθρωπον
751 1554 769 1583 ,
837 1499 928 1582 ὥς
972 1496 1051 1570 ἂν
1097 1496 1236 1568 ἀπό
1291 1526 1364 1586 γε
1416 1503 1534 1566 τοῦ
1592 1504 1704 1567 νῦν
1766 1500 1831 1567 εἴ
1870 1507 2037 1567 ποτέ
2079 1526 2147 1567 τι
2190 1506 2523 1584 συμπέσοι
2563 1524 2711 1567 τοι-

370 1609 564 1671 οὗτον
610 1603 920 1690 τοιαύτης
973 1601 1393 1688 ἓπιτεύξηται
1450 1604 1869 1686 διακρίσεως,
1930 1602 2043 1667 οἵα
2095 1598 2214 1669 κάν
2269 1605 2363 1687 τῷ
2419 1601 2710 1688 παρόντι

366 1708 461 1791 τῷ
509 1700 892 1792 ἀδικήσαντι
938 1700 1219 1788 ὥρισται
1259 1698 1298 1789 ἦ
1347 1704 1572 1790 ζημία,
1630 1699 2029 1786 πειθόμεθά
2082 1727 2155 1769 τε
2203 1705 2281 1790 τῇ
2327 1707 2703 1789 προτροπῇ,

367 1808 477 1872 καὶ
519 1805 597 1873 τὸ
644 1805 855 1891 δόγμα
900 1801 1216 1890 ὁρίζομεν.

542 1909 943 1993 Τοιγαροῦν“
986 1906 1081 1972 εἷ’
1123 1910 1226 1983 τίς
1269 1927 1437 1971 ποτε
1482 1897 2015 1990 εἷς,ὀφθαλμὸν“
2060 1902 2397 1990 ἐπενέγκοι
2427 1902 2561 1970 τινὶ
2593 1905 2705 1987 ζη-

365 2013 544 2091 μίαν,
590 2010 825 2073 τοῦτον
868 2004 1230 2089 κελεύομεν,
1280 2005 1338 2073 εἷ
1379 2006 1500 2090 μὲν
1546 2005 1677 2082 ἕνα,
1723 2008 1817 2091 τῷ
1863 2002 1962 2071 ἑνὶ
2003 2006 2111 2071 καὶ
2159 1998 2389 2071 αὖτὸν”
2436 2005 2703 2092 ζημιοῦ-

366 2114 539 2173 σθαι
592 2106 709 2196 τὴν
767 2108 916 2194 ἰ’σην
972 2103 1298 2191 ὑπέχοντα
1356 2106 1555 2193 δίκην.
1647 2105 1705 2172 εἷ
1751 2105 1822 2172 δὲ
1863 2104 2030 2171 κατὰ
2084 2108 2215 2173 τῶν
2263 2106 2379 2172 δύο
2422 2105 2542 2186 τὰς
2583 2133 2702 2174 κα-

364 2207 676 2293 κούργους
741 2206 1025 2293 ἐπιβάλῃ
1045 2212 1087 2242 ¹⁰
1145 2217 1399 2291 χεῖρας,
1469 2205 1830 2292 ἐπειδήπερ
1897 2206 2191 2281 ἐνταῦθα
2243 2206 2320 2273 τὸ
2378 2208 2526 2275 ἰ’σον
2581 2211 2702 2295 τῆς

366 2308 597 2392 ζημίας
655 2306 806 2374 ου’τε
861 2310 956 2393 τῷ
1013 2302 1400 2393 ἀδικηθέντι
1453 2331 1862 2392 προσονησιν
1882 2311 1920 2342 ¹¹
1978 2314 2104 2386 (τίς
2154 2307 2277 2393 γὰρ
2335 2306 2561 2395 ὄνησις
2600 2313 2698 2395 τῷ

366 2408 491 2475 έν12
535 2406 756 2476 σκότει
800 2408 1024 2489 ζῶντι,
1084 2407 1142 2476 εἰ
1183 2410 1290 2475 καὶ
1337 2405 1538 2475 ἄλλον
1582 2407 1659 2474 τὸ
1703 2409 1851 2475 ἰ’σον
1897 2408 2035 2490 ε’χοι
2077 2407 2391 2493 σκότοςς),
2448 2412 2556 2477 καὶ
2599 2410 2696 2497 τῷ

362 2508 563 2596 ἐνόχῳ
607 2513 724 2597 τῆς
770 2510 967 2595 δίκης,
1015 2509 1074 2575 εἰ
1116 2511 1224 2574 καὶ
1266 2507 1353 2596 μὴ
1402 2507 1662 2588 ἀδίκως,
1710 2504 1846 2575 ἀλλ’
1898 2505 2077 2592 όμως
2122 2507 2159 2575 5
2200 2518 2347 2595 βίος
2376 2506 2693 2596 ἀβίωτος·

363 2609 592 2695 ἐπειδὴ
639 2613 849 2676 ταῦτα
892 2633 1095 2690 ουτω,
1156 2608 1499 2692 κελεύομεν
1540 2609 1627 2697 μὴ
1671 2608 1839 2676 κατὰ
1891 2609 2007 2676 τὸν
2062 2611 2210 2677 ἰ’σον
2268 2611 2492 2697 λόγον,
2551 2608 2688 2679 ἀλλ’

360 2709 599 2794 ἑτέρως
640 2715 1094 2795 προέρχεσθαι
1133 2709 1249 2797 τὴν
1296 2710 1638 2798 ἐκδίκησιν,
1688 2706 1768 2776 δι’
1820 2737 1910 2777 ων
1952 2707 1991 2776 ὅ
2018 2737 2092 2778 τε
2120 2721 2695 2800 πεπονηρευμένος

358 2809 919 2897 τιμωρηθήσεται,
965 2814 1074 2877 καὶ
1121 2806 1427 2897 ὀνήσεται
1467 2837 1537 2877 τι
1579 2810 1652 2877 ὃν
1697 2808 1735 2900 ἡ
1781 2819 2070 2899 πονηρία
2114 2813 2509 2901 λελώβηκεω.
2581 2839 2692 2883 νο-

357 2911 686 2995 μίζομενΜ
732 2913 803 2979 δὲ
847 2909 1086 2991 οὕτως·
1145 2907 1182 2978 5
1241 2907 1634 3001 ἀμφοτέρων
1692 2909 2067 3002 ὀφθαλμῶν
2109 2940 2244 2982 τινι
2297 2914 2413 3001 τὴν
2459 2917 2689 3003 ζημίαν

359 3011 718 3097 ἐπενεγκὼν
746 3019 1038 3098 θατέρου
1067 3014 1187 3097 μὲν
1216 3017 1347 3081 τῶν
1381 3010 1756 3102 ὀφθαλμῶν
1785 3018 1893 3081 καὶ
1929 3011 2126 3094 αὐτὸς
2155 3010 2686 3104 ἀποστερείσθω,

356 3110 447 3192 ὥς
491 3106 571 3179 ἂν
617 3114 715 3201 εἴη
762 3123 1034 3201 σημεῖον
1080 3119 1297 3200 φέρων
1341 3118 1460 3182 τοῦ
1506 3116 1748 3183 οἰκείου
1793 3114 2320 3204 πονηρεύματος·
2366 3117 2513 3186 ἐπεὶ
2531 3122 2571 3154 ¹⁸
2615 3118 2689 3185 δὲ

354 3216 462 3281 καὶ
503 3214 721 3300 χειρὸς
766 3210 1023 3302 ὀφείλει
1063 3217 1179 3300 τῆς
1223 3211 1493 3283 ἀνοσίου
1547 3216 1665 3302 τὴν
1723 3216 1995 3303 ἐκτομὴν
2007 3269 2026 3299 ,
2087 3213 2231 3285 ἀντὶ
2285 3222 2400 3305 τῆς
2455 3219 2688 3305 ζημίας

352 3318 469 3401 τῆς
507 3315 726 3401 χειρὸς
759 3319 886 3383 τῶν
914 3311 1342 3400 ύπαρχόντων
1375 3317 1760 3401 ζημιούσθω
1795 3317 1913 3405 τὴν
1945 3313 2296 3404 διμοιρίαν,
2339 3318 2689 3389 καὶταῦτα

353 3415 447 3494 εἰς
489 3416 925 3501 παραμύθιον
969 3418 1087 3480 τοῦ
1128 3423 1281 3500 βίου
1327 3413 1362 3482 5
1393 3411 1504 3482 ὑπ’
1540 3414 1740 3484 αὐτοῦ
1773 3418 2069 3499 ἐκκοπεὶς
2103 3419 2257 3499 τοὺς
2287 3415 2685 3508 ὀφθαλμοὺς

351 3516 757 3600 λαμβανέτω.
847 3517 955 3580 καὶ
1017 3515 1203 3582 ἔσται
1258 3513 1293 3582 5
1347 3518 1469 3601 μὲν
1526 3513 1671 3585 ἀντὶ
1726 3523 1842 3589 τοῦ
1889 3521 1956 3587 ἐν
2002 3519 2223 3589 σκότει
2272 3519 2423 3608 βίου
2480 3522 2551 3603 ἐξ
2592 3513 2682 3591 ὧν

481 3749 502 3780 ⁸
534 3752 701 3802 Zuich.
738 3760 786 3802 et
820 3752 1013 3803 Meet-m.
1048 3747 1119 3801 τὰ
1153 3754 1365 3821 σημεῖα.
1575 3754 1596 3784 ⁴
1631 3759 1762 3808 Haec
1812 3767 2036 3823 corrupta
2082 3774 2191 3810 esse
2238 3768 2382 3824 patet.
2451 3763 2680 3827 Agylneus

346 3844 509 3888 notat:
549 3837 638 3902 „Si
674 3852 923 3888 sacrorum
958 3838 1226 3889 officiorum
1260 3840 1537 3902 magistrum
1573 3842 1811 3907 intelligis,
1847 3844 2100 3894 restitutus
2136 3845 2213 3894 hic
2244 3847 2381 3895 locus
2400 3845 2525 3896 est.“
2577 3849 2681 3913 Sty·

344 3922 524 3972 lianum
560 3929 736 3986 autem,
773 3930 939 3986 utpote
974 3924 1036 3974 ad
1071 3937 1216 3988 quem
1251 3925 1529 3976 constitutio
1556 3926 1735 3977 directa
1755 3928 1832 3991 sit,
1869 3928 2019 3980 nolim
2036 3928 2318 3991 intelligere.
2454 3927 2477 3956 ⁵
2508 3927 2678 3983 Zuich.

345 4013 393 4055 et
427 4006 619 4056 Mearm.
654 3997 859 4063 ἀξιοῦν.
1003 4006 1026 4038 ⁶
1062 4008 1212 4059 Codd.
1247 4001 1297 4058 εἰ
1328 4003 1437 4075 γὰρ
1475 3996 1588 4059 οὖν.
1663 4010 1938 4062 Emendavit
1978 4014 2143 4076 Stepb.
2301 4011 2319 4038 ⁷
2354 4015 2452 4063 luc.
2488 4015 2676 4079 Eclogu.

340 4085 364 4114 ⁸
398 4088 498 4137 Ecl.
536 4080 880 4156 ὀφθαλμούς.
1046 4088 1070 4119 ⁹
1104 4093 1304 4156 Scrimg.
1339 4083 1507 4157 αὐτῷ.
1683 4092 1722 4120 ¹⁰
1756 4095 1854 4146 ΕιΙ.
1892 4098 2036 4147 modo
2072 4089 2350 4160 ἐπιβάλοι,
2386 4099 2531 4149 modo
2567 4092 2678 4149 ἐπι-

340 4164 493 4236 λάβῃ.
653 4169 687 4199 ¹¹
722 4173 867 4237 Vulgo
902 4168 1044 4240 πρὸς
1067 4167 1275 4237 ὄνησιν,
1312 4179 1488 4241 quibus
1514 4178 1694 4246 χωρεῖ
1722 4180 1995 4246 addendum
2031 4189 2199 4232 censet
2221 4183 2350 4247 Agyl.
2504 4180 2544 4209 ²²
2578 4183 2676 4235 Eo).

338 4246 444 4303 ἐπὶ.
588 4251 623 4281 ¹⁸
655 4256 757 4306 Ecl.
791 4252 1104 4321 λελώβηται.
1245 4258 1284 4324 ¹?
1321 4261 1419 4312 Ecl.
1453 4260 1571 4316 πῶς
1605 4247 1739 4322 oab,-
1773 4260 2070 4331 νομίζομεν
2104 4257 2295 4321 οὕτως.
2371 4268 2537 4331 Steph.
2564 4261 2675 4336 ὅρι’-

340 4335 504 4404 ζομεν
538 4338 683 4388 scribi
720 4333 829 4389 vulf.
969 4339 1006 4368 ¹⁵
1042 4342 1141 4393 Ecl.
1177 4337 1377 4405 ἐπειδή.
