2900 4950
403 219 530 282 576
1335 231 1454 280 cau.
1494 232 1543 279 v.
1614 231 1727 280 um.
1766 231 1816 280 v.

403 385 580 458 nicta,
625 384 780 463 apud
828 381 1280 452 Cos-eandum&
1327 391 1387 442 et
1431 382 1817 461 infrascriptis
1862 382 2070 442 insulis
2110 390 2179 444 et
2217 381 2479 461 qualibet
2518 401 2761 454 earum,

402 487 622 568 seilicet
666 485 726 545 in
774 482 1018 554 Metelli,
1077 483 1137 542 in
1185 483 1317 554 Sio,
1363 492 1423 543 et
1472 483 1573 542 Dei
1620 483 2017 542 misericordia
2064 484 2124 544 in
2174 484 2359 555 Creti,
2418 484 2477 543 ia
2524 484 2763 562 Negra·

401 597 612 670 ponte,
659 585 903 663 logiam,
951 583 1257 663 palatium,
1307 584 1646 674 ecclesiam,
1692 579 2005 656 balneum,
2045 587 2281 645 furnum
2325 595 2384 645 et
2420 584 2759 663 jardinum,

403 701 458 751 et
515 691 724 749 domos
781 685 1140 747 sufficientes
1197 685 1270 743 ad
1328 684 1533 745 stallos
1590 696 2012 758 mercatorum,
2070 686 2173 764 qui
2216 685 2431 745 ibidem
2479 686 2761 745 venerint

401 809 576 852 caasa
623 786 993 866 negotiandi:
1053 785 1127 845 ita
1175 795 1399 856 tamen,
1456 786 1613 863 quod
1662 805 1728 845 ex
1778 786 1921 864 ipsis
1966 785 2156 866 aliqua
2203 787 2412 866 pensio
2458 787 2576 866 peti
2628 807 2757 846 nou

401 893 578 953 debe-t
621 908 732 950 nec
775 887 956 966 exigi,
1013 896 1072 947 et
1127 887 1186 946 in
1233 886 1547 965 praedictis
1593 888 1764 947 terris
1806 897 1867 948 et
1907 888 2117 948 insulis
2162 888 2376 948 habere
2422 888 2650 948 debent
2694 898 2757 948 et

401 994 632 1074 possint
686 991 1018 1050 Januenses
1074 996 1132 1048 et
1187 988 1244 1047 in
1303 986 1563 1066 qualibet
1619 1006 1819 1048 earum
1878 989 1949 1047 ad
2008 1007 2211 1048 eorum
2260 988 2402 1049 velle
2446 989 2753 1060 consules,

401 1095 622 1155 curiam
680 1101 738 1152 et
787 1089 1258 1172 jurisdictionem
1306 1107 1526 1148 meram
1572 1099 1631 1149 ct
1674 1089 1908 1150 mixtam
1957 1090 2015 1150 in
2062 1089 2323 1150 civilibus
2366 1099 2425 1150 et
2468 1089 2757 1150 crimina-

402 1197 556 1257 libus
599 1193 876 1253 omnibns
928 1208 1109 1270 super
1165 1190 1442 1250 omnibus
1496 1190 1893 1250 Januensibus
1949 1202 2008 1251 et
2064 1193 2137 1250 tle
2194 1191 2461 1251 districtu
2515 1191 2753 1251 Januae

403 1299 505 1376 [et]
553 1295 651 1376 qui
697 1293 974 1354 dicuntur
1013 1293 1365 1352 Januenses.
1434 1290 1509 1350 Et
1552 1291 1599 1350 si
1647 1292 1915 1369 quaestio
1960 1293 2089 1362 erit,
2135 1302 2330 1353 utrum
2376 1292 2588 1370 aliquis
2637 1292 2752 1352 erit

370 1396 717 1471 januensis
772 1394 860 1453 vel
921 1395 994 1453 de
1039 1392 1304 1453 districtu
1353 1393 1437 1451 vel
1485 1391 1841 1471 appellatur,
1900 1393 2175 1452 credetur
2218 1402 2277 1453 et
2320 1403 2507 1454 stetur
2549 1412 2751 1453 asser-

399 1499 544 1560 tioni
603 1496 910 1557 consulam
965 1494 1387 1566 sanuensinm,
1448 1492 1548 1571 qui
1606 1503 1749 1554 tunc
1806 1494 2086 1573 temporis
2144 1494 2377 1554 suerint.
2429 1489 2752 1555 ⁴Promis-it

400 1608 594 1660 autem
652 1608 710 1658 et
766 1596 1067 1668 convenit,
1134 1596 1292 1673 quod
1349 1613 1467 1654 nou
1522 1594 1768 1674 recipiet
1811 1594 2065 1673 aliquem
2107 1595 2467 1655 Januensem
2513 1613 2629 1655 nec
2674 1596 2748 1655 de

400 1700 666 1762 districtu
713 1699 770 1759 in
819 1696 1094 1760 vasallum
1140 1695 1437 1755 hominem
1485 1714 1590 1755 seu
1634 1696 1887 1768 fidelem,
1935 1695 2069 1773 quia
2116 1714 2354 1775 semper
2392 1695 2469 1756 sit
2498 1695 2612 1756 sub
2645 1715 2750 1756 cu·

399 1803 483 1863 ria
530 1812 589 1864 et
624 1800 1033 1880 jurisdictione
1078 1796 1386 1858 consulum
1427 1796 1848 1867 Januensium,
1910 1805 1968 1858 et
2022 1797 2133 1857 snb
2188 1796 2331 1876 ipsis
2376 1798 2747 1876 respondere

399 1911 668 1965 teneatur
710 1911 988 1980 tanquam
1035 1900 1175 1960 civis
1219 1910 1279 1960 et
1320 1897 1615 1959 habitator
1653 1897 1989 1958 Januensis.

569 2004 712 2065 ltem
757 2002 1026 2083 promisit
1070 2012 1129 2062 et
1172 2001 1472 2072 convenit,
1518 2000 1674 2079 quod
1722 2018 1841 2059 non
1887 1999 2168 2078 impediet
2212 1998 2299 2059 vel
2341 1999 2617 2079 impediri
2664 2001 2749 2062 fa-

398 2107 513 2167 ciet
557 2123 666 2168 nec
710 2105 1010 2185 permittet
1054 2104 1112 2163 in
1162 2112 1282 2163 toto
1329 2112 1534 2163 nostro
1580 2101 1853 2180 Imperio,
1900 2102 2057 2179 quod
2104 2099 2284 2161 habet
2325 2111 2384 2161 et
2416 2100 2519 2162 Dei
2566 2102 2748 2162 mise-

397 2208 646 2269 ricordia
694 2205 1054 2286 adquisierit,
1123 2203 1376 2281 aliquem
1421 2202 1779 2263 Januensem
1827 2201 1913 2261 vel
1956 2202 2029 2261 de
2074 2202 2339 2262 districtu
2386 2202 2473 2262 vel
2518 2203 2745 2264 dictum

395 2311 755 2370 Januensem
801 2327 908 2386 pro
953 2307 1103 2365 sacto
1149 2303 1234 2363 vel
1280 2303 1491 2365 delicto
1536 2302 1775 2364 alterius
1807 2304 2116 2363 occasione
2148 2301 2341 2381 aliqua
2370 2303 2432 2363 in
2467 2304 2744 2383 personis

397 2411 485 2471 vel
531 2410 726 2481 rebuS,
772 2408 874 2468 sed
924 2423 1110 2486 poena
1157 2423 1298 2464 auos
1345 2414 1539 2465 teneat
1585 2414 1873 2477 auctoreS,
1920 2403 1997 2464 ita
2042 2404 2199 2484 quod
2246 2404 2460 2465 caeteri
2506 2405 2739 2468 nullum

396 2486 812 2573 damnum‘vel
857 2508 1174 2568 laesionem
1221 2506 1519 2585 patiantur
1564 2525 1670 2584 pro
1715 2506 1926 2568 delicto
1971 2506 2231 2579 alteriue,
2277 2505 2476 2568 debito
2522 2506 2607 2568 vel
2644 2527 2742 2568 ra·-

398 2614 554 2691 pina.
637 2611 708 2670 Et
750 2610 799 2670 si
846 2608 977 2687 quis
1022 2607 1129 2667 erit
1175 2617 1481 2668 accusatus
1529 2607 1612 2667 vet
1661 2607 1991 2687 inculpatus
2038 2607 2123 2667 vel
2168 2607 2487 2687 requisitus
2533 2608 2606 2669 de
2635 2610 2741 2670 ali-

398 2730 516 2790 quo
561 2708 778 2782 debito,
821 2708 1026 2789 rapina
1076 2709 1160 2770 vel
1205 2709 1417 2770 delicto
1460 2708 1728 2787 alicujus,
1774 2719 2162 2787 cognoscatur
2206 2710 2279 2770 de
2311 2709 2403 2769 his
2434 2709 2547 2771 sub
2577 2711 2734 2770 curia

398 2823 455 2874 et
494 2812 904 2893 jurisdictione
949 2813 1257 2872 consulum
1285 2811 1695 2872 Januensium.
1766 2810 1837 2871 Et
1880 2810 1930 2870 si
1976 2810 2186 2889 aliquis
2230 2812 2305 2871 de
2346 2820 2501 2872 terra
2550 2812 2735 2873 nostri

399 2915 651 2994 Imperii,
699 2915 782 2975 vel
829 2914 1040 2993 aliquis
1086 2914 1346 3003 qui-non
1395 2914 1473 2974 sit
1517 2913 1589 2972 de
1634 2922 1837 2973 nostro
1871 2910 2122 2990 imperio
2157 2930 2265 2972 neo
2292 2911 2371 2973 sit
2396 2910 2734 2987 Januensia,

396 3017 707 3078 offenderit
750 3016 1002 3097 aliquem
1049 3015 1479 3094 praedictorum
1524 3014 1908 3075 Januensium
1954 3013 2043 3072 vel
2086 3014 2199 3073 erit
2243 3014 2472 3075 debitor
2514 3015 2589 3075 de
2633 3015 2738 3077 alie

395 3138 510 3197 qua
556 3119 898 3198 quantitate,
947 3117 1261 3196 imperium
1309 3124 1575 3177 nostrum
1622 3115 1900 3194 procedat
1943 3125 2001 3176 et
2045 3113 2218 3175 faciet
2254 3113 2542 3193 justitiam
2574 3135 2737 3178 sum·

395 3222 638 3281 mariam
686 3232 743 3281 et
787 3219 1137 3299 expeditam.

568 3322 740 3393 ltem,
806 3322 960 3399 quod
1011 3339 1127 3380 non
1173 3319 1475 3398 permittet
1519 3318 1591 3378 de
1635 3326 1866 3378 caetero
1910 3317 1972 3378 iu
2019 3325 2137 3378 tota
2183 3337 2289 3378 sua
2338 3326 2486 3379 terra
2533 3317 2621 3375 vel
2668 3318 2736 3379 in

395 3423 603 3482 insulis
663 3422 848 3481 nostri
907 3421 1172 3499 imperii,
1231 3438 1379 3498 quas
1435 3419 1611 3479 habet
1669 3430 1728 3481 et
1773 3419 1875 3478 Dei
1924 3418 2322 3480 misericordia
2368 3418 2735 3498 adquisierit,

393 3523 646 3601 aliquam
693 3532 975 3581 armatam
1024 3520 1168 3593 lieri,
1215 3520 1367 3599 quod
1416 3530 1634 3579 armata
1683 3521 1759 3581 sit
1802 3529 1861 3581 et
1905 3540 2035 3581 esse
2082 3520 2292 3582 debeat
2336 3531 2535 3581 contra
2572 3540 2737 3583 com-

393 3640 571 3683 mune
613 3622 838 3683 Januae
883 3621 970 3681 vel
1009 3623 1340 3683 Januenses
1385 3631 1442 3682 et
1487 3621 1817 3683 districtus:
1871 3642 1988 3682 non
2037 3622 2359 3702 receptabit
2404 3641 2595 3702 neque
2641 3643 2737 3684 re·

393 3725 611 3805 ceptari
670 3724 965 3805 permittet
1030 3723 1282 3803 aliquam
1340 3734 1621 3785 armatam
1676 3734 1878 3785 contra
1922 3724 2255 3785 Januenses
2300 3723 2361 3785 in
2408 3734 2531 3786 toto
2576 3725 2733 3787 dicto

394 3827 674 3907 Imperio,
733 3845 927 3905 neque
984 3825 1264 3887 concedet
1310 3825 1560 3886 inimicis
1604 3824 1933 3886 communis
1974 3825 2363 3887 Januenaium
2410 3839 2733 3888 mercatum

393 3928 647 4007 aliquod,
694 3929 952 4007 exceptis
997 3927 1242 3999 l'isaniS,
1290 3927 1387 4006 qui
1433 3935 1574 3988 sunt
1618 3926 1820 3987 fideles
1864 3928 2048 3988 nostri
2098 3922 2366 4007 lm'perii:
2421 3937 2480 3989 et
2522 3948 2734 3990 omnes

391 4029 610 4108 piratas
667 4041 870 4092 contra
928 4048 1239 4089 commune
1304 4028 1691 4090 Januensium
1749 4028 1823 4088 de
1880 4038 2003 4090 toto
2062 4038 2263 4090 nostro
2321 4029 2575 4108 imperio
2633 4050 2734 4093 ex·

525 4261 547 4288 ⁰
584 4267 715 4313 Anea
751 4275 922 4329 (prope
955 4265 1246 4329 Ephesum),
1282 4268 1511 4330 Smyrna,
1559 4266 1927 4330 Adramyttium,
1967 4275 2012 4315 et
2048 4274 2239 4330 praeter
2275 4266 2734 4331 Constantinopolin

387 4348 731 4399 Thessalonica
769 4358 816 4399 et
853 4350 1138 4400 Cassandria
1177 4351 1429 4401 indicatur.
1501 4350 1614 4400 Vide
1652 4352 1793 4400 etiam
1826 4351 1965 4401 infra.
