2900 4950
1222 255 1339 319 nup.
1373 256 1569 311 mersi,
2485 243 2570 307 25

236 402 578 490 διαφόρως
640 396 1276 489 προσεληλυθότων,
1339 404 1475 467 τῶν
1537 428 1612 469 τε
1666 402 1778 469 ἐπὶ
1834 405 1950 490 τῆς
2005 403 2269 484 ἐνδόξου
2330 405 2570 494 ταύτης

234 504 499 583 πόλεως
555 502 909 572 οἰκούντων
920 554 939 584 ,
1007 505 1145 570 τῶν
1200 528 1273 569 τε
1329 502 1401 582 ἐξ
1457 500 1740 569 ἁπασῶν
1797 502 2027 586 σχεδὸν
2078 508 2211 570 τῶν
2261 502 2568 592 ὑπηκόων

233 604 587 690 ἐπαρχιῶν,
633 605 895 693 κτήσεις
935 604 1122 683 τινὰς
1166 597 1207 688 ἢ
1250 602 1538 690 οἰκήσεις
1577 604 1928 687 βασιλικὰς
1970 604 2128 689 περὶ
2171 609 2303 672 τῶν
2334 605 2572 686 οι’)’σας·“ν

233 704 531 789 ἐχόντων,
579 706 927 793 πράγμασί
969 732 1041 773 τε
1086 704 1334 789 ἑτέροις
1373 708 1479 771 καὶ
1530 707 1741 785 δίκαις
1775 709 2368 793 περιβεβλημένων,
2414 732 2572 774 ποι-

232 808 431 874 κίλων
487 803 907 895 ἀδικημάτων
972 805 1594 892 προσαγγελλόντων
1657 806 1949 892 τρόπους
2013 807 2200 894 παρά
2263 834 2336 876 τε
2401 832 2573 894 προ-

120 900 147 915 “
230 912 482 996 νοητῶν
525 912 631 976 καὶ
674 909 1163 994 χαρτουλαρίων
1206 911 1313 974 καὶ
1355 912 1725 991 μισθωτῶν
1768 910 1878 975 καὶ
1919 914 2054 978 τῶν
2096 908 2316 988 ἄλλως
2357 933 2573 996 προσ-

229 1009 520 1097 ηκόντων
548 1021 698 1088 ταῖς
741 1011 1116 1093 βασιλικαῖς
1152 1009 1390 1089 οίκίαις
1434 1003 1569 1075 κατ’
1605 1004 1825 1077 αὐτῶν
1853 1006 2391 1097 ἀμαρτάνεσθαι·
2435 1016 2568 1079 τῶν

231 1116 570 1198 φέρεσθαι
628 1110 1002 1194 δυναμένων
1065 1111 1502 1197 πραγμάτων,
1572 1110 1716 1176 ἔστι
1781 1112 1852 1177 δὲ
1918 1107 2052 1197 ὅπη
2115 1111 2400 1198 κτήσεως
2458 1116 2565 1180 καὶ

226 1213 478 1299 γηδίων
533 1214 643 1277 καὶ
697 1215 996 1298 γεωργῶν
1053 1206 1444 1299 ἀφαιρέσεις
1501 1207 1946 1294 ὀδυρομένων·
2000 1215 2142 1296 τῷ*
2199 1214 2270 1280 δὲ
2315 1215 2569 1302 ἐνεργο-

226 1314 601 1397 λαβεῒσθαι
641 1308 798 1399 παρ’
847 1308 1062 1380 αὐτῶν
1106 1318 1524 1398 προστασίαν
1568 1309 1807 1396 ἄλογον
1841 1322 1986 1391 τοῖς
2029 1308 2400 1396 ἀλλοτρίοις
2439 1342 2570 1398 χω-

227 1420 411 1499 ρίοις
470 1438 541 1480 τε
600 1416 707 1481 καὶ
775 1408 1004 1500 ἀγροῖς
1067 1408 1566 1498 ἀπονεμόντων,
1643 1414 1922 1493 σανίδας
1979 1439 2053 1481 τε
2116 1416 2467 1500 βασιλικὰς
2525 1410 2570 1505 ἢ

229 1514 572 1602 σήμαντρα
626 1514 1098 1595 ἐπιτιθέντων,
1158 1514 1270 1583 καὶ
1325 1512 1560 1594 ἅπλῶς
1618 1515 1835 1583 εἰπεῖν
1890 1514 1975 1582 τὰ
2014 1514 2104 1603 μὴ
2150 1516 2570 1605 προσήκοντα

231 1615 724 1701 οἰκειουμένων·
768 1615 889 1696 τάς
930 1642 1002 1683 τε
1044 1615 1217 1701 πρὸς
1261 1615 1525 1702 ἑτέρους
1557 1611 2086 1705 ἀμφισβητήσεις
2113 1617 2570 1705 παραλόγους*

227 1712 756 1801 ἀναδεχομένων,
822 1720 930 1784 καὶ
993 1716 1149 1797 τούς
1207 1743 1282 1785 τε
1343 1713 1650 1804 ἀνάγεινὅ
1703 1718 2144 1804 βουλομένους
2205 1721 2372 1807 μηδὲ
2433 1724 2567 1787 τῶν

227 1819 488 1887 οἰκείων
546 1814 945 1907 ὀφλημάτων
1002 1814 1365 1886 ἀπολαύειν
1422 1819 1958 1905 συγχωρούντων,
2025 1830 2171 1899 τοῖς
2223 1845 2296 1888 τε
2341 1820 2569 1908 ἐναγο-

224 1926 453 2007 μένοις
512 1922 694 2004 δίκης
750 1923 951 2007 χωρὶς
1016 1923 1129 1988 καὶ
1179 1919 1299 1988 σὺν
1361 1926 1479 2008 βίᾳ
1543 1919 1663 2000 τὰς
1725 1915 2123 2005 ἀπαιτήσεις
2186 1920 2569 2007 ἐπαγόντων

230 2016 542 2108 ἀκρίτως·
596 2020 783 2102 τινὰς
839 2023 912 2089 δὲ·
970 2026 1078 2089 καὶ
1133 2025 1341 2107 χρεῶν
1396 2020 1777 2108 συγγραφὰς
1821 2022 1915 2100 εἷς
1962 2021 2084 2101 τὰς
2126 2017 2332 2102 αὐτὰς
2371 2029 2571 2104 θείας

230 2122 441 2203 οἰκίας
471 2129 820 2191 συνθεῖναι
849 2124 1403 2209 στρεβλουμένους
1431 2123 2080 2209 παρασκευαζόντων,
2135 2124 2568 2208 συμβολαίοις

226 2248 301 2291 τε
344 2219 717 2310 ἀλλοτρίοις
762 2219 949 2293 ῶνῶν
990 2219 1034 2312 ἢ
1081 2226 1344 2310 δωρεῶν
1391 2223 1664 2308 εἰτύχοι
1693 2223 2296 2310 παρεμβαλλόντων
2327 2225 2422 2303 εἰς
2451 2225 2570 2313 τὴν

226 2328 363 2393 τῶν
393 2326 642 2412 ἑτέροις
688 2322 1136 2415 ὀφειλομένων
1166 2325 1615 2414 περιγραφήν·
1660 2325 1743 2393 τὰ
1769 2329 1910 2413 μὲν,
1959 2320 2087 2394 ὅσα
2118 2326 2212 2406 εἰς
2251 2324 2571 2414 ἡμετέρας

226 2417 437 2514 ἦλθεν
482 2424 701 2509 ἀκοὰς,
748 2418 818 2497 εὖ
864 2429 1383 2514 διατεθείκαμεν,
1443 2438 1589 2509 τοῖς
1629 2431 1748 2514 μὲν
1793 2424 2224 2516 ἀποδοθῆναι
2264 2427 2347 2496 τὰ
2391 2426 2566 2518 ἀφῃ-

230 2536 478 2617 ρημένα
521 2530 957 2611 κελεύσαντες,
1001 2531 1121 2610 τάς
1148 2556 1223 2598 τε
1250 2526 1531 2617 ἀλόγους
1570 2539 1986 2619 προστασίας
2031 2532 2378 2618 εἴρξαντες,
2424 2542 2569 2611 τοῒς

230 2632 301 2699 δὲ
345 2631 465 2711 τὰς
508 2629 794 2712 εὐθύνας
837 2628 1143 2720 ἀφέντες,
1203 2637 1313 2700 καὶ
1352 2633 1437 2701 τὰ
1480 2645 1893 2719 γραμματεῖα
1935 2637 2068 2700 τῶν
2108 2636 2316 2719 χρεῶν
2361 2631 2570 2718 ἄκυρα

228 2735 771 2821 καταστήσαντες,
824 2733 946 2814 τάς
986 2760 1059 2802 τε
1102 2735 1216 2802 ἐπὶ
1259 2745 1405 2814 τοῖς
1448 2735 1939 2821 συναλλάγμασι
1982 2741 2335 2819 γενομένας
2376 2761 2569 2821 περι-

226 2842 414 2915 νοίας
466 2835 927 2915 κεκωλυκότες,
992 2848 1135 2914 τοῖς
1191 2836 1422 2922 νόμοις
1476 2837 1587 2904 καὶ
1640 2840 1733 2922 τῷ
1792 2838 2026 2924 δικαίῳ
2083 2839 2200 2922 τῆς
2251 2832 2569 2923 ἡμετέρας

227 2932 566 3021 εὐσεβείας
631 2941 862 3021 σκοπῷ
928 2940 1036 3002 καὶ
1100 2937 1252 3015 τοὺς
1311 2941 1444 3003 τῶν
1510 2938 1869 3022 βασιλικῶν
1934 2939 2132 3005 οἴκων
2193 2936 2570 3025 προνοητάς

225 3033 691 3123 ἀκολουθῆσαι
756 3037 1291 3121 προστεταχότες.
1382 3036 1611 3124 ἐπειδὴ
1682 3039 1752 3104 δὲ
1817 3032 1932 3119 οὐχ
1992 3034 2135 3104 οἷόν
2196 3064 2268 3106 τε
2327 3029 2403 3126 ἦν
2457 3041 2566 3106 καὶ

223 3137 384 3218 τοὺς
441 3138 566 3218 ἔξω
621 3139 727 3205 καὶ
790 3136 1149 3222 πόῤῥωθεν
1217 3133 1518 3215 ἅπαντας
1582 3138 1676 3216 εἷς
1732 3132 1973 3205 ταύτὸν
2035 3137 2278 3204 ἐνθάδε
2343 3140 2569 3207 συνελ-

226 3248 413 3321 θεῖν,
460 3235 620 3327 ἡμῖν
662 3265 738 3307 τε
782 3239 1024 3307 ἕκαστα
1068 3233 1453 3321 ἁπανταχοῦ
1496 3238 1662 3305 κατὰ
1703 3241 1937 3304 τοῦτον
1981 3245 2412 3324 πεπραγμένα
2455 3239 2569 3306 τὸν

226 3341 481 3427 τρόπον
528 3340 783 3429 φανερὰ
824 3343 1253 3428 καταστῆσαι,
1301 3339 1484 3428 νόμῳ
1517 3350 1723 3429 σαφεῖ
1754 3340 1839 3407 τὰ
1881 3342 2036 3425 περὶ
2079 3338 2332 3406 τούτων
2360 3340 2572 3427 διορί-

228 3467 345 3510 σαι
389 3446 799 3529 συνείδομεν,
860 3439 952 3522 ὥς
990 3442 1080 3531 μὴ
1122 3442 1327 3528 μόνον
1369 3453 1516 3522 τοῖς
1559 3438 1660 3531 ἐφ’
1707 3438 1897 3530 ἡμῖν,
1953 3439 2122 3510 ἀλλὰ
2164 3444 2270 3509 καὶ
2314 3453 2459 3523 τοῖς
2503 3442 2570 3523 ἐς

226 3542 502 3631 ύστερον
533 3540 927 3632 ἀνθρώποις
954 3544 1040 3613 τὰ
1048 3549 1184 3666 ,τῆς
1225 3542 1544 3633 ἡμετέρας
1579 3544 1996 3629 δικαιοσύνης
2023 3550 2341 3631 γενέσθαι
2367 3545 2568 3613 κατά-

230 3649 428 3736 δηλα,
494 3652 602 3715 καὶ
659 3643 747 3772 ὥς
791 3642 943 3714 οὐδὲ
986 3650 1118 3714 τῶν
1158 3649 1520 3733 βασιλικῶν
1563 3647 1749 3736 ἡμῶν
1806 3649 2003 3715 οίκων
2045 3641 2089 3736 ἢ
2130 3651 2265 3715 τῶν
2304 3648 2569 3727 τούτοις

229 3749 621 3838 ἐφεστώτων
667 3749 731 3816 εἰ’
768 3754 836 3815 τί
876 3773 1006 3836 περ
1051 3744 1339 3817 ἀδικοῖεν
1385 3750 1784 3839 φειδόμεθα,
1833 3745 2151 3835 εὐπορίαν
2194 3774 2268 3816 τε
2307 3749 2419 3816 καὶ
2463 3743 2569 3815 εύ-

231 3852 581 3936 δαιμονίαν
638 3846 954 3937 ἡμετέραν
1018 3846 1360 3938 ἡγούμεθα
1425 3852 1544 3939 τὴν
1599 3854 1733 3918 τῶν
1795 3847 2105 3938 ύπηκόων
2172 3845 2565 3931 εὐπάθειαν,

365 4038 384 4067 ³
422 4040 651 4105 Agylaeus
698 4040 839 4104 legit:
889 4037 1015 4108 περὶ
1047 4035 1260 4102 κτήσεις
1291 4067 1359 4078 -
1391 4033 1675 4105 βασιλικὰς
1711 4033 1807 4093 τὰς
1840 4034 2049 4087 ἑαυτῶν
2084 4030 2274 4092 ούσῖας
2306 4032 2564 4106 ἐχόντων,

231 4129 310 4192 qni
341 4143 485 4192 prope
519 4128 834 4190 possessiones
857 4153 926 4162 —
952 4130 1272 4191 imperatorias
1305 4128 1500 4192 praedia
1519 4132 1560 4175 et
1583 4127 1702 4174 bona
1721 4141 1805 4176 sua
1825 4128 2055 4175 haberem.
2128 4125 2236 4178 Mihi
2255 4140 2364 4175 vero
2384 4141 2470 4190 pro
2493 4128 2569 4176 his

227 4203 353 4276 περὶ
375 4211 489 4258 τῶν
511 4202 676 4262 οὔσας
695 4208 945 4272 legendum
965 4211 1148 4260 videtur
1172 4205 1328 4279 περὶξ
1352 4202 1536 4258 αὐτῶν
1563 4200 1749 4265 οὔσας,
1790 4213 1869 4275 qm·
1886 4212 2078 4274 praedia
2093 4212 2164 4261 vel
2184 4213 2346 4262 domus
2369 4214 2568 4276 impera-

227 4299 373 4346 corias
391 4298 761 4358 circumjacentes
780 4313 819 4347 ι.
838 4298 1014 4346 vicinas
1034 4297 1231 4348 habent:
1270 4311 1310 4345 c.
1338 4296 1355 4344 l
1382 4295 1428 4343 in
1451 4295 1545 4343 fine
1565 4293 1743 4344 indicio
1776 4302 1864 4357 est,
1901 4295 2301 4358 quemadmodum
2327 4296 2405 4344 hic
2429 4295 2568 4343 locus

225 4379 561 4442 intelligendus
584 4378 661 4428 sit.
732 4378 761 4411 '¹‘
790 4379 914 4428 Editi
937 4377 1064 4428 τῶν.
1139 4377 1159 4407 ⁴
1180 4379 1338 4429 Malim
1356 4371 1699 4446 παραλόγως.
1775 4376 1796 4406 ⁵
1817 4380 2025 4430 Omnino
2049 4380 2302 4443 legendum
2326 4371 2561 4442 ἐνάγειν.
