<?xml version="1.0" encoding="UTF-8"?>
<!DOCTYPE html PUBLIC "-//W3C//DTD XHTML 1.0 Transitional//EN"
    "http://www.w3.org/TR/xhtml1/DTD/xhtml1-transitional.dtd">
<html xmlns="http://www.w3.org/1999/xhtml" xml:lang="en" lang="en">
 <head>
  <title>
</title>
<meta http-equiv="Content-Type" content="text/html;charset=utf-8" />
  <meta name='ocr-system' content='tesseract 3.04.00' />
  <meta name='ocr-capabilities' content='ocr_page ocr_carea ocr_par ocr_line ocrx_word'/>
</head>
<body>
  <div class='ocr_page' id='page_1' title='image "./jusgraecoromanu00linggoog_0280.png"; bbox 0 0 2900 4950; ppageno 0'>
   <div class='ocr_carea' id='block_1_1' title="bbox 357 263 1774 326">
    <p class='ocr_par' dir='ltr' id='par_1_1' title="bbox 357 263 1774 326">
     <span class='ocr_line' id='line_1_1' title="bbox 357 263 1774 326; baseline -0.003 -2"><span class='ocrx_word' id='word_1_1' title='bbox 357 263 481 326; x_wconf 79' lang='lat'><strong><em>230</em></strong></span> <span class='ocrx_word' id='word_1_2' title='bbox 1283 272 1399 321; x_wconf 82' lang='lat' dir='ltr'><strong>con.</strong></span> <span class='ocrx_word' id='word_1_3' title='bbox 1440 270 1517 321; x_wconf 80' lang='grc' dir='ltr'><strong><em>ιιι.</em></strong></span> <span class='ocrx_word' id='word_1_4' title='bbox 1592 273 1700 321; x_wconf 77' lang='lat' dir='ltr'>Nov.</span> <span class='ocrx_word' id='word_1_5' title='bbox 1740 274 1774 320; x_wconf 89' lang='grc' dir='ltr'><strong><em>ι.</em></strong></span> 
     </span>
    </p>
   </div>
   <div class='ocr_carea' id='block_1_2' title="bbox 320 417 2702 3951">
    <p class='ocr_par' dir='ltr' id='par_1_2' title="bbox 320 417 2702 1805">
     <span class='ocr_line' id='line_1_2' title="bbox 358 417 2702 504; baseline -0.002 -14"><span class='ocrx_word' id='word_1_6' title='bbox 358 429 490 491; x_wconf 87' lang='grc' dir='ltr'><strong><em>τῶν</em></strong></span> <span class='ocrx_word' id='word_1_7' title='bbox 557 420 828 489; x_wconf 77' lang='grc' dir='ltr'>ἀτόπων</span> <span class='ocrx_word' id='word_1_8' title='bbox 894 426 1206 504; x_wconf 83' lang='grc' dir='ltr'><strong><em>γενέσεως</em></strong></span> <span class='ocrx_word' id='word_1_9' title='bbox 1269 419 1569 486; x_wconf 82' lang='grc' dir='ltr'><strong><em>έκποδών</em></strong></span> <span class='ocrx_word' id='word_1_10' title='bbox 1634 424 2154 503; x_wconf 73' lang='grc' dir='ltr'><strong><em>καθισταμένης,</em></strong></span> <span class='ocrx_word' id='word_1_11' title='bbox 2226 418 2399 503; x_wconf 87' lang='grc' dir='ltr'><strong><em>πρὸς</em></strong></span> <span class='ocrx_word' id='word_1_12' title='bbox 2452 417 2570 485; x_wconf 57' lang='grc' dir='ltr'><strong><em>τὶν</em></strong></span> <span class='ocrx_word' id='word_1_13' title='bbox 2628 418 2702 499; x_wconf 76' lang='grc' dir='ltr'><strong><em>ἐξ</em></strong></span> 
     </span>
     <span class='ocr_line' id='line_1_3' title="bbox 361 515 2700 610; baseline -0.002 -18"><span class='ocrx_word' id='word_1_14' title='bbox 361 521 557 610; x_wconf 81' lang='grc' dir='ltr'><strong><em>ἀρχῆς</em></strong></span> <span class='ocrx_word' id='word_1_15' title='bbox 614 518 914 600; x_wconf 78' lang='grc' dir='ltr'><strong><em>εὐταξίαν</em></strong></span> <span class='ocrx_word' id='word_1_16' title='bbox 974 515 1523 587; x_wconf 72' lang='grc' dir='ltr'><strong><em>ἀποκαθίσταται</em></strong></span> <span class='ocrx_word' id='word_1_17' title='bbox 1590 520 1675 586; x_wconf 85' lang='grc' dir='ltr'><strong><em>τὰ</em></strong></span> <span class='ocrx_word' id='word_1_18' title='bbox 1733 526 1898 597; x_wconf 89' lang='grc' dir='ltr'><strong><em>τέως</em></strong></span> <span class='ocrx_word' id='word_1_19' title='bbox 1956 518 2213 585; x_wconf 75' lang='grc' dir='ltr'><strong><em>ἐκεῖθεν</em></strong></span> <span class='ocrx_word' id='word_1_20' title='bbox 2269 519 2558 605; x_wconf 76' lang='grc' dir='ltr'><strong><em>λαβόντα</em></strong></span> <span class='ocrx_word' id='word_1_21' title='bbox 2619 520 2700 586; x_wconf 88' lang='grc' dir='ltr'><strong><em>τὸ</em></strong></span> 
     </span>
     <span class='ocr_line' id='line_1_4' title="bbox 359 617 2694 711; baseline -0.001 -20"><span class='ocrx_word' id='word_1_22' title='bbox 359 628 665 711; x_wconf 87' lang='grc' dir='ltr'><strong><em>πονηρῶς</em></strong></span> <span class='ocrx_word' id='word_1_23' title='bbox 723 624 1141 689; x_wconf 84' lang='grc' dir='ltr'><strong><em>διακεῖσθαι·</em></strong></span> <span class='ocrx_word' id='word_1_24' title='bbox 1198 617 1372 687; x_wconf 67' lang='grc' dir='ltr'><strong><em>οὕτω</em></strong></span> <span class='ocrx_word' id='word_1_25' title='bbox 1428 624 1537 687; x_wconf 82' lang='grc' dir='ltr'><strong><em>καὶ</em></strong></span> <span class='ocrx_word' id='word_1_26' title='bbox 1596 620 1855 705; x_wconf 83' lang='grc' dir='ltr'><strong><em>σώματι</em></strong></span> <span class='ocrx_word' id='word_1_27' title='bbox 1904 619 2103 688; x_wconf 90' lang='grc' dir='ltr'><strong><em>νόσου</em></strong></span> <span class='ocrx_word' id='word_1_28' title='bbox 2148 628 2694 709; x_wconf 79' lang='grc' dir='ltr'><strong><em>προσγενομένης,</em></strong></span> 
     </span>
     <span class='ocr_line' id='line_1_5' title="bbox 358 718 2694 809; baseline -0 -16"><span class='ocrx_word' id='word_1_29' title='bbox 358 731 475 793; x_wconf 85' lang='grc' dir='ltr'><strong><em>τοῦ</em></strong></span> <span class='ocrx_word' id='word_1_30' title='bbox 533 727 747 792; x_wconf 82' lang='grc' dir='ltr'><strong><em>αἰτίου</em></strong></span> <span class='ocrx_word' id='word_1_31' title='bbox 805 722 1046 809; x_wconf 78' lang='grc' dir='ltr'><strong><em>ταύτης</em></strong></span> <span class='ocrx_word' id='word_1_32' title='bbox 1102 718 1674 809; x_wconf 79' lang='grc' dir='ltr'><strong><em>ἀναχωρήσαντος,</em></strong></span> <span class='ocrx_word' id='word_1_33' title='bbox 1745 720 1823 788; x_wconf 83' lang='grc' dir='ltr'><strong><em>τὸ</em></strong></span> <span class='ocrx_word' id='word_1_34' title='bbox 1878 718 2194 807; x_wconf 80' lang='grc' dir='ltr'><strong><em>ὖγιαίνειν</em></strong></span> <span class='ocrx_word' id='word_1_35' title='bbox 2247 723 2694 809; x_wconf 76' lang='grc' dir='ltr'><strong><em>ἐπανέρχεται,</em></strong></span> 
     </span>
     <span class='ocr_line' id='line_1_6' title="bbox 358 820 2698 911; baseline -0.001 -17"><span class='ocrx_word' id='word_1_36' title='bbox 358 830 468 894; x_wconf 87' lang='grc' dir='ltr'><strong><em>καὶ</em></strong></span> <span class='ocrx_word' id='word_1_37' title='bbox 492 828 806 911; x_wconf 82' lang='grc' dir='ltr'><strong><em>θαλάσσῃ</em></strong></span> <span class='ocrx_word' id='word_1_38' title='bbox 854 825 924 903; x_wconf 83' lang='grc' dir='ltr'><strong><em>έξ</em></strong></span> <span class='ocrx_word' id='word_1_39' title='bbox 953 820 1208 909; x_wconf 88' lang='grc' dir='ltr'><strong><em>ἀνέμων</em></strong></span> <span class='ocrx_word' id='word_1_40' title='bbox 1236 824 1618 910; x_wconf 82' lang='grc' dir='ltr'><strong><em>βιαιότητος</em></strong></span> <span class='ocrx_word' id='word_1_41' title='bbox 1648 829 2113 910; x_wconf 76' lang='grc' dir='ltr'><strong><em>ταραττομένη,</em></strong></span> <span class='ocrx_word' id='word_1_42' title='bbox 2158 828 2275 909; x_wconf 87' lang='grc' dir='ltr'><strong><em>τῆς</em></strong></span> <span class='ocrx_word' id='word_1_43' title='bbox 2318 827 2698 911; x_wconf 88' lang='grc' dir='ltr'><strong><em>καταιγίδος</em></strong></span> 
     </span>
     <span class='ocr_line' id='line_1_7' title="bbox 359 922 2695 1015; baseline -0.002 -18"><span class='ocrx_word' id='word_1_44' title='bbox 359 934 802 1013; x_wconf 87' lang='grc' dir='ltr'><strong><em>πεπαυμένης,</em></strong></span> <span class='ocrx_word' id='word_1_45' title='bbox 835 922 874 1013; x_wconf 79' lang='grc' dir='ltr'>ἡ</span> <span class='ocrx_word' id='word_1_46' title='bbox 905 926 1280 1011; x_wconf 90' lang='grc' dir='ltr'><strong><em>γαληνιῶσα</em></strong></span> <span class='ocrx_word' id='word_1_47' title='bbox 1310 923 1711 1002; x_wconf 86' lang='grc' dir='ltr'><strong><em>κατάστασις</em></strong></span> <span class='ocrx_word' id='word_1_48' title='bbox 1755 925 2081 1012; x_wconf 74' lang='grc' dir='ltr'><strong><em>ἐπανήκει.</em></strong></span> <span class='ocrx_word' id='word_1_49' title='bbox 2145 925 2258 992; x_wconf 84' lang='grc' dir='ltr'><strong><em>διὰ</em></strong></span> <span class='ocrx_word' id='word_1_50' title='bbox 2285 930 2482 992; x_wconf 82' lang='grc' dir='ltr'><strong><em>τοῦτο</em></strong></span> <span class='ocrx_word' id='word_1_51' title='bbox 2509 929 2695 1015; x_wconf 81' lang='grc' dir='ltr'><strong><em>κοινῇ</em></strong></span> 
     </span>
     <span class='ocr_line' id='line_1_8' title="bbox 361 1021 2696 1113; baseline -0.001 -16"><span class='ocrx_word' id='word_1_52' title='bbox 361 1032 966 1113; x_wconf 72' lang='grc' dir='ltr'><strong><em>συναθροισθέντες</em></strong></span> <span class='ocrx_word' id='word_1_53' title='bbox 1010 1021 1330 1111; x_wconf 75' lang='grc' dir='ltr'><strong><em>ἀρχιερεῖς</em></strong></span> <span class='ocrx_word' id='word_1_54' title='bbox 1383 1050 1456 1092; x_wconf 86' lang='grc' dir='ltr'><strong><em>τε</em></strong></span> <span class='ocrx_word' id='word_1_55' title='bbox 1509 1030 1613 1091; x_wconf 81' lang='grc' dir='ltr'><strong><em>καὶ</em></strong></span> <span class='ocrx_word' id='word_1_56' title='bbox 1662 1027 1887 1109; x_wconf 80' lang='grc' dir='ltr'><strong><em>ἱερεῖς,</em></strong></span> <span class='ocrx_word' id='word_1_57' title='bbox 1947 1023 2097 1093; x_wconf 83' lang='grc' dir='ltr'><strong><em>ὅσοι</em></strong></span> <span class='ocrx_word' id='word_1_58' title='bbox 2139 1028 2228 1113; x_wconf 84' lang='grc' dir='ltr'><strong><em>μὴ</em></strong></span> <span class='ocrx_word' id='word_1_59' title='bbox 2277 1027 2537 1107; x_wconf 79' lang='grc' dir='ltr'><strong><em>ἑαυτοῖς</em></strong></span> <span class='ocrx_word' id='word_1_60' title='bbox 2580 1028 2696 1109; x_wconf 75' lang='grc' dir='ltr'><strong><em>(ἐῶ</em></strong></span> 
     </span>
     <span class='ocr_line' id='line_1_9' title="bbox 360 1122 2696 1218; baseline -0.001 -19"><span class='ocrx_word' id='word_1_61' title='bbox 360 1131 482 1218; x_wconf 86' lang='grc' dir='ltr'><strong><em>γὰρ</em></strong></span> <span class='ocrx_word' id='word_1_62' title='bbox 543 1131 756 1198; x_wconf 83' lang='grc' dir='ltr'><strong><em>εἰπεῖν</em></strong></span> <span class='ocrx_word' id='word_1_63' title='bbox 812 1126 1075 1206; x_wconf 75' lang='grc' dir='ltr'><strong><em>ἄλλοις)</em></strong></span> <span class='ocrx_word' id='word_1_64' title='bbox 1135 1122 1432 1212; x_wconf 76' lang='grc' dir='ltr'><strong><em>ἀρέσκειν</em></strong></span> <span class='ocrx_word' id='word_1_65' title='bbox 1494 1124 1875 1214; x_wconf 82' lang='grc' dir='ltr'><strong><em>ἠγάπησαν,</em></strong></span> <span class='ocrx_word' id='word_1_66' title='bbox 1950 1124 2116 1196; x_wconf 82' lang='grc' dir='ltr'><strong><em>ἀλλὰ</em></strong></span> <span class='ocrx_word' id='word_1_67' title='bbox 2173 1134 2288 1213; x_wconf 78' lang='grc' dir='ltr'><strong><em>τῆς</em></strong></span> <span class='ocrx_word' id='word_1_68' title='bbox 2355 1129 2696 1216; x_wconf 80' lang='grc' dir='ltr'><strong><em>ἐκκλησίας</em></strong></span> 
     </span>
     <span class='ocr_line' id='line_1_10' title="bbox 358 1228 2695 1318; baseline 0 -20"><span class='ocrx_word' id='word_1_69' title='bbox 358 1232 476 1318; x_wconf 82' lang='grc' dir='ltr'><strong><em>τὴν</em></strong></span> <span class='ocrx_word' id='word_1_70' title='bbox 521 1231 774 1318; x_wconf 80' lang='grc' dir='ltr'><strong><em>εἰρήνην</em></strong></span> <span class='ocrx_word' id='word_1_71' title='bbox 817 1232 935 1296; x_wconf 82' lang='grc' dir='ltr'><strong><em>τοῦ</em></strong></span> <span class='ocrx_word' id='word_1_72' title='bbox 981 1228 1356 1308; x_wconf 81' lang='grc' dir='ltr'><strong><em>στασιάζειν</em></strong></span> <span class='ocrx_word' id='word_1_73' title='bbox 1402 1235 1884 1315; x_wconf 88' lang='grc' dir='ltr'><strong><em>προετίμησαν,</em></strong></span> <span class='ocrx_word' id='word_1_74' title='bbox 1930 1232 2344 1313; x_wconf 82' lang='grc' dir='ltr'><strong><em>συνείδομεν,</em></strong></span> <span class='ocrx_word' id='word_1_75' title='bbox 2416 1231 2695 1317; x_wconf 74' lang='grc' dir='ltr'><strong><em>ἐπείπερ</em></strong></span> 
     </span>
     <span class='ocr_line' id='line_1_11' title="bbox 320 1324 2695 1419; baseline -0.001 -18"><span class='ocrx_word' id='word_1_76' title='bbox 320 1324 324 1329; x_wconf 49' lang='grc'><strong>’</strong></span> <span class='ocrx_word' id='word_1_77' title='bbox 361 1335 428 1401; x_wconf 74' lang='grc' dir='ltr'><strong><em>ἐκ</em></strong></span> <span class='ocrx_word' id='word_1_78' title='bbox 469 1338 602 1400; x_wconf 92' lang='grc' dir='ltr'><strong><em>τῶν</em></strong></span> <span class='ocrx_word' id='word_1_79' title='bbox 644 1335 935 1419; x_wconf 82' lang='grc' dir='ltr'><strong><em>γαμικῶν</em></strong></span> <span class='ocrx_word' id='word_1_80' title='bbox 981 1325 1300 1416; x_wconf 76' lang='grc' dir='ltr'><strong><em>ἀφορμῶν</em></strong></span> <span class='ocrx_word' id='word_1_81' title='bbox 1330 1329 1414 1396; x_wconf 83' lang='grc' dir='ltr'><strong><em>τὰ</em></strong></span> <span class='ocrx_word' id='word_1_82' title='bbox 1443 1330 1776 1397; x_wconf 81' lang='grc' dir='ltr'><strong><em>σκάνδαλα</em></strong></span> <span class='ocrx_word' id='word_1_83' title='bbox 1803 1331 1919 1418; x_wconf 87' lang='grc' dir='ltr'><strong><em>τὴν</em></strong></span> <span class='ocrx_word' id='word_1_84' title='bbox 1949 1337 2200 1416; x_wconf 82' lang='grc' dir='ltr'><strong><em>γένεσιν</em></strong></span> <span class='ocrx_word' id='word_1_85' title='bbox 2230 1332 2439 1417; x_wconf 72' lang='grc' dir='ltr'><strong><em>ἔλαβε,</em></strong></span> <span class='ocrx_word' id='word_1_86' title='bbox 2485 1334 2695 1398; x_wconf 86' lang='grc' dir='ltr'><strong><em>ταῦτα</em></strong></span> 
     </span>
     <span class='ocr_line' id='line_1_12' title="bbox 362 1432 2696 1520; baseline -0.001 -19"><span class='ocrx_word' id='word_1_87' title='bbox 362 1432 883 1517; x_wconf 85' lang='grc' dir='ltr'><strong><em>διανακαθάραι,</em></strong></span> <span class='ocrx_word' id='word_1_88' title='bbox 952 1435 1055 1497; x_wconf 82' lang='grc' dir='ltr'><strong><em>καὶ</em></strong></span> <span class='ocrx_word' id='word_1_89' title='bbox 1105 1432 1699 1518; x_wconf 76' lang='grc' dir='ltr'><strong><em>διασφαλίσασθαι</em></strong></span> <span class='ocrx_word' id='word_1_90' title='bbox 1744 1437 1860 1499; x_wconf 84' lang='grc' dir='ltr'><strong><em>τοῦ</em></strong></span> <span class='ocrx_word' id='word_1_91' title='bbox 1917 1435 2236 1518; x_wconf 79' lang='grc' dir='ltr'><strong><em>μηδαμῶς</em></strong></span> <span class='ocrx_word' id='word_1_92' title='bbox 2281 1433 2380 1499; x_wconf 72' lang='grc' dir='ltr'><strong><em>ἔτι</em></strong></span> <span class='ocrx_word' id='word_1_93' title='bbox 2422 1433 2536 1500; x_wconf 85' lang='grc' dir='ltr'><strong><em>διὰ</em></strong></span> <span class='ocrx_word' id='word_1_94' title='bbox 2577 1437 2696 1520; x_wconf 88' lang='grc' dir='ltr'><strong><em>τῆς</em></strong></span> 
     </span>
     <span class='ocr_line' id='line_1_13' title="bbox 361 1530 2697 1622; baseline -0 -19"><span class='ocrx_word' id='word_1_95' title='bbox 361 1532 576 1603; x_wconf 80' lang='grc' dir='ltr'><strong><em>αὐτῶν</em></strong></span> <span class='ocrx_word' id='word_1_96' title='bbox 623 1534 716 1613; x_wconf 80' lang='grc' dir='ltr'><strong><em>εἰς</em></strong></span> <span class='ocrx_word' id='word_1_97' title='bbox 757 1534 872 1598; x_wconf 84' lang='grc' dir='ltr'><strong><em>τὸν</em></strong></span> <span class='ocrx_word' id='word_1_98' title='bbox 915 1539 1061 1617; x_wconf 83' lang='grc' dir='ltr'><strong><em>βίον</em></strong></span> <span class='ocrx_word' id='word_1_99' title='bbox 1092 1530 1387 1617; x_wconf 81' lang='grc' dir='ltr'><strong><em>προόδου</em></strong></span> <span class='ocrx_word' id='word_1_100' title='bbox 1416 1531 1581 1617; x_wconf 85' lang='grc' dir='ltr'><strong><em>μήτε</em></strong></span> <span class='ocrx_word' id='word_1_101' title='bbox 1608 1533 1724 1618; x_wconf 81' lang='grc' dir='ltr'><strong><em>τὴν</em></strong></span> <span class='ocrx_word' id='word_1_102' title='bbox 1756 1534 2094 1621; x_wconf 71' lang='grc' dir='ltr'><strong><em>ἐκκλησίαν</em></strong></span> <span class='ocrx_word' id='word_1_103' title='bbox 2122 1532 2485 1618; x_wconf 86' lang='grc' dir='ltr'><strong><em>ταράττειν,</em></strong></span> <span class='ocrx_word' id='word_1_104' title='bbox 2529 1533 2697 1622; x_wconf 77' lang='grc' dir='ltr'><strong><em>μήτε</em></strong></span> 
     </span>
     <span class='ocr_line' id='line_1_14' title="bbox 358 1631 2695 1724; baseline -0.001 -20"><span class='ocrx_word' id='word_1_105' title='bbox 358 1638 475 1724; x_wconf 83' lang='grc' dir='ltr'><strong><em>τὴν</em></strong></span> <span class='ocrx_word' id='word_1_106' title='bbox 523 1635 688 1721; x_wconf 86' lang='grc' dir='ltr'><strong><em>ζωὴν</em></strong></span> <span class='ocrx_word' id='word_1_107' title='bbox 730 1639 864 1701; x_wconf 91' lang='grc' dir='ltr'><strong><em>τῶν</em></strong></span> <span class='ocrx_word' id='word_1_108' title='bbox 907 1631 1081 1699; x_wconf 75' lang='grc' dir='ltr'><strong><em>οὕτω</em></strong></span> <span class='ocrx_word' id='word_1_109' title='bbox 1115 1634 1223 1717; x_wconf 86' lang='grc' dir='ltr'><strong><em>ζῆν</em></strong></span> <span class='ocrx_word' id='word_1_110' title='bbox 1255 1634 1580 1716; x_wconf 76' lang='grc' dir='ltr'><strong><em>ἑλομένων</em></strong></span> <span class='ocrx_word' id='word_1_111' title='bbox 1608 1636 1996 1721; x_wconf 86' lang='grc' dir='ltr'><strong><em>κατάκριτον</em></strong></span> <span class='ocrx_word' id='word_1_112' title='bbox 2026 1638 2133 1701; x_wconf 81' lang='grc' dir='ltr'><strong><em>καὶ</em></strong></span> <span class='ocrx_word' id='word_1_113' title='bbox 2164 1641 2695 1723; x_wconf 78' lang='grc' dir='ltr'><strong><em>κατεγνωσμένην</em></strong></span> 
     </span>
     <span class='ocr_line' id='line_1_15' title="bbox 360 1742 601 1805; baseline -0.021 0"><span class='ocrx_word' id='word_1_114' title='bbox 360 1742 601 1805; x_wconf 85' lang='grc' dir='ltr'><strong><em>ποιεῖν.</em></strong></span> 
     </span>
    </p>

    <p class='ocr_par' dir='ltr' id='par_1_3' title="bbox 327 1832 2695 2936">
     <span class='ocr_line' id='line_1_16' title="bbox 532 1832 2695 1923; baseline 0 -20"><span class='ocrx_word' id='word_1_115' title='bbox 532 1840 611 1903; x_wconf 89' lang='grc' dir='ltr'><strong><em>α’.</em></strong></span> <span class='ocrx_word' id='word_1_116' title='bbox 661 1840 792 1903; x_wconf 78' lang='grc' dir='ltr'><strong><em>Καὶ</em></strong></span> <span class='ocrx_word' id='word_1_117' title='bbox 818 1836 1059 1902; x_wconf 86' lang='grc' dir='ltr'><strong><em>λοιπὸν</em></strong></span> <span class='ocrx_word' id='word_1_118' title='bbox 1084 1832 1616 1920; x_wconf 85' lang='grc' dir='ltr'><strong><em>ἀποφαινόμεθα</em></strong></span> <span class='ocrx_word' id='word_1_119' title='bbox 1638 1840 1822 1922; x_wconf 84' lang='grc' dir='ltr'><strong><em>κοινῇ</em></strong></span> <span class='ocrx_word' id='word_1_120' title='bbox 1844 1835 2065 1923; x_wconf 81' lang='grc' dir='ltr'><strong><em>γνώμῃ</em></strong></span> <span class='ocrx_word' id='word_1_121' title='bbox 2089 1842 2194 1902; x_wconf 79' lang='grc' dir='ltr'><strong><em>καὶ</em></strong></span> <span class='ocrx_word' id='word_1_122' title='bbox 2224 1842 2453 1920; x_wconf 85' lang='grc' dir='ltr'><strong><em>κρίσει,</em></strong></span> <span class='ocrx_word' id='word_1_123' title='bbox 2482 1832 2695 1923; x_wconf 85' lang='grc' dir='ltr'><strong><em>ἀπόγε</em></strong></span> 
     </span>
     <span class='ocr_line' id='line_1_17' title="bbox 358 1932 2694 2022; baseline -0.001 -17"><span class='ocrx_word' id='word_1_124' title='bbox 358 1942 476 2005; x_wconf 79' lang='grc' dir='ltr'><strong><em>τοῦ</em></strong></span> <span class='ocrx_word' id='word_1_125' title='bbox 531 1936 864 2022; x_wconf 87' lang='grc' dir='ltr'><strong><em>παρόντος</em></strong></span> <span class='ocrx_word' id='word_1_126' title='bbox 921 1937 1134 2014; x_wconf 72' lang='grc' dir='ltr'><strong><em>ἔτους,</em></strong></span> <span class='ocrx_word' id='word_1_127' title='bbox 1205 1932 1244 2000; x_wconf 79' lang='grc' dir='ltr'>ὅ</span> <span class='ocrx_word' id='word_1_128' title='bbox 1301 1936 1480 2002; x_wconf 78' lang='grc' dir='ltr'><strong><em>ἐστιν</em></strong></span> <span class='ocrx_word' id='word_1_129' title='bbox 1536 1936 2093 2020; x_wconf 76' lang='grc' dir='ltr'><strong><em>ἑξακισχιλιοστὸν</em></strong></span> <span class='ocrx_word' id='word_1_130' title='bbox 2147 1938 2694 2022; x_wconf 83' lang='grc' dir='ltr'><strong><em>τετρακοσιοστὸν</em></strong></span> 
     </span>
     <span class='ocr_line' id='line_1_18' title="bbox 327 2033 2691 2126; baseline -0.001 -18"><span class='ocrx_word' id='word_1_131' title='bbox 327 2040 654 2108; x_wconf 80' lang='grc' dir='ltr'><strong><em>ἐἰκοστὸν</em></strong></span> <span class='ocrx_word' id='word_1_132' title='bbox 713 2037 948 2125; x_wconf 82' lang='grc' dir='ltr'><strong><em>ὄγδοον</em></strong></span> <span class='ocrx_word' id='word_1_133' title='bbox 1005 2037 1454 2125; x_wconf 78' lang='grc' dir='ltr'><strong><em>έπινεμήσεως</em></strong></span> <span class='ocrx_word' id='word_1_134' title='bbox 1511 2033 1776 2125; x_wconf 84' lang='grc' dir='ltr'><strong><em>ὀγδόης,</em></strong></span> <span class='ocrx_word' id='word_1_135' title='bbox 1833 2044 2145 2124; x_wconf 83' lang='grc' dir='ltr'><strong><em>τέταρτον</em></strong></span> <span class='ocrx_word' id='word_1_136' title='bbox 2199 2037 2408 2124; x_wconf 86' lang='grc' dir='ltr'><strong><em>γάμον</em></strong></span> <span class='ocrx_word' id='word_1_137' title='bbox 2461 2039 2691 2126; x_wconf 84' lang='grc' dir='ltr'><strong><em>μηδενὶ</em></strong></span> 
     </span>
     <span class='ocr_line' id='line_1_19' title="bbox 356 2134 2691 2226; baseline -0 -18"><span class='ocrx_word' id='word_1_138' title='bbox 356 2142 761 2225; x_wconf 85' lang='grc' dir='ltr'><strong><em>τολμᾶσθαι,</em></strong></span> <span class='ocrx_word' id='word_1_139' title='bbox 810 2136 947 2207; x_wconf 76' lang='grc' dir='ltr'><strong><em>ἀλλ’</em></strong></span> <span class='ocrx_word' id='word_1_140' title='bbox 984 2135 1154 2207; x_wconf 79' lang='grc' dir='ltr'><strong><em>εἶναι</em></strong></span> <span class='ocrx_word' id='word_1_141' title='bbox 1185 2134 1566 2226; x_wconf 78' lang='grc' dir='ltr'><strong><em>ἀπόβλητον</em></strong></span> <span class='ocrx_word' id='word_1_142' title='bbox 1597 2141 1939 2218; x_wconf 83' lang='grc' dir='ltr'><strong><em>παντελῶς</em></strong></span> <span class='ocrx_word' id='word_1_143' title='bbox 1962 2162 1975 2174; x_wconf 89' lang='grc'><em>·</em></span> <span class='ocrx_word' id='word_1_144' title='bbox 2020 2143 2128 2207; x_wconf 85' lang='grc' dir='ltr'><strong><em>καὶ</em></strong></span> <span class='ocrx_word' id='word_1_145' title='bbox 2158 2140 2292 2222; x_wconf 88' lang='grc' dir='ltr'><strong><em>τὸν,</em></strong></span> <span class='ocrx_word' id='word_1_146' title='bbox 2340 2141 2405 2206; x_wconf 79' lang='grc' dir='ltr'><strong><em>εἴ</em></strong></span> <span class='ocrx_word' id='word_1_147' title='bbox 2442 2164 2545 2218; x_wconf 90' lang='grc' dir='ltr'><strong><em>τις</em></strong></span> <span class='ocrx_word' id='word_1_148' title='bbox 2577 2140 2691 2207; x_wconf 80' lang='grc' dir='ltr'><strong><em>ἐπὶ</em></strong></span> 
     </span>
     <span class='ocr_line' id='line_1_20' title="bbox 357 2236 2693 2330; baseline 0 -22"><span class='ocrx_word' id='word_1_149' title='bbox 357 2246 621 2308; x_wconf 84' lang='grc' dir='ltr'><strong><em>τοιοῦτο</em></strong></span> <span class='ocrx_word' id='word_1_150' title='bbox 679 2243 904 2308; x_wconf 75' lang='grc' dir='ltr'><strong><em>ἐλθεῖν</em></strong></span> <span class='ocrx_word' id='word_1_151' title='bbox 964 2246 1370 2306; x_wconf 87' lang='grc' dir='ltr'><strong><em>συνοικέσιον</em></strong></span> <span class='ocrx_word' id='word_1_152' title='bbox 1426 2246 1971 2327; x_wconf 55' lang='grc' dir='ltr'><strong><em>προθυμηθείηθ,</em></strong></span> <span class='ocrx_word' id='word_1_153' title='bbox 2040 2243 2262 2330; x_wconf 89' lang='grc' dir='ltr'><strong><em>πάσης</em></strong></span> <span class='ocrx_word' id='word_1_154' title='bbox 2327 2236 2693 2329; x_wconf 85' lang='grc' dir='ltr'><strong><em>ἀπεστερη-</em></strong></span> 
     </span>
     <span class='ocr_line' id='line_1_21' title="bbox 357 2338 2694 2430; baseline 0 -21"><span class='ocrx_word' id='word_1_155' title='bbox 357 2350 554 2426; x_wconf 82' lang='grc' dir='ltr'><strong><em>μένον</em></strong></span> <span class='ocrx_word' id='word_1_156' title='bbox 601 2339 771 2408; x_wconf 79' lang='grc' dir='ltr'><strong><em>εἶναι</em></strong></span> <span class='ocrx_word' id='word_1_157' title='bbox 828 2341 1155 2420; x_wconf 84' lang='grc' dir='ltr'><strong><em>συνάξεως</em></strong></span> <span class='ocrx_word' id='word_1_158' title='bbox 1219 2341 1750 2428; x_wconf 76' lang='grc' dir='ltr'><strong><em>ἔκκλησιαστικῆς</em></strong></span> <span class='ocrx_word' id='word_1_159' title='bbox 1803 2348 1909 2409; x_wconf 78' lang='grc' dir='ltr'><strong><em>καὶ</em></strong></span> <span class='ocrx_word' id='word_1_160' title='bbox 1964 2338 2164 2429; x_wconf 75' lang='grc' dir='ltr'><strong><em>αὐτῆς</em></strong></span> <span class='ocrx_word' id='word_1_161' title='bbox 2204 2346 2322 2430; x_wconf 83' lang='grc' dir='ltr'><strong><em>τῆς</em></strong></span> <span class='ocrx_word' id='word_1_162' title='bbox 2365 2342 2535 2428; x_wconf 82' lang='grc' dir='ltr'><strong><em>πρὸς</em></strong></span> <span class='ocrx_word' id='word_1_163' title='bbox 2576 2341 2694 2409; x_wconf 84' lang='grc' dir='ltr'><strong><em>τὸν</em></strong></span> 
     </span>
     <span class='ocr_line' id='line_1_22' title="bbox 358 2437 2693 2532; baseline 0 -20"><span class='ocrx_word' id='word_1_164' title='bbox 358 2441 546 2531; x_wconf 76' lang='grc' dir='ltr'><strong><em>ἅγιον</em></strong></span> <span class='ocrx_word' id='word_1_165' title='bbox 601 2442 758 2510; x_wconf 88' lang='grc' dir='ltr'><strong><em>ναὸν</em></strong></span> <span class='ocrx_word' id='word_1_166' title='bbox 817 2441 1078 2510; x_wconf 76' lang='grc' dir='ltr'><strong><em>εἰσόδου</em></strong></span> <span class='ocrx_word' id='word_1_167' title='bbox 1137 2437 1514 2528; x_wconf 85' lang='grc' dir='ltr'><strong><em>ἀλλότριον,</em></strong></span> <span class='ocrx_word' id='word_1_168' title='bbox 1571 2449 1796 2528; x_wconf 82' lang='grc' dir='ltr'><strong><em>μέχρις</em></strong></span> <span class='ocrx_word' id='word_1_169' title='bbox 1854 2439 1933 2512; x_wconf 75' lang='grc' dir='ltr'><strong><em>ἀν</em></strong></span> <span class='ocrx_word' id='word_1_170' title='bbox 1988 2444 2351 2528; x_wconf 73' lang='grc' dir='ltr'><strong><em>ἐπιμένοιὈ</em></strong></span> <span class='ocrx_word' id='word_1_171' title='bbox 2398 2448 2491 2532; x_wconf 78' lang='grc' dir='ltr'><strong><em>τῷ</em></strong></span> <span class='ocrx_word' id='word_1_172' title='bbox 2538 2468 2693 2512; x_wconf 76' lang='grc' dir='ltr'><strong><em>συν·</em></strong></span> 
     </span>
     <span class='ocr_line' id='line_1_23' title="bbox 359 2542 2687 2633; baseline 0 -19"><span class='ocrx_word' id='word_1_173' title='bbox 359 2553 641 2632; x_wconf 79' lang='grc' dir='ltr'><strong><em>οικεσίῳ.</em></strong></span> <span class='ocrx_word' id='word_1_174' title='bbox 727 2547 925 2610; x_wconf 82' lang='grc' dir='ltr'><strong><em>τοῦτο</em></strong></span> <span class='ocrx_word' id='word_1_175' title='bbox 970 2544 1091 2630; x_wconf 84' lang='grc' dir='ltr'><strong><em>γὰρ</em></strong></span> <span class='ocrx_word' id='word_1_176' title='bbox 1136 2548 1242 2611; x_wconf 82' lang='grc' dir='ltr'><strong><em>καὶ</em></strong></span> <span class='ocrx_word' id='word_1_177' title='bbox 1283 2556 1434 2624; x_wconf 84' lang='grc' dir='ltr'><strong><em>τοῖς</em></strong></span> <span class='ocrx_word' id='word_1_178' title='bbox 1477 2545 1610 2630; x_wconf 85' lang='grc' dir='ltr'><strong><em>πρὸ</em></strong></span> <span class='ocrx_word' id='word_1_179' title='bbox 1653 2542 1837 2633; x_wconf 82' lang='grc' dir='ltr'><strong><em>ἡμῶν</em></strong></span> <span class='ocrx_word' id='word_1_180' title='bbox 1880 2542 2097 2632; x_wconf 73' lang='grc' dir='ltr'><strong><em>ἁγίοις</em></strong></span> <span class='ocrx_word' id='word_1_181' title='bbox 2147 2547 2331 2626; x_wconf 70' lang='grc' dir='ltr'><strong><em>ἔδοξε</em></strong></span> <span class='ocrx_word' id='word_1_182' title='bbox 2374 2545 2687 2631; x_wconf 87' lang='grc' dir='ltr'><strong><em>πατράσι,</em></strong></span> 
     </span>
     <span class='ocr_line' id='line_1_24' title="bbox 356 2643 2692 2735; baseline 0 -21"><span class='ocrx_word' id='word_1_183' title='bbox 356 2652 468 2714; x_wconf 83' lang='grc' dir='ltr'><strong><em>καὶ</em></strong></span> <span class='ocrx_word' id='word_1_184' title='bbox 509 2644 698 2733; x_wconf 84' lang='grc' dir='ltr'><strong><em>ἡμεῖς</em></strong></span> <span class='ocrx_word' id='word_1_185' title='bbox 743 2647 815 2711; x_wconf 82' lang='grc' dir='ltr'><strong><em>δὲ</em></strong></span> <span class='ocrx_word' id='word_1_186' title='bbox 842 2645 960 2733; x_wconf 80' lang='grc' dir='ltr'><strong><em>τὴν</em></strong></span> <span class='ocrx_word' id='word_1_187' title='bbox 987 2645 1246 2733; x_wconf 85' lang='grc' dir='ltr'><strong><em>γνώμην</em></strong></span> <span class='ocrx_word' id='word_1_188' title='bbox 1282 2648 1760 2735; x_wconf 78' lang='grc' dir='ltr'><strong><em>ἐκδηλοτέραν”</em></strong></span> <span class='ocrx_word' id='word_1_189' title='bbox 1804 2651 2174 2728; x_wconf 82' lang='grc' dir='ltr'><strong><em>ποιοῦντες,</em></strong></span> <span class='ocrx_word' id='word_1_190' title='bbox 2223 2645 2314 2728; x_wconf 80' lang='grc' dir='ltr'><strong><em>ὥς</em></strong></span> <span class='ocrx_word' id='word_1_191' title='bbox 2344 2643 2692 2735; x_wconf 86' lang='grc' dir='ltr'><strong><em>ἀλλότριον</em></strong></span> 
     </span>
     <span class='ocr_line' id='line_1_25' title="bbox 358 2744 2689 2836; baseline 0 -21"><span class='ocrx_word' id='word_1_192' title='bbox 358 2746 556 2815; x_wconf 75' lang='grc' dir='ltr'><strong><em>αὐτὸν</em></strong></span> <span class='ocrx_word' id='word_1_193' title='bbox 599 2752 715 2834; x_wconf 79' lang='grc' dir='ltr'><strong><em>τῆς</em></strong></span> <span class='ocrx_word' id='word_1_194' title='bbox 753 2751 1197 2835; x_wconf 79' lang='grc' dir='ltr'><strong><em>χριστιανικῆς</em></strong></span> <span class='ocrx_word' id='word_1_195' title='bbox 1241 2750 1585 2828; x_wconf 87' lang='grc' dir='ltr'><strong><em>πολιτείας</em></strong></span> <span class='ocrx_word' id='word_1_196' title='bbox 1629 2744 2163 2836; x_wconf 82' lang='grc' dir='ltr'><strong><em>ἀποκηρύττομεν</em></strong></span> <span class='ocrx_word' id='word_1_197' title='bbox 2180 2753 2236 2814; x_wconf 81' lang='lat'><strong><em>¹².</em></strong></span> <span class='ocrx_word' id='word_1_198' title='bbox 2328 2745 2465 2815; x_wconf 77' lang='grc' dir='ltr'><strong><em>ἀλλ’</em></strong></span> <span class='ocrx_word' id='word_1_199' title='bbox 2514 2746 2689 2816; x_wconf 82' lang='grc' dir='ltr'><strong><em>οῧτω</em></strong></span> 
     </span>
     <span class='ocr_line' id='line_1_26' title="bbox 356 2850 1518 2936; baseline 0.001 -20"><span class='ocrx_word' id='word_1_200' title='bbox 356 2851 476 2932; x_wconf 77' lang='grc' dir='ltr'><strong><em>μὲν</em></strong></span> <span class='ocrx_word' id='word_1_201' title='bbox 520 2852 730 2935; x_wconf 64' lang='grc' dir='ltr'><strong><em>περὶ’3</em></strong></span> <span class='ocrx_word' id='word_1_202' title='bbox 772 2853 889 2915; x_wconf 83' lang='grc' dir='ltr'><strong><em>τοῦ</em></strong></span> <span class='ocrx_word' id='word_1_203' title='bbox 932 2850 1245 2934; x_wconf 86' lang='grc' dir='ltr'><strong><em>τετάρτου</em></strong></span> <span class='ocrx_word' id='word_1_204' title='bbox 1287 2852 1518 2936; x_wconf 88' lang='grc' dir='ltr'><strong><em>γάμου.</em></strong></span> 
     </span>
    </p>

    <p class='ocr_par' dir='ltr' id='par_1_4' title="bbox 354 2947 2690 3951">
     <span class='ocr_line' id='line_1_27' title="bbox 523 2947 2688 3039; baseline 0.001 -23"><span class='ocrx_word' id='word_1_205' title='bbox 523 2950 604 3036; x_wconf 74' lang='grc' dir='ltr'><strong><em>β’.</em></strong></span> <span class='ocrx_word' id='word_1_206' title='bbox 624 2947 757 3017; x_wconf 75' lang='grc' dir='ltr'><strong><em>Ἵνα</em></strong></span> <span class='ocrx_word' id='word_1_207' title='bbox 780 2952 853 3017; x_wconf 80' lang='grc' dir='ltr'><strong><em>δὲ</em></strong></span> <span class='ocrx_word' id='word_1_208' title='bbox 875 2954 981 3018; x_wconf 83' lang='grc' dir='ltr'><strong><em>καὶ</em></strong></span> <span class='ocrx_word' id='word_1_209' title='bbox 1003 2951 1088 3016; x_wconf 83' lang='grc' dir='ltr'><strong><em>τὰ</em></strong></span> <span class='ocrx_word' id='word_1_210' title='bbox 1110 2956 1243 3019; x_wconf 90' lang='grc' dir='ltr'><strong><em>τῶν</em></strong></span> <span class='ocrx_word' id='word_1_211' title='bbox 1274 2951 1492 3019; x_wconf 72' lang='grc' dir='ltr'><strong><em>ἄλλων</em></strong></span> <span class='ocrx_word' id='word_1_212' title='bbox 1520 2952 1747 3037; x_wconf 85' lang='grc' dir='ltr'><strong><em>γάμων</em></strong></span> <span class='ocrx_word' id='word_1_213' title='bbox 1783 2947 2369 3037; x_wconf 75' lang='grc' dir='ltr'><strong><em>εὐσχημονέστερον</em></strong></span> <span class='ocrx_word' id='word_1_214' title='bbox 2397 2953 2688 3039; x_wconf 80' lang='grc' dir='ltr'><strong><em>τυπωθῇ</em></strong></span> 
     </span>
     <span class='ocr_line' id='line_1_28' title="bbox 358 3048 2684 3142; baseline 0 -23"><span class='ocrx_word' id='word_1_215' title='bbox 358 3057 466 3119; x_wconf 85' lang='grc' dir='ltr'><strong><em>καὶ</em></strong></span> <span class='ocrx_word' id='word_1_216' title='bbox 506 3056 624 3120; x_wconf 81' lang='grc' dir='ltr'><strong><em>τοῦ</em></strong></span> <span class='ocrx_word' id='word_1_217' title='bbox 667 3056 799 3119; x_wconf 91' lang='grc' dir='ltr'><strong><em>τῶν</em></strong></span> <span class='ocrx_word' id='word_1_218' title='bbox 841 3057 1237 3138; x_wconf 86' lang='grc' dir='ltr'><strong><em>χριστιανῶν</em></strong></span> <span class='ocrx_word' id='word_1_219' title='bbox 1277 3061 1428 3138; x_wconf 84' lang='grc' dir='ltr'><strong><em>βίου</em></strong></span> <span class='ocrx_word' id='word_1_220' title='bbox 1466 3052 1555 3140; x_wconf 87' lang='grc' dir='ltr'><strong><em>μὴ</em></strong></span> <span class='ocrx_word' id='word_1_221' title='bbox 1588 3048 1856 3133; x_wconf 85' lang='grc' dir='ltr'><strong><em>ἀνάξιον</em></strong></span> <span class='ocrx_word' id='word_1_222' title='bbox 1890 3054 1997 3141; x_wconf 75' lang='grc' dir='ltr'><strong><em>ἔχῃ</em></strong></span> <span class='ocrx_word' id='word_1_223' title='bbox 2026 3053 2143 3142; x_wconf 87' lang='grc' dir='ltr'><strong><em>τὴν</em></strong></span> <span class='ocrx_word' id='word_1_224' title='bbox 2173 3052 2609 3141; x_wconf 81' lang='grc' dir='ltr'><strong><em>προσαγωγὴν</em></strong></span> <span class='ocrx_word' id='word_1_225' title='bbox 2626 3056 2684 3133; x_wconf 82' lang='lat'><strong><em>¹⁴,</em></strong></span> 
     </span>
     <span class='ocr_line' id='line_1_29' title="bbox 355 3150 2690 3241; baseline -0.001 -19"><span class='ocrx_word' id='word_1_226' title='bbox 355 3158 462 3222; x_wconf 80' lang='grc' dir='ltr'><strong><em>καὶ</em></strong></span> <span class='ocrx_word' id='word_1_227' title='bbox 507 3155 664 3241; x_wconf 85' lang='grc' dir='ltr'><strong><em>περὶ</em></strong></span> <span class='ocrx_word' id='word_1_228' title='bbox 708 3158 825 3220; x_wconf 85' lang='grc' dir='ltr'><strong><em>τοῦ</em></strong></span> <span class='ocrx_word' id='word_1_229' title='bbox 870 3162 1094 3241; x_wconf 89' lang='grc' dir='ltr'><strong><em>τρίτου</em></strong></span> <span class='ocrx_word' id='word_1_230' title='bbox 1142 3151 1441 3239; x_wconf 84' lang='grc' dir='ltr'><strong><em>ὁρίζομεν</em></strong></span> <span class='ocrx_word' id='word_1_231' title='bbox 1485 3154 1716 3241; x_wconf 90' lang='grc' dir='ltr'><strong><em>γάμου,</em></strong></span> <span class='ocrx_word' id='word_1_232' title='bbox 1769 3151 1940 3222; x_wconf 75' lang='grc' dir='ltr'><strong><em>ὥστε</em></strong></span> <span class='ocrx_word' id='word_1_233' title='bbox 1981 3155 2070 3241; x_wconf 87' lang='grc' dir='ltr'><strong><em>μὴ</em></strong></span> <span class='ocrx_word' id='word_1_234' title='bbox 2116 3151 2348 3234; x_wconf 79' lang='grc' dir='ltr'><strong><em>ἁπλῶς</em></strong></span> <span class='ocrx_word' id='word_1_235' title='bbox 2387 3155 2554 3240; x_wconf 80' lang='grc' dir='ltr'><strong><em>μηδὲ</em></strong></span> <span class='ocrx_word' id='word_1_236' title='bbox 2599 3150 2690 3233; x_wconf 80' lang='grc' dir='ltr'><strong><em>ὥς</em></strong></span> 
     </span>
     <span class='ocr_line' id='line_1_30' title="bbox 357 3251 2689 3344; baseline -0.001 -20"><span class='ocrx_word' id='word_1_237' title='bbox 357 3257 572 3340; x_wconf 66' lang='grc' dir='ltr'><strong><em>ἔτυχεν</em></strong></span> <span class='ocrx_word' id='word_1_238' title='bbox 618 3256 1084 3323; x_wconf 74' lang='grc' dir='ltr'><strong><em>ἐπιτελεῖσθαι</em></strong></span> <span class='ocrx_word' id='word_1_239' title='bbox 1130 3251 1345 3322; x_wconf 76' lang='grc' dir='ltr'><strong><em>αὐτόν.</em></strong></span> <span class='ocrx_word' id='word_1_240' title='bbox 1434 3256 1544 3323; x_wconf 83' lang='grc' dir='ltr'><strong><em>καὶ</em></strong></span> <span class='ocrx_word' id='word_1_241' title='bbox 1587 3254 1710 3343; x_wconf 85' lang='grc' dir='ltr'><strong><em>γὰρ</em></strong></span> <span class='ocrx_word' id='word_1_242' title='bbox 1758 3256 2236 3344; x_wconf 85' lang='grc' dir='ltr'><strong><em>συγκεχώρηται</em></strong></span> <span class='ocrx_word' id='word_1_243' title='bbox 2275 3257 2396 3340; x_wconf 83' lang='grc' dir='ltr'><strong><em>μὲν</em></strong></span> <span class='ocrx_word' id='word_1_244' title='bbox 2440 3251 2531 3334; x_wconf 80' lang='grc' dir='ltr'><strong><em>ῶς</em></strong></span> <span class='ocrx_word' id='word_1_245' title='bbox 2573 3254 2689 3342; x_wconf 81' lang='grc' dir='ltr'><strong><em>ῥύ-</em></strong></span> 
     </span>
     <span class='ocr_line' id='line_1_31' title="bbox 355 3356 2689 3443; baseline -0.001 -20"><span class='ocrx_word' id='word_1_246' title='bbox 355 3382 594 3441; x_wconf 87' lang='grc' dir='ltr'><strong><em>πασμα</em></strong></span> <span class='ocrx_word' id='word_1_247' title='bbox 646 3368 790 3435; x_wconf 90' lang='grc' dir='ltr'><strong><em>τοῖς</em></strong></span> <span class='ocrx_word' id='word_1_248' title='bbox 847 3356 1210 3439; x_wconf 79' lang='grc' dir='ltr'><strong><em>πατράσιν,</em></strong></span> <span class='ocrx_word' id='word_1_249' title='bbox 1275 3356 1468 3423; x_wconf 71' lang='grc' dir='ltr'><strong><em>οὔπω</em></strong></span> <span class='ocrx_word' id='word_1_250' title='bbox 1523 3359 1676 3425; x_wconf 83' lang='grc' dir='ltr'><strong><em>τότε</em></strong></span> <span class='ocrx_word' id='word_1_251' title='bbox 1728 3358 1959 3437; x_wconf 78' lang='grc' dir='ltr'><strong><em>καθώς</em></strong></span> <span class='ocrx_word' id='word_1_252' title='bbox 2014 3361 2128 3425; x_wconf 83' lang='grc' dir='ltr'><strong><em>νῦν</em></strong></span> <span class='ocrx_word' id='word_1_253' title='bbox 2182 3364 2524 3443; x_wconf 85' lang='grc' dir='ltr'><strong><em>γινομένου</em></strong></span> <span class='ocrx_word' id='word_1_254' title='bbox 2566 3359 2689 3422; x_wconf 80' lang='grc' dir='ltr'><strong><em>τοῦ</em></strong></span> 
     </span>
     <span class='ocr_line' id='line_1_32' title="bbox 354 3445 2684 3546; baseline 0 -24"><span class='ocrx_word' id='word_1_255' title='bbox 354 3456 742 3541; x_wconf 90' lang='grc' dir='ltr'><strong><em>πράγματος</em></strong></span> <span class='ocrx_word' id='word_1_256' title='bbox 786 3454 1489 3543; x_wconf 78' lang='grc' dir='ltr'><strong><em>ἀπηρυθριασμένως’·”’</em></strong></span> <span class='ocrx_word' id='word_1_257' title='bbox 1547 3454 1690 3525; x_wconf 76' lang='grc' dir='ltr'><strong><em>οὐδ’</em></strong></span> <span class='ocrx_word' id='word_1_258' title='bbox 1742 3460 1835 3537; x_wconf 78' lang='grc' dir='ltr'><strong><em>εἷς</em></strong></span> <span class='ocrx_word' id='word_1_259' title='bbox 1890 3460 2144 3538; x_wconf 88' lang='grc' dir='ltr'><strong><em>πλάτος</em></strong></span> <span class='ocrx_word' id='word_1_260' title='bbox 2202 3445 2684 3546; x_wconf 76' lang='grc' dir='ltr'><strong><em>ἐξηπλωμένόυ,</em></strong></span> 
     </span>
     <span class='ocr_line' id='line_1_33' title="bbox 356 3551 2685 3649; baseline 0.001 -26"><span class='ocrx_word' id='word_1_261' title='bbox 356 3551 493 3623; x_wconf 78' lang='grc' dir='ltr'><strong><em>ἀλλ’</em></strong></span> <span class='ocrx_word' id='word_1_262' title='bbox 545 3553 771 3641; x_wconf 78' lang='grc' dir='ltr'><strong><em>ὥσπερ</em></strong></span> <span class='ocrx_word' id='word_1_263' title='bbox 817 3558 1020 3637; x_wconf 77' lang='grc' dir='ltr'><strong><em>εἴτις</em></strong></span> <span class='ocrx_word' id='word_1_264' title='bbox 1065 3558 1131 3625; x_wconf 76' lang='grc' dir='ltr'><strong><em>ἓν</em></strong></span> <span class='ocrx_word' id='word_1_265' title='bbox 1189 3559 1349 3644; x_wconf 74' lang='grc' dir='ltr'><strong><em>οἴκῳ</em></strong></span> <span class='ocrx_word' id='word_1_266' title='bbox 1403 3560 2001 3644; x_wconf 74' lang='grc' dir='ltr'><strong><em>παραπεπτωκὸς’“</em></strong></span> <span class='ocrx_word' id='word_1_267' title='bbox 2056 3560 2122 3628; x_wconf 79' lang='grc' dir='ltr'><strong><em>ἒν</em></strong></span> <span class='ocrx_word' id='word_1_268' title='bbox 2184 3568 2391 3649; x_wconf 76' lang='grc' dir='ltr'><strong><em>γωνίᾳ</em></strong></span> <span class='ocrx_word' id='word_1_269' title='bbox 2435 3559 2685 3646; x_wconf 83' lang='grc' dir='ltr'><strong><em>παρίδῃ</em></strong></span> 
     </span>
     <span class='ocr_line' id='line_1_34' title="bbox 354 3657 2688 3748; baseline 0.002 -25"><span class='ocrx_word' id='word_1_270' title='bbox 354 3657 676 3736; x_wconf 86' lang='grc' dir='ltr'><strong><em>πολλάκις</em></strong></span> <span class='ocrx_word' id='word_1_271' title='bbox 718 3665 1011 3743; x_wconf 86' lang='grc' dir='ltr'><strong><em>κείμενον</em></strong></span> <span class='ocrx_word' id='word_1_272' title='bbox 1056 3659 1406 3746; x_wconf 80' lang='grc' dir='ltr'><strong><em>ῥύπασμα·</em></strong></span> <span class='ocrx_word' id='word_1_273' title='bbox 1452 3663 1565 3726; x_wconf 84' lang='grc' dir='ltr'><strong><em>νῦν</em></strong></span> <span class='ocrx_word' id='word_1_274' title='bbox 1609 3663 1679 3728; x_wconf 84' lang='grc' dir='ltr'><strong><em>δὲ</em></strong></span> <span class='ocrx_word' id='word_1_275' title='bbox 1726 3659 1890 3728; x_wconf 63' lang='grc' dir='ltr'><strong><em>“ο’τε’7</em></strong></span> <span class='ocrx_word' id='word_1_276' title='bbox 1929 3660 2149 3747; x_wconf 84' lang='grc' dir='ltr'><strong><em>χώραν</em></strong></span> <span class='ocrx_word' id='word_1_277' title='bbox 2194 3662 2389 3748; x_wconf 75' lang='grc' dir='ltr'><strong><em>ἔλαβε</em></strong></span> <span class='ocrx_word' id='word_1_278' title='bbox 2429 3662 2688 3748; x_wconf 82' lang='grc' dir='ltr'><strong><em>παῤῥη-</em></strong></span> 
     </span>
     <span class='ocr_line' id='line_1_35' title="bbox 361 3756 2688 3851; baseline 0.001 -25"><span class='ocrx_word' id='word_1_279' title='bbox 361 3766 512 3839; x_wconf 83' lang='grc' dir='ltr'><strong><em>σίας</em></strong></span> <span class='ocrx_word' id='word_1_280' title='bbox 553 3762 664 3826; x_wconf 83' lang='grc' dir='ltr'><strong><em>καὶ</em></strong></span> <span class='ocrx_word' id='word_1_281' title='bbox 707 3756 797 3839; x_wconf 79' lang='grc' dir='ltr'><strong><em>ῶς</em></strong></span> <span class='ocrx_word' id='word_1_282' title='bbox 827 3756 1016 3828; x_wconf 78' lang='grc' dir='ltr'><strong><em>οὐδὲν</em></strong></span> <span class='ocrx_word' id='word_1_283' title='bbox 1049 3761 1265 3844; x_wconf 54' lang='grc' dir='ltr'><strong><em>ἓχωνη</em></strong></span> <span class='ocrx_word' id='word_1_284' title='bbox 1295 3759 1389 3839; x_wconf 83' lang='grc' dir='ltr'><strong><em>εἷς</em></strong></span> <span class='ocrx_word' id='word_1_285' title='bbox 1419 3756 1871 3851; x_wconf 82' lang='grc' dir='ltr'><strong><em>ἀσχημοσύνην</em></strong></span> <span class='ocrx_word' id='word_1_286' title='bbox 1903 3762 2055 3830; x_wconf 78' lang='grc' dir='ltr'><strong><em>οὐδὲ</em></strong></span> <span class='ocrx_word' id='word_1_287' title='bbox 2085 3766 2482 3850; x_wconf 75' lang='grc' dir='ltr'><strong><em>ῥυπαίνων“’</em></strong></span> <span class='ocrx_word' id='word_1_288' title='bbox 2507 3764 2688 3847; x_wconf 86' lang='grc' dir='ltr'><strong><em>λογί-</em></strong></span> 
     </span>
     <span class='ocr_line' id='line_1_36' title="bbox 357 3859 2688 3951; baseline 0.001 -22"><span class='ocrx_word' id='word_1_289' title='bbox 357 3862 536 3943; x_wconf 83' lang='grc' dir='ltr'><strong><em>ζεται</em></strong></span> <span class='ocrx_word' id='word_1_290' title='bbox 579 3862 647 3929; x_wconf 75' lang='grc' dir='ltr'><strong><em>ἐκ</em></strong></span> <span class='ocrx_word' id='word_1_291' title='bbox 697 3866 813 3929; x_wconf 83' lang='grc' dir='ltr'><strong><em>τοῦ</em></strong></span> <span class='ocrx_word' id='word_1_292' title='bbox 868 3865 1200 3949; x_wconf 78' lang='grc' dir='ltr'><strong><em>προβῆναι</em></strong></span> <span class='ocrx_word' id='word_1_293' title='bbox 1257 3862 1350 3941; x_wconf 81' lang='grc' dir='ltr'><strong><em>εἷς</em></strong></span> <span class='ocrx_word' id='word_1_294' title='bbox 1406 3864 1837 3951; x_wconf 84' lang='grc' dir='ltr'><strong><em>πληθυσμὸν,</em></strong></span> <span class='ocrx_word' id='word_1_295' title='bbox 1893 3866 2110 3944; x_wconf 86' lang='grc' dir='ltr'><strong><em>καλῶς</em></strong></span> <span class='ocrx_word' id='word_1_296' title='bbox 2164 3865 2386 3945; x_wconf 75' lang='grc' dir='ltr'><strong><em>ἔδοξεν</em></strong></span> <span class='ocrx_word' id='word_1_297' title='bbox 2445 3859 2688 3933; x_wconf 86' lang='grc' dir='ltr'><strong><em>ἀνακα-</em></strong></span> 
     </span>
    </p>
   </div>
   <div class='ocr_carea' id='block_1_3' title="bbox 488 4046 2686 4122">
    <p class='ocr_par' dir='ltr' id='par_1_5' title="bbox 488 4046 2686 4122">
     <span class='ocr_line' id='line_1_37' title="bbox 488 4046 2686 4122; baseline 0.003 -24"><span class='ocrx_word' id='word_1_298' title='bbox 488 4046 510 4074; x_wconf 77' lang='lat'><strong>⁹</strong></span> <span class='ocrx_word' id='word_1_299' title='bbox 546 4051 738 4101; x_wconf 83' lang='lat' dir='ltr'><strong>Leuncl.</strong></span> <span class='ocrx_word' id='word_1_300' title='bbox 763 4046 1143 4118; x_wconf 69' lang='grc' dir='ltr'><strong><em>προεθυμήθη.</em></strong></span> <span class='ocrx_word' id='word_1_301' title='bbox 1204 4053 1700 4122; x_wconf 71' lang='grc' dir='ltr'><strong><em>Βο18.προθυμηθῇ.</em></strong></span> <span class='ocrx_word' id='word_1_302' title='bbox 1844 4053 1881 4081; x_wconf 84' lang='lat'><strong><em>¹⁰</em></strong></span> <span class='ocrx_word' id='word_1_303' title='bbox 1918 4056 2067 4106; x_wconf 74' lang='lat' dir='ltr'>Iidem</span> <span class='ocrx_word' id='word_1_304' title='bbox 2088 4048 2353 4122; x_wconf 70' lang='grc' dir='ltr'><strong><em>ἐπιμεὶνῃ.</em></strong></span> <span class='ocrx_word' id='word_1_305' title='bbox 2511 4051 2543 4080; x_wconf 84' lang='grc'>”</span> <span class='ocrx_word' id='word_1_306' title='bbox 2580 4055 2686 4105; x_wconf 70' lang='lat' dir='ltr'><strong><em>Mai.</em></strong></span> 
     </span>
    </p>
   </div>
   <div class='ocr_carea' id='block_1_4' title="bbox 353 4127 2689 4372">
    <p class='ocr_par' dir='ltr' id='par_1_6' title="bbox 353 4127 2689 4372">
     <span class='ocr_line' id='line_1_38' title="bbox 353 4127 2680 4204; baseline 0.002 -24"><span class='ocrx_word' id='word_1_307' title='bbox 353 4127 526 4190; x_wconf 73' lang='grc' dir='ltr'><strong><em>ἔνδηλ.</em></strong></span> <span class='ocrx_word' id='word_1_308' title='bbox 605 4134 797 4184; x_wconf 78' lang='lat' dir='ltr'>Leuncl.</span> <span class='ocrx_word' id='word_1_309' title='bbox 837 4137 881 4184; x_wconf 88' lang='lat' dir='ltr'><strong><em>in</em></strong></span> <span class='ocrx_word' id='word_1_310' title='bbox 922 4151 1063 4198; x_wconf 80' lang='lat' dir='ltr'>marg.</span> <span class='ocrx_word' id='word_1_311' title='bbox 1103 4128 1253 4197; x_wconf 79' lang='grc' dir='ltr'><strong><em>άδηλ.</em></strong></span> <span class='ocrx_word' id='word_1_312' title='bbox 1331 4140 1452 4189; x_wconf 65' lang='grc' dir='ltr'><strong><em>ΒειΙε.</em></strong></span> <span class='ocrx_word' id='word_1_313' title='bbox 1489 4134 1661 4198; x_wconf 59' lang='lat' dir='ltr'><strong><em>exona.</em></strong></span> <span class='ocrx_word' id='word_1_314' title='bbox 1872 4137 1909 4166; x_wconf 79' lang='lat'><strong><em>¹²</em></strong></span> <span class='ocrx_word' id='word_1_315' title='bbox 1946 4140 2138 4190; x_wconf 84' lang='lat' dir='ltr'><strong>Leuncl.</strong></span> <span class='ocrx_word' id='word_1_316' title='bbox 2178 4142 2225 4190; x_wconf 89' lang='lat' dir='ltr'><strong><em>in</em></strong></span> <span class='ocrx_word' id='word_1_317' title='bbox 2274 4154 2421 4202; x_wconf 80' lang='lat' dir='ltr'><strong>marg.</strong></span> <span class='ocrx_word' id='word_1_318' title='bbox 2458 4129 2680 4204; x_wconf 79' lang='grc' dir='ltr'><strong><em>ἅνακηρ.</em></strong></span> 
     </span>
     <span class='ocr_line' id='line_1_39' title="bbox 355 4209 2681 4293; baseline 0.003 -29"><span class='ocrx_word' id='word_1_319' title='bbox 355 4215 388 4241; x_wconf 78' lang='lat'><strong><em>¹³</em></strong></span> <span class='ocrx_word' id='word_1_320' title='bbox 425 4217 616 4265; x_wconf 83' lang='lat' dir='ltr'><strong>Leuncl.</strong></span> <span class='ocrx_word' id='word_1_321' title='bbox 653 4209 756 4265; x_wconf 79' lang='grc' dir='ltr'><strong><em>ἐπί.</em></strong></span> <span class='ocrx_word' id='word_1_322' title='bbox 970 4216 1003 4244; x_wconf 86' lang='grc'>”</span> <span class='ocrx_word' id='word_1_323' title='bbox 1054 4219 1181 4268; x_wconf 82' lang='lat' dir='ltr'>ldem</span> <span class='ocrx_word' id='word_1_324' title='bbox 1219 4224 1266 4270; x_wconf 91' lang='lat' dir='ltr'><strong><em>in</em></strong></span> <span class='ocrx_word' id='word_1_325' title='bbox 1303 4238 1448 4285; x_wconf 83' lang='lat' dir='ltr'>marg.</span> <span class='ocrx_word' id='word_1_326' title='bbox 1487 4237 1684 4290; x_wconf 83' lang='grc' dir='ltr'><strong><em>προαγ.</em></strong></span> <span class='ocrx_word' id='word_1_327' title='bbox 1912 4221 1949 4249; x_wconf 77' lang='lat'><strong><em>¹⁵</em></strong></span> <span class='ocrx_word' id='word_1_328' title='bbox 1996 4225 2101 4275; x_wconf 75' lang='lat' dir='ltr'>Mai.</span> <span class='ocrx_word' id='word_1_329' title='bbox 2140 4215 2681 4293; x_wconf 77' lang='grc' dir='ltr'><strong><em>ἀπηρυθριασμένου.</em></strong></span> 
     </span>
     <span class='ocr_line' id='line_1_40' title="bbox 353 4299 2689 4372; baseline 0.003 -24"><span class='ocrx_word' id='word_1_330' title='bbox 353 4299 390 4326; x_wconf 78' lang='lat'><strong><em>¹⁶</em></strong></span> <span class='ocrx_word' id='word_1_331' title='bbox 427 4300 638 4349; x_wconf 77' lang='lat' dir='ltr'><strong>Bonefid.</strong></span> <span class='ocrx_word' id='word_1_332' title='bbox 677 4317 730 4350; x_wconf 84' lang='lat' dir='ltr'><strong><em>ex</em></strong></span> <span class='ocrx_word' id='word_1_333' title='bbox 767 4303 891 4352; x_wconf 71' lang='lat' dir='ltr'><strong>Bais.</strong></span> <span class='ocrx_word' id='word_1_334' title='bbox 927 4302 1386 4368; x_wconf 77' lang='grc' dir='ltr'><strong><em>παραπεπτωκώς.</em></strong></span> <span class='ocrx_word' id='word_1_335' title='bbox 1532 4304 1567 4333; x_wconf 88' lang='lat'><strong><em>¹⁷</em></strong></span> <span class='ocrx_word' id='word_1_336' title='bbox 1603 4308 1795 4357; x_wconf 83' lang='lat' dir='ltr'>Leuncl.</span> <span class='ocrx_word' id='word_1_337' title='bbox 1819 4310 1866 4358; x_wconf 86' lang='lat' dir='ltr'><strong><em>in</em></strong></span> <span class='ocrx_word' id='word_1_338' title='bbox 1902 4322 2049 4370; x_wconf 73' lang='lat' dir='ltr'><strong>marg.</strong></span> <span class='ocrx_word' id='word_1_339' title='bbox 2082 4300 2183 4356; x_wconf 82' lang='grc' dir='ltr'><strong><em>ὅτι.</em></strong></span> <span class='ocrx_word' id='word_1_340' title='bbox 2344 4306 2383 4336; x_wconf 83' lang='lat'><strong><em>¹⁸</em></strong></span> <span class='ocrx_word' id='word_1_341' title='bbox 2417 4309 2523 4357; x_wconf 72' lang='lat' dir='ltr'><strong><em>Mai.</em></strong></span> <span class='ocrx_word' id='word_1_342' title='bbox 2558 4300 2689 4372; x_wconf 77' lang='grc' dir='ltr'><strong><em>ἔχον</em></strong></span> 
     </span>
    </p>
   </div>
   <div class='ocr_carea' id='block_1_5' title="bbox 353 4381 858 4451">
    <p class='ocr_par' dir='ltr' id='par_1_7' title="bbox 353 4381 858 4451">
     <span class='ocr_line' id='line_1_41' title="bbox 353 4381 858 4451; baseline -0.004 -18"><span class='ocrx_word' id='word_1_343' title='bbox 353 4393 399 4433; x_wconf 81' lang='lat' dir='ltr'><strong><em>ct</em></strong></span> <span class='ocrx_word' id='word_1_344' title='bbox 435 4399 540 4434; x_wconf 81' lang='lat' dir='ltr'><strong><em>mox</em></strong></span> <span class='ocrx_word' id='word_1_345' title='bbox 580 4381 858 4451; x_wconf 75' lang='grc' dir='ltr'><strong><em>ῥυπαῖνον.</em></strong></span> 
     </span>
    </p>
   </div>
  </div>
 </body>
</html>
