2900 4950
1051 203 1170 267 Imp.
1207 202 1366 253 Basilii
1406 205 1808 268 Porphyrogeniti.
2308 203 2319 208 “
2466 200 2589 266 309

259 373 519 429 σουσιν,
575 344 725 417 ἀλλ’
788 345 1367 444 ἀφαιρεθήσονται
1429 350 1513 417 τὰ
1571 345 1887 435 ἀλλότρια
1946 350 2061 423 οὐκ
2125 355 2311 427 αὐτοὶ
2364 365 2584 446 μόνον,

185 448 428 520 ἀλλὰ
484 453 627 519 καὶ9
651 453 748 574 ἱ,οἱ
804 453 1043 530 παῖδες
1097 446 1312 516 αὐτῶν
1369 454 1475 517 καὶ
1535 445 1737 530 οἶς”
1692 479 1772 517 αν
1828 458 2035 523 ταῦτα
2077 464 2586 548 καταλείψωσιν.

258 551 363 621 ὅτι
416 556 536 638 μὲν
599 577 714 620 ουν
757 549 795 639 ή
842 554 1149 634 βασιλεία
1190 548 1374 640 ἡμῶν
1420 547 1535 619 οὖκ
1580 548 1893 635 ἀσκόπως
1938 553 2082 625 οὐδ’
2132 556 2589 648 ἀδοκιμάστως

253 655 370 743 τὴν
416 655 528 722 διὰ
564 653 826 739 χρόνου
851 654 1303 731 deanozslavffl
1333 650 1747 746 ἀνατρέπει,
1757 651 1925 724 ἀλλὰ
1954 684 2107 740 τους
2137 670 2423 746 πένητας
2454 666 2590 734 ἕλε-

253 760 420 823 οὗσα
461 759 570 822 καὶ
613 759 732 821 τοῦ
775 757 998 821 κοινοῦ
1042 757 1170 820 καὶ
1194 757 1316 842 τῆς
1354 755 1733 835 συστάσεως
1777 754 1978 826 αὐτοῦ
2011 767 2452 850 φροῃίζουσα
2480 772 2587 835 καὶ

249 857 327 923 τὸ
387 859 640 923 δίκαιον
696 851 1118 941 ἀσπαζομένη
1176 859 1281 922 ’καὶ
1339 855 1416 921 τὸ
1475 861 1590 944 τῆς
1644 859 2027 940 πλεονεξίας
2086 866 2299 933 δεινὸν
2358 867 2590 948 πάθος

252 957 754 1043 θεραπεύουσα,
813 956 1098 1044 φανερὸν
1157 956 1343 1032 ἔσται
1399 952 1513 1043 ἀφ’
1575 947 1666 1025 ὧν
1722 959 2099 1045 ἐθέλομενιι
2157 967 2390 1035 εἰπεῖν.
2477 973 2588 1037 καὶ

251 1059 374 1145 γὰρ
431 1061 717 1125 πλεῖστα
773 1057 1366 1144 παρηνοχλήθημεν
1420 1053 1556 1123 ὖπὸ
1600 1063 1730 1125 τῶν
1776 1066 2056 1144 πτωχῶν
2094 1067 2285 1153 χάριν
2327 1070 2583 1146 τούτου,

250 1164 363 1226 καὶ
403 1160 522 1238 τὰς
564 1165 909 1245 γινομένας
954 1159 1047 1238 εἰς
1091 1154 1327 1236 αὐτοὺς
1359 1154 1679 1243 ὁσημέραι
1694 1164 1735 1195 ¹²
1778 1163 2163 1244 πλεονεξίας
2192 1172 2296 1234 καὶ
2331 1164 2588 1250 ἀδικίας

253 1262 522 1354 οἰκείοις
537 1263 577 1295 ¹³
622 1255 1008 1347 ὀφθαλμοῖς
1052 1261 1313 1344 εἴδομεν
1359 1258 1765 1344 διερχόμενοι
1807 1261 1894 1328 τὰ
1938 1269 2202 1349 θέματα
2244 1272 2360 1353 τῆς
2394 1277 2589 1355 βασι-

259 1364 440 1441 λείας
480 1359 664 1448 ἡμῶν
704 1364 810 1428 καὶ
857 1360 1028 1445 πρὸς
1069 1360 1153 1427 τὰ
1183 1362 1481 1440 ταξείδια
1512 1356 1966 1446 ἀπερχόμενοι.
2027 1370 2177 1445 πῶς
2204 1368 2327 1455 γὰρ
2358 1365 2589 1450 ἁπλῶς

249 1468 358 1530 καὶ
404 1459 494 1542 ὥς
537 1463 770 1546 ἔτυχεν·
796 1461 1123 1549 ἐνεργήσει
1163 1462 1424 1547 χρόνος,
1485 1458 1595 1530 ὅτε
1641 1464 1917 1544 δυνατὸς
1960 1461 2052 1533 ὢν
2099 1464 2134 1534 ὃ
2177 1469 2293 1535 τὸν
2337 1476 2590 1559 πένητα

249 1564 746 1651 πλεονεκτήσας,
794 1562 1006 1630 πολὺν
1044 1562 1279 1648 χρόνον
1323 1563 1597 1649 ποιήσει
1640 1566 2050 1634 δυναστεύων
2093 1573 2201 1636 καὶ
2235 1566 2584 1659 εὐημερῶν,

248 1668 355 1733 καὶ
398 1667 514 1752 τὴν
559 1666 945 1732 δυναστείαν
991 1660 1192 1731 αὐτοῦ
1238 1668 1342 1731 καὶ
1392 1660 1738 1752 εὐημερίαν
1785 1666 1878 1745 εἷς
1907 1668 2062 1748 τοὺς
2093 1672 2440 1755 διαδόχους
2469 1668 2586 1740 αὖ·

245 1771 363 1833 τοῦ
418 1772 864 1852 παραπέμψει
877 1796 901 1848 ,·
965 1769 1073 1832 καὶ
1114 1764 1307 1848 τυχὸν
1352 1755 1545 1845 οὗτος
1585 1768 1706 1850 μὲν
1750 1770 2097 1852 πατρίκιός
2141 1771 2351 1854 ἐστιν,
2412 1774 2471 1841 εἰ
2514 1774 2587 1840 δὲ

250 1868 321 1947 ἐξ
362 1863 595 1946 αὐτοῦ,
643 1869 1023 1951 διαρκέσειΗ
1066 1870 1145 1953 τῇ
1194 1867 1545 1952 δυναστείᾳ
1586 1869 1691 1933 καὶ
1737 1867 1814 1932 τὸ
1861 1867 2195 1938 δύνασθαι
2211 1877 2252 1908 ¹⁶
2296 1875 2391 1951 εἷς
2431 1874 2587 1952 τοὺς

252 1969 323 2049 ἐξ
374 1965 575 2035 αὐτοῦ
630 1973 1113 2052 παραπέμψει
1090 2017 1108 2047 ,
1171 1968 1280 2032 καὶ
1335 1966 1528 2047 τυχὸν
1587 1957 1780 2044 οὗτος
1821 1970 1941 2051 μὲν
1983 1970 2401 2056 μάγιστρός·6
2444 1974 2588 2041 ἐστι

247 2073 355 2137 καὶ
415 2071 798 2153 δομέστικος
851 2070 984 2131 τῶν
1039 2066 1320 2148 σχολῶν,
1383 2067 1448 2132 οἱ
1494 2068 1565 2134 δὲ
1609 2066 1681 2146 ἐξ
1722 2063 1980 2133 αὐτοῦΠ
2027 2067 2274 2155 ὁμοίως
2319 2074 2584 2141 δυνατοὶ

249 2174 355 2239 καὶ
411 2172 655 2253 μέχρι“’
710 2167 1078 2253 οικειότητα
1137 2167 1387 2249 ἔχοντες
1442 2168 1614 2252 πρὸς
1666 2168 1821 2246 τοὺς
1873 2171 2171 2254 βασιλεὶς
2227 2175 2333 2239 καὶ
2391 2179 2583 2259 μέχρι

248 2275 383 2339 τῶν
427 2269 871 2357 ἑβδομήκοντα
916 2262 955 2355 ἢ
998 2268 1226 2336 ἑκατὸν
1264 2268 1517 2353 χρόνων
1560 2267 1676 2355 τὴν
1742 2264 2102 2357 εὐπραγίαν
2147 2268 2366 2341 αὐτῶν
2409 2301 2586 2360 παρ-

252 2378 695 2459 εκτεινομένην
753 2372 1020 2454 ἔχοντες.
1111 2360 1209 2456 ἀρ’
1271 2361 1385 2437 οὖν
1443 2370 1716 2450 τούτους
1759 2366 1836 2437 ού
1881 2372 2293 2457 κωλύσομεν,
2352 2379 2461 2442 καὶ
2505 2377 2583 2443 τὸ

249 2474 503 2561 προσὸν
559 2477 812 2561 δίκαιον
867 2485 1011 2553 τοῖς
1077 2479 1318 2560 πένησι
1376 2467 1477 2561 ἐφ’
1541 2467 1644 2551 οἷς
1709 2477 1921 2552 κακῶς
1977 2469 2417 2564 ἀφῃρέθησαν
2473 2481 2583 2544 καὶ

249 2576 855 2663 ἑπλεονεκτήθησαν
900 2574 1558 2660 ἕπιβραβεύσομεν’”,·
1600 2578 1719 2641 τοῦ
1760 2575 1882 2661 γὰρ
1930 2576 2023 2654 εἷς
2062 2585 2322 2662 χωρίων
2365 2582 2585 2646 κοινό-

245 2704 444 2765 τητας
488 2678 1007 2764 ἕπικτησαμένου
1060 2671 1102 2763 ἢ
1144 2679 1349 2742 πλέον
1394 2675 1767 2755 ἐκτίσαντος
1811 2678 2089 2744 δυνατοῦ
2133 2679 2579 2765 τυγχάνοντος,

247 2806 353 2846 και
411 2782 542 2844 τῶν
600 2774 797 2843 αὐτοῦ
845 2776 1167 2859 διαδόχων
1210 2776 1376 2861 μετὰ
1419 2779 1536 2862 τῆς
1578 2781 2028 2861 περιουσίαςπο
2069 2783 2178 2845 καὶ
2221 2782 2341 2867 τὴν
2386 2783 2583 2849 δυνα-

250 2876 473 2947 στείαν
529 2880 1005 2960 διαδεχομένων
1061 2879 1169 2943 καὶ
1233 2876 1319 2962 μὴ
1369 2875 1688 2943 διδόντων
1728 2876 1945 2961 χώραν
1990 2882 2083 2964 τῷ
2130 2887 2364 2968 πένητι
2407 2883 2581 2969 πρὸς

247 2981 325 3047 τὸ
368 2974 502 3046 κατ’
553 2974 767 3043 αὐτῶν
811 2980 1072 3064 κινῆσαι
1135 2980 1287 3061 περὶ
1337 2967 1426 3042 ὧν
1471 2980 1682 3054 κακῶς
1724 2972 2077 3063 ἀφείλοντο
2121 2984 2230 3047 καὶ
2277 2981 2581 3051 ἐπλεονέ-

246 3105 489 3169 κτησαν
535 3077 752 3161 αὐτὸν,
799 3078 1068 3156 πάντως
1106 3077 1439 3162 πρόδηλόν
1486 3078 1682 3157 ἐστιν,
1733 3074 1838 3144 ὅτι
1882 3074 2038 3157 ὅσος
2082 3106 2162 3146 αν
2201 3080 2436 3165 χρόνος
2467 3083 2579 3150 ἐπὶ

245 3183 496 3251 τούτων
542 3182 881 3259 διέλθοι”,
951 3175 1281 3257 ἀκώλυτος
1326 3174 1361 3244 ὅ
1404 3184 1608 3267 πένης
1652 3179 1839 3245 ἔσται
1882 3178 2052 3264 πρὸς
2092 3179 2170 3245 τὸ
2216 3181 2427 3267 ζητεῖν
2471 3186 2580 3250 καὶ

246 3280 789 3369 ἀναλαμβάνειν22
830 3280 908 3348 τὸ
953 3282 1145 3348 ἴδιον.
1207 3281 1265 3348 εἰ
1306 3279 1396 3366 μὴ
1439 3279 1562 3366 γὰρ
1605 3282 1800 3346 τοῦτο
1846 3280 2233 3364 ποιήσομεν,
2283 3281 2580 3368 πάροδον

248 3387 545 3470 δώσομεν
588 3388 682 3470 τῷ
726 3385 1080 3470 πλεονέκτῃ
1124 3385 1240 3448 τοῦ
1287 3383 1525 3467 λέγειν,
1596 3378 1701 3448 ὅτι
1745 3381 1893 3449 ἐπεὶ
1938 3381 2063 3467 ἐγὼ
2108 3381 2390 3469 σήμερον
2434 3380 2582 3472 εύη-

244 3491 423 3573 μερῶ
466 3489 571 3554 καὶ
620 3481 694 3551 οὗ
741 3484 1014 3551 δύναται
1055 3479 1190 3550 κατ’
1240 3484 1398 3568 ἐμοῦ
1448 3481 1483 3550 ὁ
1515 3490 1719 3570 πένης
1746 3487 2025 3570 κινῆσαι,
2074 3483 2187 3550 ἐὰν
2218 3479 2577 3575 εὖημερήσῃ

248 3592 355 3656 καὶ
402 3584 437 3653 ὅ
482 3586 624 3666 υἱός
666 3611 794 3672 μου
838 3597 944 3653 καὶ
993 3584 1105 3653 διὰ
1146 3589 1262 3671 τῆς
1292 3582 1636 3673 εὐημερίας
1665 3581 1849 3672 ἡμῶν
1883 3580 1917 3650 ὅ
1947 3596 2091 3664 τοῖς
2119 3586 2351 3671 νόμοις
2382 3588 2579 3673 ἐγνω-

381 3808 403 3837 ⁹
435 3811 559 3874 Epit.
596 3809 876 3873 simpliciter
907 3803 1000 3856 καὶ
1035 3800 1092 3856 οἱ
1121 3800 1463 3873 κληρονόμοι.
1642 3803 1680 3831 ¹⁰
1715 3807 1834 3856 lhid.
1870 3802 1971 3866 τὴν
2002 3800 2231 3872 μἐτίαν.
2408 3805 2441 3833 ¹¹
2476 3810 2578 3859 Hoc

251 3910 303 3945 ex
325 3895 446 3959 Epit.
474 3895 651 3958 recepi.
691 3895 835 3944 Paris.
861 3893 1019 3942 1351:
1061 3882 1370 3957 ὀφείλομεν.
1514 3887 1551 3915 ¹²
1586 3891 1711 3953 Epit.
1744 3884 2100 3949 καθεκάστην.
2243 3887 2278 3915 ¹³
2312 3889 2430 3939 lbid.
2466 3890 2582 3947 τοῖς

253 3973 413 4032 ἰδίοις
448 3972 619 4044 ἡμῶν.
694 3978 752 4028 Et
786 3978 858 4027 sic
893 3975 1148 4025 infraffere
1185 3989 1270 4038 pro
1308 3967 1502 4028 οἰκεῖος
1538 3975 1680 4023 habet
1716 3966 1867 4026 ἴδιος.
2023 3970 2061 3998 ¹⁴
2097 3973 2215 4022 ibid.
2250 3968 2422 4021 πολὺν
2446 3970 2580 4045 χρό-

248 4077 350 4110 νον
381 4058 598 4122 ποιήσει
633 4054 979 4112 δυναστεύων
1010 4053 1103 4107 καὶ
1137 4051 1431 4125 εὐημερῶν.
1575 4055 1611 4082 ¹⁵
1645 4057 1766 4106 lbid.
1805 4050 1904 4115 τὴν
1940 4051 2267 4107 δυναστείαν
2301 4047 2579 4110 αὐτοῦκαὶ

251 4137 552 4214 εὐημερίαν.
632 4151 769 4198 Forte
803 4141 868 4196 τὸ
905 4136 1349 4193 δυναστεύεσθαι.
1494 4139 1531 4168 ¹⁶
1567 4141 1686 4191 lbid.
1721 4134 2021 4205 πατρίκιος.
2164 4138 2200 4167 ¹⁷
2232 4140 2355 4191 Ibid.
2390 4143 2580 4195 additur

252 4215 374 4278 οἷον
405 4224 627 4296 ἔγγονοι
659 4227 751 4281 καὶ
784 4226 1111 4295 δισέγγονοι.
1253 4225 1291 4253 ¹⁸
1323 4227 1445 4277 ibid.
1481 4220 1646 4291 μέχρι
1680 4225 1771 4275 huc
1806 4225 1913 4275 loco
1949 4225 2127 4275 rectius
2149 4224 2300 4275 deest.
2438 4221 2474 4250 ¹⁹
2509 4227 2578 4276 lb.

251 4308 517 4381 δώσομεν.
660 4314 699 4343 ²⁰
734 4317 802 4366 lb.
837 4306 1199 4365 ὕποστάσεως.
1345 4309 1380 4337 ²¹
1418 4312 1487 4361 lb.
1525 4302 1705 4375 διαβῇ.
1847 4304 1889 4335 ²²
1926 4306 1990 4357 lb.
2023 4297 2290 4375 ἀπαίρειν.
