2900 4950
333 188 451 252 168
1118 203 1236 253 con.
1274 202 1331 253 u.
1403 202 1517 253 Nov.
1552 200 1683 251 Lxx.
1721 200 1871 251 ιω.

329 352 452 439 γὰρ
495 354 604 418 καὶ
650 357 1058 437 συνέμποροι
1099 349 1176 416 τὸ
1223 349 1293 419 ἐκ
1333 352 1450 416 τοῦ
1494 349 1764 433 κέρδους
1810 339 1853 434 ἢ
1896 350 2013 434 τῆς
2057 348 2289 433 ζημίας
2332 350 2486 417 ἴσον
2529 351 2689 418 δια-

331 451 795 539 λαγχάνουσιν·
853 454 963 519 καὶ
1022 450 1368 517 συνοδῒται
1423 448 1748 527 πολλάκις
1813 443 2130 536 εὗρήματι
2195 452 2687 536 περιτυχόντες,

333 555 393 621 εἷ
435 555 543 620 καὶ
584 552 673 640 μὴ
718 546 854 618 κατ’
905 552 1052 619 ἰ’σον
1099 550 1335 637 ἔβαλον
1381 545 1483 618 ἐπ’
1534 548 1696 618 αὐτὸ
1753 549 1874 628 τὰς
1915 552 2047 616 τῶν
2094 544 2410 635 ὀμμάτων
2452 553 2687 638 βολὰς,

333 650 515 737 ὅμως
559 651 673 720 διὰ
713 652 831 740 τὴν
877 652 945 720 ἐκ
986 656 1104 739 τῆς
1149 649 1541 738 ὁδοιπορίας
1594 656 1942 720 κοινωνίαν
1984 650 2207 738 κοινὴν
2250 652 2367 739 τὴν
2409 657 2528 722 τοῦ
2575 651 2690 722 εὖ-

333 753 625 842 ρήματος
678 758 904 841 κτῆσιν
960 761 1395 842 πεποίηνται·
1460 759 1569 821 καὶ
1628 755 2117 838 συστρατιῶται
2173 754 2275 835 δὲ,
2337 754 2397 823 εἰ
2436 758 2545 822 καὶ
2590 755 2687 844 μὴ

335 858 586 935 πάντες
630 848 749 923 σὺν
795 852 1005 942 ὁμοίῳ
1047 855 1220 941 τόνῳ
1265 855 1377 924 ἐπὶ
1422 854 1577 934 τοὺς
1622 852 1903 941 ἒχθρους
1929 854 2051 933 τὰς
2075 865 2303 941 χεῖρας
2334 854 2685 936 ἐξέτειναν,

338 952 508 1023 ἀλλὰ
560 960 693 1024 τῶν
739 953 1088 1041 ἀριστείων
1130 954 1247 1041 τὴν
1293 955 1568 1042 ἰσότητα
1613 961 1910 1042 φέρουσι.
1999 956 2215 1034 καλῶς
2248 954 2390 1041 ἄρα
2431 960 2542 1025 καὶ
2585 960 2688 1044 τῷ

337 1059 609 1143 παλαιῷ
668 1058 851 1138 ἔδοξε
906 1060 1275 1144 νομοθέτῃ*
1330 1055 1447 1142 τὴν
1505 1052 1704 1142 αὐτὴν
1759 1053 2026 1140 ὑπέχειν
2070 1057 2312 1145 ποινὴν
2353 1058 2508 1138 τοὺς
2549 1083 2690 1127 πο-

339 1163 503 1247 νηρᾷ
544 1158 764 1245 γνώμῃ
813 1163 1347 1242 συναπτομένους
1399 1162 1508 1224 καὶ
1552 1162 1736 1245 κοινῇ
1780 1157 1953 1245 πρός
1994 1184 2147 1225 τινα
2186 1161 2434 1244 πρᾶξιν
2474 1186 2690 1246 τιμω-

339 1266 658 1347 ρουμένην
716 1258 895 1345 νόμῳ
948 1265 1509 1342 καθισταμένους,
1572 1258 1651 1325 ἄν
1694 1285 1768 1327 τε
1810 1265 2080 1345 γυναίου
2126 1255 2389 1349 ἁρπαγὴ
2435 1260 2513 1331 τὸ
2557 1286 2689 1329 πε-

340 1367 716 1448 πραγμένον
774 1362 906 1448 εἴη,
971 1358 1051 1427 ἄν
1104 1386 1177 1427 τε
1230 1361 1487 1448 πατρὸς
1544 1361 1625 1428 ἄν
1681 1366 1753 1427 τέ
1806 1384 1987 1440 τινος
2044 1360 2267 1447 ἑτέρου
2326 1357 2685 1448 ἀναίρεσις,

342 1463 402 1530 εἰ
456 1464 563 1529 καὶ
621 1462 710 1549 μὴ
767 1460 1011 1539 πάντες
1068 1462 1305 1548 ἐπίσης
1362 1465 1456 1548 τῷ
1512 1468 1884 1548 πραχθέντι
1938 1467 2269 1549 παρέσχον
2325 1463 2442 1552 τὴν
2507 1464 2689 1550 ἐνέρ-

341 1589 541 1649 γειαν.

519 1667 920 1750 Τοιγαροῦν5
971 1666 1079 1731 καὶ
1141 1659 1331 1750 ἡμεῖς
1388 1675 1532 1744 τοῖς
1568 1671 2281 1751 Ἴπροτεθεσπισμένοις
2334 1670 2690 1752 συμφθεγ-

343 1764 612 1851 γόμενοι
665 1766 819 1850 περὶ
880 1767 1012 1831 τῶν
1059 1762 1199 1848 ἅμα
1230 1768 1349 1833 ’καὶ
1391 1770 1662 1846 κοινῶς“
1706 1767 1951 1855 ἔφοδον
1995 1765 2161 1833 κατὰ
2206 1766 2373 1854 ζωῆς
2415 1761 2690 1853 ἀνθρώ-

344 1871 511 1933 που7
568 1873 1037 1953 πεποιημένων
1095 1862 1394 1953 ὁρίζομεν
1409 1918 1427 1947 ,
1486 1864 1658 1936 ὥστε
1700 1866 1986 1949 πάντας,
2048 1866 2296 1934 ὁπόσοι
2339 1861 2402 1933 δ’
2448 1860 2534 1937 ,ἂν
2577 1870 2687 1935 καὶ

346 1962 494 2049 εἶεν,
539 1972 656 2056 τῇ“
700 1963 863 2055 αὐτῇ
909 1967 1561 2054 καθυποβάλλεσθαι
1595 1970 1761 2057 δίκῃ,
1810 1970 1869 2037 εἰ
1897 1971 2003 2035 καὶ
2033 1968 2123 2057 μὴ
2157 1964 2472 2047 ὡσαύτως
2502 1968 2690 2055 ἐνήρ-

343 2095 537 2158 γηται
589 2068 775 2156 παρὰ
831 2069 1102 2137 πάντων
1158 2067 1198 2157 ἦ
1257 2072 1517 2156 πρᾶξις.
1609 2065 1685 2137 οὗ
1729 2070 1851 2156 γὰρ
1900 2067 2007 2137 ὅτι
2047 2069 2135 2157 μὴ
2184 2065 2383 2149 αὐτός
2424 2095 2527 2149 τις
2568 2069 2688 2157 τὴν

339 2183 530 2257 χεῖρα
582 2167 1001 2258 ὖπουργῆσαι
1054 2174 1148 2258 τῷ
1204 2172 1483 2259 θανάτῳ
1546 2177 1946 2258 παρέσχετο,
2014 2172 2127 2238 διὰ
2191 2175 2387 2238 τοῦτο
2457 2166 2690 2258 άθιῖος

347 2268 622 2339 ἀπιέναι
664 2272 1029 2357 δυνήσεται.
1119 2278 1187 2338 τί
1227 2272 1380 2358 γὰρ,
1441 2273 1502 2340 εἰ
1544 2278 1653 2339 καὶ
1691 2271 1781 2361 μὴ
1826 2272 1943 2360 τὴν
1991 2271 2165 2339 ἰδίαν
2210 2271 2461 2354 δεξιὰν,
2521 2268 2691 2339 ἀλλὰ

345 2373 462 2461 τὴν
508 2373 729 2460 ἑτέρου
776 2373 1059 2440 ἓτόνωσε
1100 2373 1272 2460 πρὸς
1315 2373 1430 2459 τὴν
1477 2369 1851 2460 άναίρεσιν;
1913 2369 2020 2440 ὅτι
2060 2371 2183 2459 γάρ
2228 2369 2268 2461 ἦ
2313 2373 2428 2440 τὸν
2463 2372 2691 2441 θάνα-
2748 2374 2763 2387 ’

346 2499 460 2542 τον
515 2477 1066 2561 καταπραξαμένη
1119 2478 1258 2561 χεὶρ
1314 2471 1451 2544 ὑπὸ
1507 2481 1623 2565 τῆς
1676 2479 1900 2563 κοινῆς
1953 2482 2279 2563 πονηρίας
2345 2481 2686 2564 κινουμένη

345 2575 463 2664 τὴν
528 2577 773 2662 πρᾶξιν
839 2575 1185 2661 ἐτόλμησε,
1256 2579 1471 2665 δῆλον.
1563 2574 1679 2645 οὐκ
1732 2572 1811 2644 ἂν
1867 2577 2021 2663 γὰρ,
2070 2577 2144 2645 ἐἰ
2183 2576 2272 2664 μὴ
2320 2576 2691 2664 συνεκρότει

345 2677 549 2765 ταύτῃ
596 2681 727 2744 τῶν
773 2676 988 2744 ἄλλων
1031 2674 1070 2767 ἦ
1117 2679 1500 2767 συνδρομὴζ
1550 2681 1775 2767 ἑτοίμη
1824 2677 2030 2767 ὤφθη
2075 2682 2168 2765 τῷ
2216 2678 2401 2766 φόνῳ
2446 2675 2690 2765 ὑπηρε-

347 2778 709 2865 τήσασθαι.
800 2779 912 2845 διὰ
963 2781 1158 2846 τοῦτο
1215 2781 1446 2860 καθὼς
1502 2783 1759 2869 εἴρηται
1813 2779 2072 2859 πάντας
2128 2779 2245 2869 τὴν
2291 2775 2490 2868 αὐτὴν
2531 2775 2690 2868 ὖφί·

350 2885 649 2946 στασθαι
692 2879 1040 2966 εἴσπραξιν
1094 2885 1210 2970 τῆς
1264 2884 1445 2970 δίκης
1500 2881 1978 2970 ψηφιζόμεθα,
2034 2876 2153 2948 κᾶν
2211 2877 2302 2960 ὥς
2360 2880 2531 2961 εἰκὸς
2574 2881 2687 2948 ἐπὶ

346 2982 507 3064 μιᾶς
549 3005 728 3061 τινος
770 2983 1024 3071 πληγῆς
1066 2982 1142 3048 τὸ
1187 2990 1425 3053 θανεῖν
1472 2979 1839 3072 ἀπαντήσῃ,
1891 2986 2024 3051 τῶν
2071 2978 2135 3049 δ’
2184 2981 2401 3051 ἄλλων
2446 2984 2518 3050 αἱ
2554 2992 2690 3068 χεῖ-

349 3107 459 3168 ρες
502 3075 578 3148 οὗ
625 3083 1114 3171 συνεφήψαντο.

484 3337 507 3365 ⁴
543 3339 760 3388 Laudant
794 3341 825 3389 1.
864 3340 909 3390 2.
948 3341 994 3391 6.
1033 3343 1062 3391 7
1101 3344 1156 3392 D.
1194 3344 1254 3392 ad
1290 3342 1320 3392 1.
1359 3344 1570 3407 Pompej.
1609 3344 1668 3392 de
1703 3344 1927 3406 parricid.
1962 3343 1994 3394 1.
2034 3341 2099 3392 28
2136 3337 2185 3405 ᾖ.
2216 3339 2276 3389 10
2314 3341 2369 3391 D.
2409 3340 2468 3390 de
2503 3343 2689 3404 poenis.

353 3424 382 3472 Ι.
421 3437 501 3472 uu.
540 3423 592 3473 C.
630 3424 689 3471 de
726 3431 863 3487 raptu
898 3425 1008 3486 virg.
1079 3427 1191 3475 Nov,
1225 3426 1481 3476 lustiniani
1523 3426 1619 3476 ¹34
1656 3444 1697 3476 c.
1727 3426 1802 3479 13.
1982 3423 2002 3452 ⁸
2036 3428 2135 3477 lue.
2172 3424 2363 3487 Eclogn.
2533 3420 2556 3450 ⁶
2592 3424 2687 3474 Eel.

349 3505 522 3571 κοινῇ.
686 3505 703 3531 ⁷
739 3507 837 3557 Ecl.
875 3502 1202 3576 ἀνθρώπων.
1368 3509 1390 3537 ⁰
1425 3511 1524 3560 Ecl.
1560 3504 1620 3559 ἐν
1655 3509 1734 3576 τῇ.
1888 3510 1910 3539 ⁹
1946 3511 2087 3562 Basil.
2123 3504 2173 3560 εἴ
2203 3504 2280 3577 μὴ
2320 3509 2687 3578 συνεκροτεῖτο

351 3584 503 3658 παρὰ
537 3588 634 3649 τῆς
667 3590 780 3640 ταῖν
815 3586 1351 3660 ἄλλωνσυνδρομῆς.
