2900 4950
343 233 425 295 32
1155 244 1273 296 con.
1311 244 1346 295 1.
1419 244 1537 294 κον.
1571 241 1894 293 xvii—xxii.

1322 394 1496 455 NOV.
1542 392 1718 454 XVII.

1260 512 1406 592 Imp.
1452 510 1773 585 Tiberii,

1318 623 1385 675 ut
1427 613 1707 674 videtur¹.

1082 744 1265 843 Περὶ
1318 751 1973 842 na9a0n091r152r2.

1332 867 1470 928 Non
1515 878 1699 928 extat.

1299 1116 1472 1177 NOV.
1519 1116 1719 1179 XVIII.

1213 1235 1361 1315 Imp.
1435 1235 1816 1307 Tiberii,

398 1348 464 1400 ut
504 1338 749 1412 videtur,
798 1339 955 1418 quod
1000 1337 1449 1418 praesidatibuS‚
1499 1357 1616 1399 non
1662 1348 1855 1400 autem
1901 1336 2270 1417 praesidibus
2313 1336 2637 1418 imperator

1359 1439 1629 1501 rescribit
1646 1443 1682 1500 ¹.

407 1571 571 1649 “Ore
622 1578 783 1655 ταῖς
824 1573 1087 1668 ἀρχαῖς
1131 1573 1277 1646 ἀλλ’
1335 1574 1427 1647 οὐ
1472 1578 1625 1654 τοῖς
1670 1566 2031 1668 ἄρχουσιν
2077 1568 2515 1674 ἀντιγράφει
2562 1571 2601 1645 ὃ

1331 1692 1703 1786 βασιλεύς.

1330 1810 1470 1874 Non
1514 1823 1704 1874 extat.

1331 2063 1503 2125 NOV.
1551 2063 1700 2124 XIX.

1230 2182 1379 2263 Imp.
1425 2183 1799 2260 Maurieii,

954 2293 1021 2346 ut
1062 2285 1435 2347 metatoricae
1484 2286 1693 2348 domus
1738 2285 2067 2348 tollantur-¹.

326 2417 666 2495 Ἔὸικτον
693 2418 1094 2516 μαυρικίου
1125 2419 1457 2516 τιβερίου
1493 2418 1861 2517 προτεθὲν
1900 2406 2053 2505 τοῖς
2088 2446 2697 2497 κωνσταντινου-

343 2539 673 2622 πολίταις
724 2531 1413 2636 παρὰκελευόμενον
1472 2539 1953 2636 ἀναιρεῖσθαι
2011 2539 2144 2623 τὰς
2202 2539 2698 2637 μεῖαιορικᾶς

1349 2655 1685 2752 οἰκήσεις.

1327 2777 1466 2839 Νοη
1512 2789 1699 2840 emtat.

1272 2925 1359 2932 --—--

1347 3030 1519 3092 NOV.
1566 3032 1688 3093 XX.

1242 3150 1387 3229 Imp.
1449 3151 1786 3213 Maurieii

831 3251 905 3311 de
950 3251 1061 3323 hie,
1108 3251 1204 3331 qui
1253 3250 1544 3333 lapidibus
1590 3255 1842 3333 aliquem
1890 3253 2147 3316 obruunt
2167 3254 2201 3315 ¹.

750 3383 1183 3478 Μαυρικίου
1233 3384 1396 3481 περὶ
1447 3394 1603 3461 τῶν
1651 3384 2286 3485 λιθοβολούντων.

887 3508 890 3511 ’
1332 3522 1471 3586 Non
1516 3535 1701 3587 emtat.

480 3664 494 3691 ¹
532 3666 601 3715 Cf.
637 3667 749 3716 Nor.
789 3669 881 3717 xiv
921 3677 1019 3719 not.
1064 3671 1104 3720 l.
1253 3671 1274 3698 ²
1310 3675 1585 3724 Heimbaeh.
1624 3675 1671 3724 iu
1709 3676 1915 3726 Richteri
1951 3678 2112 3727 Jahrb.
2152 3678 2206 3728 VI
2244 3692 2289 3741 p.
2326 3677 2428 3728 964
2464 3678 2552 3740 legi
2589 3679 2697 3730 vult

343 3745 467 3815 περὶ
500 3748 931 3818 παρασπορὶων,
989 3756 1118 3819 quod
1166 3771 1221 3806 ex
1272 3758 1476 3809 Labbaei
1517 3760 1699 3810 Glossis
1746 3775 1791 3825 p.
1830 3762 1860 3811 5
1909 3763 2249 3825 interpretatur
2293 3762 2389 3825 „de
2425 3763 2570 3813 rebus
2607 3777 2695 3812 ca-

343 3838 611 3887 strensibus
649 3853 688 3888 ε.
725 3839 771 3886 in
811 3840 980 3889 castris
1016 3840 1317 3904 acquisitis“.
1389 3843 1485 3893 Sed
1532 3845 1675 3894 lectio
1712 3845 2177 3912 παρασποριτιῦν,
2228 3861 2372 3911 quam
2420 3862 2477 3898 ex
2524 3848 2696 3899 Mater-i

345 3921 537 3970 schedis
572 3923 765 3985 protuli,
802 3923 871 3974 vel
909 3924 1011 3989 ipsa
1047 3925 1191 3977 dubia
1220 3934 1307 3977 est.
1378 3928 1592 3979 Blumius
1629 3931 1772 3992 legit:
1809 3925 1935 3994 περὶ
1967 3945 2152 3998 παρα.
2179 3966 2193 3980 .
2219 3946 2443 3999 ηρινων.

478 4002 493 4029 ¹
530 4005 599 4055 CI.
636 4008 748 4058 Nov.
786 4010 881 4058 xlv
918 4018 1016 4059 not.
1060 4011 1103 4060 t.

343 4171 378 4221 Β
477 4085 492 4113 ¹
527 4088 680 4139 Etiam
717 4093 803 4141 has
839 4094 1192 4158 deperditarum
1237 4097 1535 4148 Novellerum
1581 4099 1796 4149 rubricas
1831 4099 2097 4152 Marcianus
2135 4101 2297 4153 Codex
2331 4102 2543 4152 servavit.
2615 4100 2694 4153 ct.

384 4171 517 4222 iener
550 4173 583 4222 Ι.
620 4173 651 4223 Ι.

478 4253 494 4281 ¹
532 4255 602 4307 Cf.
639 4258 750 4309 Nov.
789 4261 883 4311 xlv
920 4268 1019 4313 not.
1063 4266 1104 4313 1.
