2900 4950
1254 285 1609 348 Prot-gomae.
2486 290 2590 335 xm

429 434 496 497 ln
544 432 807 497 ecclesiis
849 442 909 497 et
950 434 1325 498 monasteriis
1357 435 1596 498 Graecis
1640 434 1887 516 plurima
1933 436 2061 517 ejus
2100 438 2329 516 generis
2369 439 2589 503 instru-

262 545 456 599 menta
510 536 825 599 hodiedum
885 546 1225 611 servantur,
1281 538 1367 599 vel
1410 536 1616 600 saltem
1662 538 1998 617 apographa
2045 556 2243 601 eorum
2287 540 2346 601 in
2388 539 2588 606 κωδι-

261 640 460 715 κίοις,
518 657 670 718 quae
724 648 963 711 vocant,
1023 637 1331 700 habentur.
1420 638 1504 699 lta
1563 657 1612 699 v.
1658 656 1710 699 c.
1755 638 1815 698 in
1864 637 2205 701 bibliotheca
2251 643 2584 704 monasterii

260 739 378 803 τοῦ
434 734 942 822 σταυρονικήτου
1000 739 1059 799 in
1119 748 1315 800 monte
1373 740 1598 801 Athone
1645 739 1841 801 Codex
1895 749 1987 802 est
2041 742 2378 803 chartaceus
2433 761 2585 805 saec.

261 841 461 913 XVW,
532 840 632 920 qui
697 840 1033 920 apographa
1099 840 1359 902 continet
1416 840 1748 902 ultimarum
1806 840 2162 904 voluntatum
2217 843 2589 906 Jeremiae

262 942 645 1022 patriarchae,
693 941 906 1020 quibus
951 941 1061 1002 hoc
1104 941 1521 1004 monasterium
1568 941 1871 1003 innodatum
1918 941 2004 1003 vel
2047 952 2431 1006 restauratum
2477 954 2585 1006 est.

261 1041 565 1107 Κωόίκια
608 1041 896 1121 ejusmodi
944 1043 1223 1104 nonuulla
1258 1043 1318 1103 in
1350 1043 1743 1104 occidentales
1770 1042 2149 1106 bibliothecas
2177 1046 2396 1125 perlata
2427 1056 2586 1122 sunt,

260 1144 435 1207 veluti
483 1141 886 1223 diplomataria
921 1144 1408 1205 monasteriorum
1438 1143 1860 1204 Macrinitissae
1890 1153 1949 1204 et
1977 1146 2050 1205 ad
2080 1157 2333 1209 montem
2365 1147 2587 1209 Lembo

260 1244 322 1306 in
368 1243 797 1305 Cod.'1’aurin.
844 1246 964 1307 237
1022 1253 1081 1305 et
1142 1244 1309 1304 Vind.
1367 1236 1504 1306 hist.
1559 1263 1648 1324 gr.
1694 1247 1796 1310 68.
1885 1243 2047 1317 Quae
2098 1265 2234 1308 vero
2291 1248 2436 1327 typis
2492 1267 2592 1310 ex-

264 1363 472 1426 pressa
517 1344 653 1416 sint,
702 1344 809 1405 tria
855 1353 1082 1405 tautum
1133 1344 1259 1405 novi
1306 1345 1480 1405 haec.

441 1464 493 1524 1.
542 1460 998 1527 instrumentum
1046 1462 1373 1523 securitatis
1417 1462 1537 1524 sive
1582 1463 1827 1543 apocha,
1880 1482 2036 1524 auno
2082 1462 2153 1524 tv
2193 1464 2421 1546 imperii
2467 1465 2592 1527 He-

263 1562 518 1636 raclii,
1803 1620 1812 1631 .

432 1667 491 1729 2.
560 1664 1019 1726 lustramentum
1066 1664 1371 1726 locationis
1416 1683 1762 1745 operarum,
1808 1684 1965 1726 anno
2009 1666 2090 1729 111
2134 1666 2362 1747 imperii
2405 1667 2591 1729 Pho·

262 1783 422 1838 cae,
466 1799 554 1810 —
598 1774 910 1845 utrumque
956 1766 1016 1826 iu
1060 1783 1283 1845 papyro
1328 1767 1633 1847 scriptum,
1681 1786 1749 1828 ex
1781 1768 2035 1848 Aegypto
2078 1767 2139 1829 in
2185 1768 2590 1831 bibliothecam

260 1866 701 1953 Berolinensem
746 1854 1122 1941 translatum,
1166 1868 1506 1948 editumque
1550 1887 1582 1929 a
1629 1868 1717 1928 W.
1762 1869 1827 1930 Α.
1871 1869 2205 1932 Schmidt
2260 1870 2592 1932 Forscbun-

261 1982 373 2049 gen
419 1971 524 2030 auf
560 1970 693 2030 dem
741 1968 980 2030 Gebiete
1025 1969 1130 2029 des
1174 1967 1554 2031 Alterthums..
1638 1969 1747 2031 Th.
1795 1969 1839 2030 1.
1927 1970 2120 2032 Berlin
2171 1974 2351 2036 1842.

430 2076 490 2135 3.
535 2070 995 2131 lustramentum
1040 2069 1533 2150 emphyteuseos,
1575 2069 2024 2133 Thessalonicae
2068 2091 2119 2132 a.
2160 2073 2317 2137 1217
2362 2074 2594 2134 cousec-

138 2229 142 2233 .
263 2181 420 2243 tum,
480 2172 635 2251 quod
695 2171 822 2252 ipse
880 2171 1036 2232 edidi
1082 2170 1140 2231 in
1190 2170 1614 2252 Supplemento
1659 2170 1931 2233 editionis
1977 2172 2354 2234 Basilicorum
2398 2173 2594 2234 110110-

260 2273 582 2335 bachianae
629 2274 813 2355 (Lips.
863 2275 1052 2347 1846)
1098 2292 1156 2352 p.
1188 2272 1259 2334 lv
1291 2291 1380 2351 sq.

432 2373 560 2435 Duo
604 2374 699 2435 illa
743 2375 1155 2449 instrumenta,
1201 2392 1352 2453 quae
1394 2372 1456 2433 in
1502 2371 1972 2452 ephemeridibus
2000 2364 2595 2460 Ἑλληνοιινήμων
2550 2398 2590 2458 η

263 2473 592 2558 συμμικτὰ
650 2473 953 2561 ἑλληνικά
997 2476 1264 2549 (Athenis
1314 2477 1756 2548 1843—1847)
1815 2476 2283 2558 Mustoxydes
2338 2477 2593 2538 edidisse

262 2577 494 2651 dicitur,
541 2597 616 2638 an
661 2578 777 2639 buc
820 2578 1174 2658 pertineant,
1219 2595 1336 2638 nou
1384 2560 1749 2657 compertum
1772 2577 1977 2639 habeo.
2043 2578 2366 2659 Diplomata
2399 2587 2593 2640 autem

260 2698 503 2760 graeca,
561 2697 711 2759 quae
766 2678 1241 2741 Montl'aucon
1302 2679 1598 2758 Palaeogr.
1643 2698 1731 2757 gr.
1779 2699 1835 2759 p.
1868 2683 1983 2743 391
2049 2689 2108 2742 et
2168 2679 2418 2741 Giulio
2465 2679 2594 2741 Mi-

259 2780 559 2842 nervini
621 2781 726 2852 (In
770 2781 802 2842 1
817 2781 854 2840 V
893 2800 1110 2861 yraeca
1165 2780 1495 2861 diplomata
1537 2799 1699 2841 niano
1738 2785 2002 2861 primum
2046 2784 2201 2845 edita
2245 2786 2596 2844 annotatio-

258 2901 394 2945 nes.
486 2881 745 2961 Neapoli
791 2884 973 2954 1840)
1021 2881 1350 2954 ediderunt,
1398 2880 1470 2941 ad
1521 2880 1778 2941 Graecos
1823 2883 1882 2943 in
1914 2883 2381 2945 Normaunorum
2413 2902 2594 2963 reguo

256 2979 652 3059 Neapolitano
698 2991 756 3041 et
798 2975 1027 3042 Siciliae
1068 2980 1325 3043 viventes
1369 2990 1659 3060 spectant.

440 3080 745 3142 Caeterum
803 3080 914 3141 hac
968 3082 1275 3142 occasione
1332 3082 1465 3142 data
1523 3080 1828 3160 subjiciam
1887 3099 1956 3141 ex
2015 3082 2156 3144 Cod.
2202 3083 2382 3145 Paris.
2435 3085 2596 3150 1788

258 3181 363 3245 sol.
396 3184 523 3247 256
567 3182 897 3262 exemplum
944 3189 1245 3261 pactorum
1292 3181 1571 3243 dotalium
1617 3180 1861 3261 duplex:
1906 3179 2149 3241 alterum
2196 3183 2388 3244 dotem
2422 3185 2601 3246 aesti-

260 3294 478 3345 matam
536 3282 742 3358 habet,
809 3284 1055 3346 alterum
1114 3283 1213 3357 (de
1269 3301 1386 3364 quo
1441 3282 1503 3344 in
1560 3282 1740 3359 notis)
1797 3300 1918 3343 non
1985 3281 2365 3344 aestimatam.
2451 3285 2597 3346 lllud

258 3384 350 3448 sic
391 3385 580 3448 audit:

266 3641 396 3702 neg„
432 3641 515 3704 qui
552 3646 650 3689 tum
688 3642 918 3704 temporis
955 3655 1155 3691 numero
1187 3640 1313 3692 1904
1350 3641 1606 3704 insignitus
1641 3640 1747 3702 fuit,
1784 3640 1873 3689 sub
1911 3640 2048 3690 titulo
2086 3636 2264 3694 Τόπος·
2297 3637 2486 3708 τέχνης·
2504 3642 2603 3702 τῆς

265 3724 380 3774 τῶν
410 3721 784 3793 γραμματέων
820 3733 978 3775 extare
1014 3733 1189 3776 narrat.
1261 3726 1312 3775 ln
1350 3726 1454 3788 ipso
1494 3725 1740 3775 Glossario
1777 3739 1817 3775 s.
1853 3741 1916 3775 vv.
1954 3716 2191 3792 ἇερικόν,
2249 3718 2597 3791 ἅκρόστιχον,

261 3805 495 3873 βλησῖδι,
533 3802 836 3866 mnndum,
872 3802 1054 3877 μισός,
1091 3807 1351 3875 potiores,
1389 3807 1629 3865 adactor,
1670 3806 2007 3865 sacramenti,
2045 3811 2229 3874 rarat,
2269 3803 2597 3877 ὖπέρπυρον,

263 3886 853 3959 ὖποβολοθεώρητρον,
904 3887 1153 3961 φᾶκτον,
1185 3887 1641 3961 χαριστικάριον,
1679 3887 1989 3959 ψυχάριον,
2027 3893 2153 3942 loliis
2196 3894 2334 3943 161·-
2370 3895 2461 3946 169
2497 3895 2601 3960 ejus

267 3979 459 4028 Codicis
497 3980 581 4027 has
618 3977 846 4029 formulas
882 3979 1083 4029 indicari
1120 3985 1289 4027 auctor
1326 3985 1426 4027 est:
1466 3977 1717 4027 formulam
1755 3985 2001 4040 pactorum
2039 3977 2292 4039 dotalium,
2328 3969 2490 4032 ἄτιτος
2522 3974 2603 4027 ἐκ·

269 4057 474 4117 δόσεως
507 4055 749 4130 ἀμπέλου
782 4054 871 4130 ἐφ’
912 4055 1273 4132 ἧμισαρικόν,
1327 4051 1492 4115 &noc
1525 4056 1891 4109 πακτιωτικὸν
1923 4055 1997 4115 εἷς
2029 4061 2231 4122 κῆπον,
2271 4056 2430 4116 ἄτιτος
2465 4055 2604 4112 ἐλευ-

267 4143 459 4218 θερίας
491 4143 789 4215 maclou,
825 4141 1066 4214 ἔπαλμα
1100 4140 1430 4213 πρακτικόν,
1470 4138 1798 4194 συστατικὸν
1834 4138 2016 4213 ἱερέως
2050 4138 2082 4194 ὃ
2114 4145 2264 4197 ποιεῖ
2292 4140 2596 4200 ἐπίσκοπος.

269 4233 518 4284 Caeterum
568 4249 712 4297 quem
760 4247 1011 4283 numerum
1062 4232 1102 4281 is
1140 4231 1299 4281 Codex
1349 4230 1495 4280 hodie
1529 4243 1645 4295 prae
1680 4243 1735 4278 se
1768 4230 1902 4294 ierat,
1939 4232 2212 4294 ignoratur:
2264 4232 2603 4283 cf.··ltlortrenil

270 4317 333 4367 111
367 4333 414 4383 p.
436 4318 554 4368 348.
625 4319 864 4368 Numerus
898 4318 1105 4368 fortasse
1141 4332 1195 4367 ex
1233 4329 1291 4366 eo
1329 4315 1550 4367 extricari
1584 4313 1786 4378 poterit,
1838 4316 1966 4379 quod
2004 4315 2158 4366 eidem
2196 4316 2361 4367 Codici
2397 4315 2604 4366 Hei-onis

276 4401 590 4455 Geodaesiam
623 4404 788 4454 inesse
821 4402 1094 4465 Ducangius
1128 4401 1291 4452 refert.
1464 4396 1506 4427 ²⁰
1541 4399 1612 4450 Cf.
1642 4389 1925 4449 Ἆνέκδοτα
1957 4413 2064 4451 mea
2098 4400 2298 4465 p.xvn.
