2900 4950
1187 258 1304 321 Jmp.
1343 259 1535 308 Leonis.
2408 243 2531 306 217

188 405 388 485 κότας
426 403 546 492 τὴν
591 403 839 471 οἰκείαν
884 402 1131 470 εἰδέναι
1171 408 1420 487 κρίσιν,
1476 396 1630 487 μεθ’
1678 391 1757 490 ἧς
1810 401 1929 470 ἐπὶ
1968 401 2046 469 τό
2093 402 2305 488 δόγμα
2345 409 2535 471 κατέ-

189 513 481 593 στησαν),
528 504 702 591 πρὸς
747 505 819 571 δὲ
861 504 940 569 τὸ
985 513 1315 587 συναιρεῖν
1358 505 1469 570 καὶ
1511 510 2008 571 κατατίθεσθαι
2053 500 2093 570 ὅ
2133 529 2202 571 τι
2243 504 2331 591 μὴ
2380 527 2534 591 συγ-

188 612 621 684 καταθέσεως
663 604 815 689 ἐμοὶ
856 602 1043 685 ἄξιον
1088 599 1168 671 ἂν
1212 598 1588 691 ἀπέφηνενο
1631 601 1666 670 ὅ
1711 605 1939 690 νόμος,
2001 600 2078 671 οὗ
2128 603 2529 690 προάγομαι.

187 708 265 774 τὸ
306 708 431 794 γὰρ
475 706 750 775 κωλύειν
791 707 913 789 μὲν
956 704 1103 771 διὰ“’
1149 706 1622 791 προλαβοῦσαν
1677 703 1801 794 ἤδη
1858 713 2100 790 μανίαν
2142 704 2258 772 τὸν
2299 705 2529 792 γάμον,

191 809 468 897 φάσκειν
514 808 588 875 δὲ
629 806 833 894 μηδὲν
879 801 1079 873 αὐτὸν
1125 800 1515 873 ἀδικεῖσθαι
1568 814 2116 893 μεταγενεστέρας
2159 810 2275 873 τοῦ
2319 806 2531 892 γάμου

188 913 304 997 τῆς
345 915 589 994 μανίας
634 902 1178 994 ἀποφανθείσης,
1244 910 1394 986 πῶς
1450 902 1565 974 οὗκ
1622 903 1945 976 αύτόθεν’
1987 903 2160 996 ἡμᾶς
2199 907 2373 994 πρὸς
2413 906 2531 995 τὴν

192 1009 680 1096 συγκατάθεσιν
727 1002 1123 1090 ἀναπείθεις
1190 1008 1249 1075 εἰ
1301 1008 1424 1094 γὰρ
1483 1005 1519 1074 ὃ
1563 1008 1773 1095 γάμος
1816 1009 1930 1077 ἐπὶ
1973 1013 2158 1096 κοινῇ
2201 1012 2334 1075 τῶν
2378 1032 2533 1076 συν-

192 1116 585 1195 απτομένων
632 1104 921 1197 ὠφελείᾳ
966 1116 1414 1177 συνίστασθαι
1457 1110 1796 1196 βούλεται,
1865 1112 2013 1188 πῶς
2069 1105 2105 1174 ὃ
2158 1108 2276 1196 τὴν
2332 1103 2530 1197 ἀρχὴν

193 1209 286 1290 ὥς
326 1206 718 1300 ἀσύμφορον
763 1206 1165 1296 ἀποτρέπων
1210 1215 1561 1306 συστῆναι,
1617 1214 1735 1278 τοῦ
1791 1205 1991 1277 αύτοῦ
2049 1209 2533 1293 ἐναντιώματος

190 1312 361 1398 μετὰ
402 1312 520 1400 τὴν
565 1312 928 1400 συνάφειαν
973 1307 1433 1397 ἀνακύψαντος
1478 1307 1594 1379 οὗκ
1637 1307 2011 1397 ἀποτρέψει
2051 1309 2168 1396 τὴν
2213 1310 2530 1378 σύστασιν

193 1410 288 1493 ὥς
329 1412 417 1500 μὴ
465 1419 962 1501 συμφέρουσαν,·
1017 1409 1061 1500 ἢ
1100 1419 1382 1498 βοηθεῖν
1423 1416 1546 1496 μὲν
1584 1413 1736 1534 χρὴ,
1797 1408 1984 1492 ὅπως
2034 1410 2124 1499 μὴ
2168 1410 2285 1499 τὴν
2331 1405 2530 1497 ἀρχὴν

196 1509 451 1602 ὀφθείη
506 1514 607 1593 τὶς
662 1515 756 1594 εἰς
808 1518 1005 1581 κακοῦ
1067 1524 1310 1601 πεῖραν
1366 1513 1726 1595 καταστὰς,
1791 1511 2246 1599 περιπεσόντα
2300 1514 2371 1579 δὲ
2433 1515 2528 1599 τῷ

191 1619 375 1702 κακῷ
428 1614 946 1738 καταλιμπάνειν
1003 1610 1383 1703 ἀβοήθητον
1438 1618 1547 1683 καὶ
1599 1614 1689 1702 μὴ
1745 1619 1862 1703 τῆς
1915 1616 2376 1700 ταλαιπωρίας
2430 1613 2531 1680 οἰ-

192 1724 473 1802 κτείρειν
518 1711 751 1800 αὐτόν,
798 1713 1026 1802 ω’σπερ
1072 1719 1137 1785 εἰ’
1174 1743 1277 1797 τις
1319 1721 1428 1785 καὶ
1474 1740 1609 1803 προ
1627 1717 1771 1800 ’μὲν
1813 1720 1931 1784 τοῦ
1976 1717 2151 1803 νόσῳ
2187 1717 2532 1804 ληφθῆναί

192 1843 346 1885 τινα
402 1818 542 1886 δεῖν
597 1818 812 1885 οἴεται
865 1818 1227 1904 προσάγειν
1281 1818 1398 1905 τὴν
1444 1818 1858 1903 ἐπιμέλειαν,
1923 1823 2412 1901 κατασχεθέντα
2456 1818 2529 1883 δὲ

193 1918 510 2005 θνήσκειν
564 1917 707 2000 ἐᾶν,
767 1914 1227 2006 ἀπαγορεύσας
1279 1917 1396 2006 τὴν
1448 1925 1841 2004 θεραπείαν.
1931 1914 2100 1986 ἀλλὰ
2146 1920 2300 2003 γὰρ,
2359 1914 2527 2002 ὅπερ

198 2014 411 2100 εἶπον,
461 2019 969 2108 ἐπιμέμφεσθαι
1009 2023 1130 2106 μὲν
1172 2031 1317 2098 τοῖς
1360 2025 1763 2105 νομοθέταις
1806 2014 1922 2086 ούκ
1964 2019 2119 2102 ἔχω,
2167 2020 2531 2105 σύμψηφος

200 2122 275 2187 δὲ
314 2119 579 2199 τούτοις
622 2116 792 2189 εἶναι
832 2124 1087 2189 πολλοῦ
1129 2148 1203 2209 γε
1243 2125 1351 2189 καὶ
1398 2123 1546 2201 δέω,
1592 2119 1704 2187 καὶ
1742 2120 2035 2206 μάλιστα
2074 2121 2345 2187 πολλῶν
2390 2119 2530 2185 ἑτέ-

188 2247 325 2306 ρων
379 2220 649 2308 τρόπων
704 2223 875 2309 πρὸς
927 2230 1281 2311 μνηστείας
1335 2222 1524 2290 λύσιν
1577 2222 2126 2307 διατεταγμένων,
2176 2210 2267 2289 ὧν
2311 2215 2529 2298 οὐδεὶς

190 2321 366 2408 πρὸς
405 2322 484 2389 τὸ
524 2323 815 2406 χαλεπὸν
855 2328 972 2411 τῆς
1011 2331 1253 2410 μανίας
1306 2324 1400 2404 εἰς
1457 2322 1792 2411 σύγκρισιν
1838 2322 2091 2403 aurbs-⁹
2133 2323 2522 2409 παρελθεῖν.

188 2422 270 2489 τὸ
309 2423 431 2511 γὰρ
478 2424 592 2492 διὰ
631 2424 748 2513 τὴν
790 2429 907 2493 τοῦ
950 2430 1319 2515 μνηστῆρος
1366 2420 1726 2508 ἀσωτείαν,
1784 2421 1827 2512 ἢ
1884 2424 1996 2494 διὰ
2049 2423 2128 2491 τὸ
2188 2423 2354 2492 κατὰ
2408 2422 2526 2512 τὴν

188 2531 425 2592 πίστιν
472 2524 825 2613 διάφορον,
882 2521 926 2614 ἢ
971 2527 1083 2594 διὰ
1124 2526 1202 2594 τὸ
1246 2524 1728 2614 πρὸς’ὃμιλίαν
1771 2527 1888 2616 τὴν
1942 2525 2222 2615 φυσικὴν
2267 2524 2526 2610 ἄπορον

188 2629 301 2693 καὶ
346 2621 820 2715 ἀνεπιτήδειον,
866 2631 974 2695 καὶ
1021 2630 1085 2696 εἴ
1122 2655 1191 2697 τι
1220 2630 1440 2715 ἕτερον
1470 2629 1732 2708 τούτοις
1762 2636 2277 2715 συναριθμεῖται
2301 2652 2527 2713 κεκτη-

191 2734 391 2812 μένον
438 2727 617 2811 ἰσχὺν
663 2729 833 2814 πρὸς
875 2730 1086 2815 γάμου
1133 2730 1488 2812 διάζευξιν,
1541 2726 1685 2797 οἷον
1731 2730 1790 2797 εἰ
1805 2734 1847 2766 ¹⁰
1891 2732 2192 2817 δουλικῆς
2237 2725 2528 2816 ἀναφαί-

189 2852 377 2897 νοιτο
418 2828 611 2915 τύχης
655 2826 690 2895 ὁ
733 2832 1268 2918 μνηστευόμενος,
1318 2834 1377 2900 εἰ
1418 2836 1551 2899 τῶν
1595 2828 2059 2917 ύπεσχημένων
2111 2831 2179 2898 ἐν
2221 2842 2366 2910 τοῖς
2407 2855 2527 2916 γα-

188 2940 415 3014 μικοῖς
458 2931 843 3018 συμφώνοις
886 2933 957 3013 ἐξ
998 2927 1287 3070 ἀπορίας
1327 2933 1416 3019 μὴ
1462 2932 1769 3016 πρόεισιν
1812 2928 1878 3018 ἡ·
1867 2933 2262 3012 -τελείωσις,
2316 2935 2527 2999 ταῦτα
2579 3006 2585 3013 ,

190 3055 308 3097 ουν
352 3033 462 3097 καὶ
507 3030 590 3098 τὰ
632 3033 1091 3121 παραπλήσια,
1139 3032 1210 3101 ἃ·
1220 3032 1778 3117 ιδιανενόμισται
1800 3032 1935 3154 “tipo
1979 3032 2252 3117 γαμικὴν
2289 3056 2525 3099 κοινω-

187 3137 340 3199 νίαν
397 3131 716 3213 διαλύειν,
775 3138 909 3200 ποῦ
963 3134 1135 3221 πρὸς
1187 3134 1305 3222 τὴν
1361 3133 1711 3223 συμφορὰν
1752 3138 1870 3222 τῆς
1909 3140 2150 3219 μανίας
2193 3129 2363 3210 ὅλως
2406 3131 2523 3218 τὴν
2615 3194 2620 3201 ,

188 3232 529 3318 σύγκρισιν
573 3228 989 3318 ἀναδέχεταις

367 3339 732 3420 Τοιγαροῦν
761 3337 1170 3422 θεσπίζομεν
1200 3334 1388 3424 ἡμεῖς
1417 3340 1573 3422 περὶ
1601 3340 1719 3424 τῆς
1751 3336 1920 3423 μετὰ
1946 3334 2061 3402 τὸν
2090 3333 2298 3420 γάμον
2329 3332 2525 3399 ἐπελ-

186 3433 450 3522 θούσης
488 3443 748 3520 μανίας,
796 3433 967 3505 ὥστε
1012 3434 1111 3526 ἐφ’
1149 3435 1330 3518 ὅλοις
1365 3439 1542 3506 ἔτεσι
1584 3445 1784 3506 πέντε
1806 3437 1960 3516 τοὺς
1991 3440 2526 3518 συναπτομένους

185 3533 275 3623 μή
335 3537 876 3624 διαζεύγνυσθαι·
929 3541 1039 3605 καὶ
1082 3539 1204 3625 γὰρ
1263 3536 1493 3624 ὥσπερ
1535 3540 1613 3607 τὸ
1655 3539 1744 3625 μὴ
1797 3538 1911 3606 διὰ
1950 3544 2101 3625 βίου
2144 3543 2524 3623 θεραπευο-

185 3643 388 3724 μένης
428 3641 545 3725 τῆς
585 3646 826 3723 μανίας
869 3639 1107 3706 άλυτον
1152 3635 1322 3708 εἶναι
1362 3639 1479 3707 τὸν
1533 3640 1742 3727 γάμον
1784 3648 2005 3728 βίαιον
2051 3638 2290 3727 ὤφθη,
2349 3633 2523 3704 οὕτω

186 3740 298 3805 καὶ
340 3733 379 3825 ἡ
430 3737 499 3806 ἐν
540 3740 837 3828 τοσούτῳ
876 3740 1088 3827 χρόνῳ
1132 3736 1423 3829 ἀναμονὴ
1468 3746 1576 3809 καὶ
1608 3748 2172 3828 προσκαρτέρησις
2205 3735 2525 3823 ἀναγκαία

190 3837 397 3906 ἐστίν·
445 3840 504 3908 εἰ
546 3842 621 3908 δὲ
661 3840 830 3925 μετὰ
869 3840 986 3929 τὴν
1028 3845 1145 3908 τοῦ
1188 3842 1508 3910 τοσούτου
1533 3843 1771 3928 χρόνου
1802 3843 2113 3927 περίοδον
2142 3839 2231 3925 μὴ
2262 3832 2526 3924 γένηταί

323 4023 347 4054 ⁶
381 4029 559 4092 Vulgo:
600 4024 687 4078 ὅτι
723 4031 1023 4095 συγκαταθ.
1065 4025 1189 4095 ἐμοὶ
1225 4024 1374 4087 ἄξιος·
1408 4024 1775 4098 ἀναπέφηνεν.
1854 4032 1987 4089 Quae
2024 4037 2071 4079 ει
2106 4043 2252 4078 sensu
2280 4029 2522 4090 carebant,

191 4117 238 4158 et
272 4120 470 4175 propter
504 4115 749 4164 insolitum
788 4106 1157 4181 ἀναποφαίνω
1194 4117 1419 4166 mutanda
1460 4123 1607 4166 erant.
1779 4113 1798 4141 ⁷
1832 4116 1964 4179 Apud
2003 4116 2201 4177 Scrimg.
2240 4106 2332 4161 διὰ
2370 4113 2522 4162 deest.

186 4188 209 4218 ‘
241 4195 369 4259 Agyl.
405 4196 524 4252 πῶς
558 4191 695 4247 αὐτὸ
729 4191 872 4265 ἡμᾶς
904 4200 1157 4261 legendum
1193 4209 1370 4251 censet.
1442 4201 1677 4265 Equidem
1713 4215 1822 4250 mox
1860 4191 2164 4248 ἀναπείθει
2198 4198 2422 4261 legerim,
2458 4197 2522 4246 si·

185 4277 381 4341 quidem
396 4271 687 4333 ἀναπείθει
705 4284 938 4334 suadendi
957 4284 1116 4347 potius
1135 4299 1277 4348 quam
1298 4286 1606 4336 dissuadendi
1627 4286 2022 4348 significationem
2043 4285 2201 4335 habet.
2300 4280 2323 4309 ⁹
2358 4282 2521 4332 Zuich·

185 4368 233 4410 et
268 4362 461 4418 Meet-m.
501 4359 712 4420 ἱκανῶς.
856 4366 893 4395 ¹⁰
928 4367 1075 4419 Iidem
1112 4369 1179 4419 illi
1216 4363 1265 4419 εἰ
1300 4371 1539 4421 omittunt.
1679 4369 1712 4398 ¹¹
1747 4370 1897 4420 Iidem
1934 4362 1969 4417 ἃ
2004 4385 2102 4421 non
2137 4369 2328 4420 habent.
