2900 4950
333 249 459 310 422
1230 256 1348 306 0011.
1386 256 1458 306 Π.
1526 256 1641 306 ΝΜ.
1676 255 1790 306 xu.

333 407 661 492 καιοτάτῳ
706 402 796 484 ὥς
839 406 934 483 εἷς
973 402 1090 492 τὴν
1135 397 1472 490 εὐσέβειαν
1517 396 1859 489 ἀφορῶντι
1902 396 2275 484 σύμβουλος
2300 401 2411 466 καὶ
2436 421 2683 483 ‹1va-

333 508 448 596 γὸς
487 504 641 591 ὑμῖν
683 511 996 592 γενέσθαι
1043 505 1138 582 εἰς
1182 503 1596 588 ἐκπλήρωσιν
1637 505 1754 568 τοῦ
1798 496 2078 587 ἀγαθοῦ.

505 607 591 675 δ’.
673 602 815 673 Ἐπὶ
881 606 1143 684 τούτοις
1208 600 1700 691 ἀναγνωσθήτω
1764 607 1870 670 καὶ
1925 599 2004 668 τὸ
2056 604 2175 667 τοῦ
2228 598 2679 684 νομοκανόνος

332 710 593 795 βιβλίον
649 704 831 774 ἅπαν
886 705 1174 774 ἐνώπιον
1216 710 1334 793 τῆς
1377 706 1558 789 ἱερᾶς
1598 707 1705 770 καὶ
1752 700 1942 789 άγίας
1985 701 2286 769 συνόδου.
2375 703 2481 768 καὶ
2529 696 2677 769 ἀπὸ

332 811 466 877 τῶν
520 813 1188 894 παραθεωρουμένων
1241 811 1353 873 νῦν
1408 810 1620 872 θείων
1664 804 1953 871 κανόνων
1999 804 2064 868 οἱ
2106 804 2226 886 μὲν
2270 801 2443 889 πρὸς
2486 797 2677 870 εὗσέ-

333 918 518 995 βειαν
566 906 845 994 ὁρῶντες
886 916 997 974 καί
1038 934 1106 974 τι
1150 906 1540 974 συστατικὸν
1587 909 1705 971 τοῦ
1751 901 1964 990 ὀρθοῦ
2010 903 2336 989 δόγματος
2378 905 2674 988 παραδι-

335 1011 559 1089 δόντες
611 1007 769 1095 ἡμῒν
823 1011 1026 1076 παντὶ
1080 1008 1313 1093 τρόπῳ
1371 1002 1861 1085 ἀνανεωθέντες
1916 1011 2415 1092 τηρείσθωσαν·
2474 1005 2541 1070 οἱ
2596 1006 2675 1071 δὲ

336 1114 563 1179 λοιποὶ
623 1112 954 1197 παρεκβλη
965 1117 1191 1188 θέντες
1246 1109 1645 1194 δοθήτωσαν
1700 1110 1808 1173 καὶ
1865 1109 1945 1193 τῇ
1989 1106 2299 1193 βασιλείᾳ
2338 1129 2500 1190 μου,
2557 1107 2677 1173 ἵνα

336 1216 522 1299 κοινῇ
574 1215 653 1299 τῇ
707 1208 985 1298 ὑμετέρᾳ
1041 1208 1341 1297 ἁγιότητι
1393 1213 1549 1291 περὶ
1607 1207 1858 1274 τούτων
1916 1209 2532 1293 συνδιασκεψαμένη
2589 1206 2675 1272 τὸ

338 1315 486 1381 δέον
541 1313 955 1400 οἷκονομήσῃ.
1042 1312 1215 1397 πρὸς
1267 1316 1411 1389 τοῖς
1466 1309 1694 1386 ἄλλοις
1749 1310 1821 1374 δὲ
1863 1316 1971 1374 καὶ
2012 1305 2132 1374 τόν
2173 1312 2329 1392 περὶ
2370 1312 2504 1375 τῶν
2545 1332 2665 1392 μο-

337 1419 547 1496 ναχῶν
602 1417 732 1478 τῶν
790 1440 858 1479 εν
911 1424 1061 1491 ταῖς
1114 1412 1351 1497 ῥύμαις
1408 1415 1513 1477 καὶ
1569 1421 1716 1488 ταῖς
1757 1408 2052 1495 τριόδοις
2094 1409 2673 1494 περινοστοόντων

336 1508 889 1580 ἀνακαινισθέντα
934 1514 1035 1579 δεῖ
1079 1517 1572 1599 συντηρεῖσθαι.

513 1616 736 1678 Ταῦτα
787 1610 901 1679 οὐκ
948 1615 1081 1701 εἰκῆ
1125 1618 1231 1680 καὶ
1275 1614 1488 1698 μάτην
1530 1607 1571 1699 ἦ
1615 1611 1923 1696 βασιλεία
1963 1635 2093 1696 μου
2137 1611 2452 1697 ἔγραψεν,
2513 1608 2671 1679 οὐδὲ

338 1712 511 1781 ὥστε
551 1720 769 1796 μένειν
815 1714 882 1779 ἐν
926 1714 1146 1799 λόγοις
1187 1716 1296 1779 καὶ
1339 1713 1734 1799 γράμμασιν,
1782 1709 1952 1778 ἀλλὰ
1980 1711 2152 1798 πρὸς
2181 1713 2366 1797 ἔργον
2394 1713 2667 1782 τέλειον.

249 1811 256 1830 '
338 1815 526 1901 ἔργον
571 1814 642 1879 δὲ
685 1813 935 1880 τέλειόν
957 1814 1155 1894 ἐστιν,
1204 1810 1362 1880 ὅταν
1391 1813 1471 1880 τὸ
1500 1812 1898 1898 παραλόγως
1925 1811 2266 1898 γινόμενον
2296 1814 2671 1898 διόρθωσιν

335 1917 617 2002 δέξηται.
679 1916 858 1981 δοκεῖ
903 1915 974 1980 δὲ
1015 1919 1093 2001 τῇ
1137 1917 1443 2002 βασιλείᾳ
1484 1938 1633 1999 μου,
1677 1916 1930 1999 μᾶλλον
1975 1915 2047 1981 δὲ
2090 1915 2149 1981 εἰ
2190 1914 2299 1981 καὶ
2341 1916 2672 2002 τολμηρὸς

338 2012 374 2082 ὃ
431 2015 624 2101 λόγος
674 2013 1047 2100 κατάληψιν
1104 2015 1234 2097 ἔχει
1289 2012 1450 2103 αὕτη
1496 2017 1783 2095 τελείαν,
1842 2012 1949 2081 ὅτι
1992 2014 2156 2095 θεὸς
2200 2019 2506 2105 διανέστη
2550 2017 2670 2084 ἐπὶ

334 2116 536 2203 ταύτῃ
591 2119 670 2201 τῇ
727 2111 1056 2181 ὑποθέσει
1104 2114 1214 2181 καὶ
1256 2123 1571 2200 γενέσθαι
1612 2117 1731 2201 τὴν
1772 2115 2143 2202 διόρθωσιν
2185 2111 2506 2205 ηὗδόκησε
2549 2123 2667 2185 τοῦ

334 2220 554 2295 κακοῦ,
599 2223 706 2281 καὶ
751 2218 1069 2281 τοσοῦτον
1114 2215 1345 2281 ἑαυτὸν
1389 2212 1470 2281 δι’
1502 2213 1676 2303 ἡμᾶς
1703 2217 1813 2283 καὶ
1841 2222 1955 2285 νῦν
1989 2218 2448 2297 ἐταπείνωσεν,
2495 2216 2671 2289 ὥστε

335 2319 445 2384 καὶ
487 2317 895 2401 παρακαλεῖν
937 2309 1109 2400 ἡμᾶς
1151 2312 1318 2399 ὑπὲρ
1360 2320 1477 2402 τῆς
1521 2318 1695 2395 ἰδίας
1738 2324 2041 2406 ποίμνης,
2090 2315 2172 2386 δι’
2219 2318 2297 2407 ἣν
2339 2326 2449 2399 καὶ
2483 2321 2668 2407 ἐνην-

333 2417 662 2505 θρώπησε
701 2414 813 2482 καὶ
856 2417 1048 2499 σαρκὶ
1090 2414 1311 2481 ἔπαθε
1351 2417 1461 2480 καὶ
1503 2416 1580 2483 τὸ
1624 2418 1796 2486 ἰ’διον
1839 2414 2006 2504 αἷμα
2049 2420 2255 2504 ἐξέχεε
2296 2421 2407 2489 καὶ
2447 2421 2669 2497 θάνα-

334 2544 450 2587 τον
508 2518 757 2603 ὑπέστη
812 2515 928 2582 τὸν
986 2515 1460 2592 ἐπονείδιστον,
1515 2522 1624 2584 καὶ
1666 2520 1753 2606 μὴ
1800 2524 2331 2607 διανισταμένοις
2374 2523 2543 2609 πρὸς
2582 2525 2673 2591 τὸ

334 2619 551 2697 καλὸν,
600 2614 768 2683 ἀλλὰ
809 2621 888 2703 τῇ
919 2612 1135 2682 αὐτῶν
1165 2613 1469 2702 ῥᾳθυμίᾳ
1500 2615 1867 2700 ἒιιμένουσι,
1913 2626 2018 2689 καὶ
2049 2623 2135 2690 τὰ
2163 2627 2669 2711 φρικωδέστατα

339 2717 660 2787 ἀπειλεῖν.
721 2713 955 2784 οὐκοῦν
999 2712 1232 2803 οὗδὲὴ
1276 2718 1586 2802 βασιλεία
1626 2741 1754 2800 μου
1798 2715 2094 2800 ἀνέξεται
2137 2722 2307 2805 ὅλως
2349 2727 2449 2793 ἔτι
2489 2752 2667 2813 παρ-

336 2823 733 2906 εκτανθῆναι
795 2820 910 2906 τὴν
973 2817 1345 2904 διόρθωσιν
1408 2821 1527 2904 τῆς
1593 2817 2119 2909 ἐκκλησιαστικῆς
2178 2828 2663 2907 καταστάσεως,

336 2917 505 2990 ἀλλὰ
555 2931 699 2999 τοῖς
755 2921 1187 3004 ἐμποδίζουσι
1240 2923 1359 2984 τοῦ
1416 2921 1659 2985 λοιποῦ
1703 2920 1875 3004 πρὸς
1916 2921 1995 2984 τὸ
2036 2925 2273 3013 ταύτην
2316 2935 2665 3014 κατορθω-

334 3026 543 3111 θῆναι
584 3021 885 3106 κανονικὴ
917 3015 1159 3107 εὖθύνη
1193 3019 1728 3107 ἒπενεχθήσεται.
1774 3021 1882 3086 καὶ
1910 3021 2139 3106 μηδεὶς
2166 3020 2466 3117 ὑπολάβῃ
2497 3030 2667 3097 κατὰ

335 3125 569 3201 πάθος
623 3125 831 3207 λέγειν
885 3119 1003 3209 τὴν
1056 3122 1401 3205 βασιλείαν
1462 3144 1594 3204 μου
1648 3124 1874 3187 ταῦτα.
1965 3118 2083 3188 οὐκ
2139 3124 2269 3205 ἔχει
2318 3128 2441 3214 γὰρ
2494 3134 2662 3197 θεοῦ

329 3225 552 3309 χάριτι
593 3223 766 3307 πρός
792 3248 941 3288 τινα
972 3221 1235 3306 ἔχθραν,
1283 3217 1519 3289 οὐδένα
1545 3233 1749 3306 μισεῖ,
1796 3216 2033 3289 οὐδένα
2063 3233 2449 3309 κατακρίνει,
2496 3225 2669 3298 ἀλλὰ

333 3325 506 3411 πρὸς
559 3328 753 3389 τοῦτο
806 3323 1010 3406 μόνον
1067 3328 1482 3389 παθαίνεται
1536 3323 1613 3389 τὸ
1671 3322 2011 3409 γινόμενον
2055 3324 2168 3390 καὶ
2210 3320 2325 3391 οὐκ
2364 3321 2667 3409 ἀνέχεται

335 3423 494 3511 ὁρᾶν
537 3424 653 3510 τὴν
699 3422 1227 3508 ἑκκλησιαστικὴν
1271 3422 1382 3489 καὶ
1418 3423 1868 3510 χριστιανικὴν
1909 3425 2310 3493 κατάστασιν
2342 3430 2667 3495 καταλυο-

331 3532 547 3611 μένην.
606 3522 928 3607 μακάριος
970 3525 1049 3589 δὲ,
1072 3518 1148 3602 εἶ,
1195 3518 1519 3608 ἆγιώτατέ
1545 3548 1675 3607 μου
1704 3526 2019 3605 δέσποτα,
2062 3525 2175 3592 καὶ
2205 3527 2304 3594 ἔτι
2328 3530 2667 3614 μακαρεώὁ

331 3649 520 3712 τερος
572 3618 1050 3710 ἀναδειχθήσῃ,
1114 3625 1172 3690 εἰ
1223 3623 1391 3707 μετὰ
1444 3629 1576 3691 τῶν
1634 3623 1851 3693 ἄλλων
1910 3616 2002 3693 ὧν
2055 3627 2511 3711 κατώρθωσας
2552 3630 2668 3698 καὶ

331 3731 540 3795 ταῦτα
601 3723 646 3791 ἃ
709 3720 1014 3807 ἀνωτέρω
1077 3730 1372 3812 γέγραφα
1437 3721 1882 3806 ἀποτελέσεις.
1969 3731 2078 3793 καὶ
2142 3724 2349 3811 ὑμεῖς,
2415 3736 2665 3817 θεοφι-

333 3832 637 3895 λέστατοι
667 3820 1006 3911 ἀρχιερεῖς,
1055 3822 1303 3910 ὁμοίως
1329 3828 1648 3911 μακάριοί
1676 3829 1841 3906 ἐστε,
1875 3829 1935 3896 εἰ
1961 3824 2308 3896 κάνταῦθα
2335 3833 2430 3915 ‘uf
2460 3826 2666 3916 ἁγιω-

328 3930 490 4016 τάτῃ
548 3926 918 4014 πατριάρχῃ
974 3930 1081 3995 καὶ
1141 3921 1564 4013 ἀρχιποίμενι
1617 3925 1800 4013 ὑμῶν
1859 3926 1949 4009 ὥς
2004 3929 2177 4009 εἰκὸς
2238 3931 2665 4018 συνεργήσετε

326 4030 405 4097 τὸ
447 4027 759 4115 ὑμέτερον
791 4026 1264 4115 ἀνεπισφαλῶς
1293 4029 1360 4095 ἐν
1387 4040 1539 4107 ταῖς
1568 4029 1828 4117 ψήφοις
1855 4032 2275 4116 πληροῦντες,
2307 4036 2415 4099 καὶ
2441 4032 2667 4100 πάντα

327 4134 536 4196 ταῦτα
588 4133 696 4196 καὶ
756 4128 823 4195 ἐν
865 4140 1014 4207 ταῖς
1055 4125 1399 4214 ὑμετέραις
1441 4131 1788 4215 ἐπαρχίαις
1829 4132 2327 4216 κατωρθώσατε.
2417 4128 2491 4200 οὗ
2536 4134 2664 4220 γὰρ
2780 4184 2789 4191 -

329 4231 398 4298 ἓν
438 4234 518 4316 τῇ
561 4228 1006 4313 μεγαλοπόλει
1046 4228 1249 4312 μόνον
1293 4226 1463 4298 ἀλλὰ
1502 4234 1612 4298 καὶ
1655 4232 1723 4299 ἐν
1765 4231 2020 4312 πάσαις
2042 4244 2192 4312 ταῖς
2218 4230 2353 4300 ὑπὸ
2380 4234 2498 4321 τὴν
2526 4237 2662 4302 τῶν

327 4330 494 4414 ρωμ
509 4334 591 4395 αί
604 4353 657 4393 ω
672 4354 706 4393 ν
747 4326 1166 4413 ἐπικράτειαν
1201 4329 1448 4415 χώραις
1495 4331 1807 4417 βούλεται
1844 4330 1885 4420 ἦ
1924 4336 2234 4419 βασιλεία
2273 4360 2402 4419 μου
2452 4339 2667 4402 ταῦτα
