2900 4950
1035 266 1152 331 inp.
1187 267 1424 319 nannetis
1459 268 1706 318 comneni.
1804 289 1807 298 ·
2415 257 2538 320 497

187 416 606 493 „Audientem
663 417 937 479 videlicet
991 418 1193 500 aliquo
1249 419 1319 482 de
1378 424 1838 501 consanguineis
1887 420 2091 482 Grecis
2136 421 2535 502 Imperatoris

189 516 400 593 „„vel
453 518 522 578 de
582 518 916 590 hominibus
973 525 1182 600 ipsius.
1275 519 1475 601 Neque
1534 522 1832 583 tenebitur
1876 526 1940 583 in
1987 526 2260 603 captione
2300 526 2533 604 faciem

185 617 597 695 „‚‚t'njurz‘om
654 629 794 681 aute
837 620 1137 706 judicium
1194 626 1251 682 si
1305 621 1538 683 dederit
1577 621 2039 703 fidejussorem:
2098 628 2156 685 si
2194 644 2336 686 vero
2380 626 2535 706 fide-

186 718 602 796 ,‚‚jussorem
647 739 768 782 non
817 723 1073 792 dederit,
1135 721 1437 783 tenebitur
1482 715 1711 806 quidem
1755 727 1820 786 in
1867 727 2165 796 custodia,
2216 739 2537 789 eoetraetur

185 830 493 897 „„tamen
537 831 594 882 et
624 805 1007 898 judicabitur
1051 825 1234 884 donec
1266 821 1565 899 judicium
1607 827 1996 903 martis-escum
2039 835 2095 888 et
2136 827 2280 907 finis
2313 825 2540 904 judicit·

185 922 488 999 ‚,‚,suerit
530 925 594 982 in
637 925 791 1001 ipso,
881 921 1165 986 Pretereo
1210 924 1465 1008 eaeplett's
1511 929 1765 1008 quinque
1809 931 1987 989 annis
2031 932 2307 990 mittetur
2339 948 2535 991 came-

187 1067 232 1097 ‚,
247 1025 507 1096 „rarius
553 1023 781 1084 domini
823 1023 1217 1103 Imperatoris
1263 1026 1341 1086 ad
1384 1013 1709 1089 vindictam
1736 1029 2072 1105 faciendam
2101 1028 2529 1100 Januensibus,

187 1127 354 1198 ,ψεῖ
391 1125 513 1203 ipsi
545 1141 664 1203 per
709 1121 1153 1187 damnacionem
1198 1123 1434 1188 domino
1481 1126 1852 1206 Imperatori
1886 1129 2163 1207 fecerint.

362 1224 538 1300 „Ista
598 1231 796 1287 omnia
851 1231 916 1288 in
953 1230 1232 1307 presenti
1270 1240 1444 1289 carta
1491 1230 1828 1309 stynisicata
1873 1234 2186 1291 conventio
2234 1249 2338 1310 eqo
2377 1249 2529 1312 pre-

183 1330 580 1401 „nominatus
624 1332 883 1388 nuncius
930 1332 1188 1390 civitatis
1233 1327 1430 1389 Janne
1476 1334 1712 1391 Amicus
1758 1331 1825 1391 de
1859 1329 2066 1391 Μανία
2111 1341 2167 1392 et
2198 1330 2353 1408 juro
2399 1336 2529 1394 sine

185 1427 462 1506 „fraude
519 1437 576 1488 et
628 1425 787 1487 molo
845 1431 1108 1505 inqem'o,
1167 1449 1245 1490 ecc
1280 1440 1568 1509 precepto
1615 1441 1672 1490 et
1716 1431 2029 1492 voluntate
2073 1431 2525 1512 archiepiscopi,

184 1526 557 1603 „consulum
602 1538 657 1588 et
702 1532 893 1590 tocius
941 1533 1199 1590 civitatis
1247 1535 1577 1591 communis
1609 1534 1866 1592 civitatis
1896 1530 2095 1592 Janue
2143 1532 2529 1594 cormnmu‘o²⁰

184 1628 600 1708 „confirmari
640 1638 694 1689 et
738 1629 1060 1691 observari
1110 1631 1182 1690 ab
1227 1633 1311 1691 eis
1356 1643 1414 1693 et
1445 1628 1672 1706 jurari
1710 1643 1769 1692 et
1806 1631 1990 1711 firmo
2033 1645 2093 1694 et
2134 1633 2374 1695 stabilia
2419 1653 2526 1695 cu—

186 1731 468 1806 „stodi're
510 1733 575 1790 in
619 1734 1046 1809 sempiternum
1088 1743 1147 1792 et
1190 1739 1487 1810 semper.“

359 1831 848 1909 Quandoquiuem
903 1831 1673 1911 presentem'sinphouiam
1716 1840 1777 1893 et
1819 1833 2264 1894 conventionem
2311 1853 2523 1912 preno-

185 1931 446 1993 minatus
489 1931 742 1993 nuncius
786 1933 922 1993 fecit
962 1942 1024 1994 et
1061 1942 1433 1994 sacramento
1478 1933 1633 1992 hanc
1672 1933 2065 2007 confirmavit,
2126 1952 2261 1994 ecce
2306 1943 2365 1993 et
2407 1934 2523 1994 Im-

185 2033 417 2113 perium
477 2052 674 2093 meum
731 2052 839 2112 per
891 2053 1140 2114 presens
1183 2032 1536 2093 crisobolum
1582 2032 1804 2111 logo[n]
1852 2033 2014 2111 ejus,
2073 2052 2252 2112 quum
2297 2033 2347 2093 si
2391 2033 2523 2093 uni-

183 2134 429 2206 versitas
472 2133 888 2208 Januensium,
957 2133 1221 2196 videlicet
1274 2134 1751 2214 archiepiscopus
1797 2133 2069 2194 consules
2112 2141 2170 2193 et
2214 2131 2520 2195 multitudo

183 2235 375 2297 tocius
419 2235 767 2308 communis,
815 2236 966 2295 lianc
1009 2235 1465 2296 convencionem
1512 2235 1861 2313 recipientes
1905 2234 2227 2295 secundum
2272 2251 2523 2294 eonsue-

184 2336 450 2397 tudinem
496 2355 623 2397 eam
672 2336 1051 2416 complebunt
1093 2344 1152 2396 et
1195 2355 1302 2416 per
1334 2322 1615 2416 scriptum
1652 2334 1893 2396 fecerint
1924 2345 1978 2396 et
2004 2334 2332 2414 juraverint
2362 2336 2520 2414 quod

184 2438 509 2499 secundum
557 2439 914 2519 prescriptos
956 2436 1085 2517 ejus
1129 2436 1536 2499 distinctiones
1582 2445 1641 2498 et
1684 2438 1931 2518 capitula
1968 2436 2357 2498 observabunt
2390 2455 2518 2497 eam

182 2540 582 2620 incorruptam
628 2549 688 2601 et
730 2540 1084 2601 immobilem
1131 2558 1319 2618 usque
1365 2540 1423 2601 in
1467 2540 1892 2620 sempiternum
1937 2549 1995 2600 et
2038 2558 2276 2619 semper
2308 2539 2382 2600 ad
2412 2538 2520 2599 ho·

183 2660 390 2702 norem
439 2641 669 2722 lmperii
730 2640 912 2702 nostri
957 2649 1015 2701 et
1061 2640 1371 2715 Romanie,
1429 2642 1594 2701 firma
1640 2640 2106 2702 observabuntur
2148 2641 2220 2702 ab
2266 2639 2517 2720 Imperio

184 2754 390 2804 nostro
445 2762 558 2823 que
613 2742 687 2803 ab
743 2762 815 2802 eo
873 2740 1159 2821 promissa
1215 2750 1356 2802 sunt
1396 2741 1827 2815 Januensibus,
1892 2761 2006 2822 que
2064 2741 2336 2822 superius
2381 2751 2523 2803 sunt

182 2844 540 2922 significata,
599 2845 789 2905 donec
832 2843 1096 2905 videlicet
1138 2844 1384 2903 firmiter
1426 2852 1488 2903 et
1528 2842 2011 2904 indissolubiliter
2050 2842 2521 2904 observabuntur

185 2964 304 3024 que
347 2945 421 3005 ab
465 2945 551 3006 eis
595 2953 938 3006 conventata
984 2954 1122 3005 sunt
1165 2943 1417 3023 Imperio
1465 2961 1596 3003 meo
1642 2951 1699 3003 et
1730 2943 2031 3003 Romanis.
2093 2943 2372 3004 Prescnte
2402 2943 2520 3021 gri-

181 3047 542 3126 soboliologo
571 3046 804 3126 Imperii
832 3045 943 3105 mei
971 3044 1216 3105 firmiter
1250 3053 1308 3104 et
1337 3043 1623 3105 stabiliter
1650 3061 2024 3122 perseverare
2049 3043 2317 3116 debente,
2365 3042 2516 3104 facto

183 3166 388 3209 mense
412 3148 670 3209 octubris
695 3147 985 3228 presentis
1017 3146 1228 3206 terciae
1261 3144 1597 3207 indictionis
1629 3163 1785 3204 anno
1810 3144 1925 3222 [Vl]
1951 3140 2514 3220 M[nc]t,xxvm¹¹‚

181 3250 246 3310 in
290 3269 407 3329 quo
453 3259 511 3310 et
556 3258 819 3311 nostrum
865 3247 1384 3309 clementissimum
1430 3256 1491 3308 et
1534 3266 1566 3307 a
1613 3245 1725 3307 deo
1756 3264 2101 3307 concessum
2132 3244 2381 3324 signavit
2408 3243 2518 3305 im-

183 3352 412 3430 perium
481 3351 567 3412 vel
636 3359 917 3430 potestas.
972 3384 1059 3394 -
1126 3348 1493 3429 Subscriptio
1546 3348 1785 3427 proprie
1843 3366 2053 3409 manus
2108 3345 2512 3425 Imperatoris:

177 3452 409 3513 Manuel
453 3452 514 3512 in
562 3452 793 3513 Christo
836 3452 948 3512 deo
993 3448 1246 3512 fideliter
1287 3450 1614 3531 Imperator
1657 3448 2115 3528 Porfirogenitus
2170 3456 2228 3508 et
2269 3448 2516 3509 assocra-

177 3564 271 3615 tor
315 3553 578 3614 Romeon
630 3573 664 3614 ο
711 3552 1005 3615 Cominus.

311 3737 352 3766 ¹⁰
387 3740 476 3788 Hic
511 3740 830 3802 corruptelam
869 3740 1029 3790 inesse
1066 3748 1209 3804 patet.
1347 3736 1380 3766 ¹¹
1417 3739 1554 3802 Apud
1591 3736 1721 3787 Sauli
1758 3737 1789 3787 l.
1826 3738 1856 3787 l.
1896 3744 1996 3788 est:
2048 3734 2510 3786 M......Lxxvtn.

179 3826 405 3875 Silvestre
463 3825 521 3873 dc
578 3826 697 3888 Sacy
752 3823 797 3871 in
853 3824 988 3873 Mem.
1042 3825 1101 3873 de
1154 3824 1392 3872 l'lnstitut.
1449 3823 1518 3871 (31.
1573 3822 1742 3871 d’flist.
1781 3821 1843 3870 ΙΙΙ
1881 3836 1926 3884 p.
1961 3820 2056 3869 103
2110 3819 2284 3881 legisse
2328 3818 2513 3867 videtur

173 3908 570 3971 vmncxevnl,
620 3924 826 3972 cumque
874 3923 1125 3958 numerum
1160 3907 1209 3956 in
1246 3906 1379 3957 6658
1416 3906 1694 3955 mutandum
1731 3919 1840 3953 esse
1876 3911 2023 3967 putat.
2096 3903 2192 3952 Sed
2229 3903 2390 3951 datum
2425 3903 2515 3952 fuit

173 3996 266 4044 hoc
305 3992 659 4059 chrysoliullum
697 3992 955 4042 indictione
995 3992 1087 4053 111,
1124 4006 1248 4054 quac
1283 3990 1477 4059 quidem
1515 3989 1683 4039 incidit
1717 3989 1840 4037 inter
1875 4003 1916 4037 a.
1961 3987 2088 4036 1155
2125 3986 2203 4045 (cf.
2241 3994 2339 4035 not.
2376 3986 2427 4047 8)
2465 3995 2511 4036 et

169 4080 456 4141 legationem
496 4078 721 4128 Grimaldi
759 4094 800 4127 a.
845 4078 970 4127 1174
1009 4082 1278 4139 susceptam
1331 4074 1411 4137 (cl’.
1448 4075 1578 4124 Sauli
1615 4073 1646 4124 1.
1684 4089 1726 4122 c.
1764 4087 1809 4135 p.
1836 4071 1977 4132 188),
2030 4077 2079 4118 ut
2115 4085 2270 4119 annus
2306 4086 2346 4119 a.
2385 4086 2427 4121 o.
2468 4086 2507 4119 c.

167 4164 305 4214 6678
342 4164 544 4214 indicari
581 4164 815 4213 debuerit.

1029 4316 1644 4333 ’.Μ-*σῃ

269 4466 350 4517 ΙΙΙ.
2039 4457 2105 4507 32
