2900 4950
1075 241 1196 305 imp.
1227 240 1483 304 nicephori
1520 241 1810 294 notumne.
2492 225 2617 291 888

274 413 390 469 τος
426 391 544 478 τῆς
583 383 740 474 παρ’
785 385 945 474 ἡμῖν
986 385 1334 466 πολιτείας
1375 387 1811 473 ἐξωστράκισε
1851 388 2356 468 θεοδόσιοςζ
2419 386 2618 478 αὐτῇὸ

275 498 478 579 πείρᾳ
534 490 750 570 συνεὶς
801 489 879 556 τὸ
929 496 1217 576 μέγεθος
1256 491 1375 555 τοῦ
1418 492 1650 569 κακοῦ,
1719 488 1832 558 καὶ
1870 489 1988 577 τὴν
2032 496 2409 576 θεραπείαν
2450 491 2616 560 κατὰ

273 592 503 679 καιρὸν
558 588 756 670 αύτός
807 615 881 659 τε
933 594 1286 679 τηνικαῦτα
1330 590 1683 675 δεξάμενος
1722 590 1834 658 καὶ
1876 602 2021 671 τοῖς
2064 591 2302 679 ἐφεξῆς
2347 591 2615 677 ἰάσιμον

271 694 351 762 τὸ
394 693 626 771 πάθος
665 693 1257 777 καταστησάμενος.
1348 692 1694 772 διετάξατο
1738 692 1860 779 γὰρ
1875 743 1893 772 ,
1952 699 2347 779 τραχυτέρας
2394 692 2618 779 ἐξαγο-

270 802 472 883 μένης
521 799 640 882 τῆς
693 801 1015 881 τιμωρίας
1067 792 1235 861 κατά
1290 818 1492 860 τινων
1534 792 1622 881 μὴ
1671 788 1874 874 εὐθὺς
1916 790 2298 862 ὖπεισιέναι
2338 793 2615 874 τούτους

271 897 390 984 τὴν
443 893 799 981 τιμωρίαν,
859 889 996 962 ἀλλ’
1045 894 1115 962 ἐν
1171 891 1360 972 ὅλαις
1412 889 1690 980 ἡμέραις
1744 894 1798 962 λ’
1844 894 1998 974 τοὺς
2041 895 2200 981 περὶ
2242 898 2359 981 τῆς
2400 890 2617 963 αῦτῶν

272 997 737 1074 καταστάσεως
775 996 1052 1083 κλήρους
1091 994 1633 1081 μετεωρίζεσθαι,
1681 990 1772 1074 ιῦς
1815 992 2169 1081 ἀρκοῦντος
2194 1000 2311 1063 τοῦ
2344 996 2618 1083 διαστή-

272 1122 484 1183 ματος
521 1098 720 1166 τοῦδε
759 1101 876 1165 τοῦ
919 1100 1148 1183 καιροῦ
1192 1099 1286 1183 τῷ
1330 1101 1689 1185 παθητικῷ
1732 1100 1849 1183 τῆς
1892 1100 2106 1184 ψυχῆς
2136 1098 2477 1186 διαιτῆσαι
2505 1097 2618 1166 καὶ

273 1197 353 1266 τό
396 1201 562 1278 ἴσως
604 1196 1018 1286 ἀκροσφαλὲς
1058 1202 1175 1283 τῆς
1218 1193 1628 1283 ἀποφάσεως
1672 1197 2217 1282 διορθώσασθαι.
2278 1194 2417 1265 ἀλλ’
2467 1195 2502 1265 ὃ
2533 1199 2616 1266 τὰ

277 1300 498 1368 πολλὰ
541 1306 824 1386 συγχέων
861 1299 1097 1387 χρόνος
1137 1298 1249 1366 καὶ
1292 1293 1609 1378 ἀλλοιῶν,
1678 1293 1720 1385 ἢ
1762 1303 1896 1366 τῶν
1941 1297 2322 1383 ἀνθρώπων
2363 1301 2615 1384 μᾶλλον

274 1403 356 1469 τὸ
397 1402 566 1488 πρὸς
608 1401 725 1489 τὴν
769 1397 1098 1488 ἁμαρτίαν
1142 1395 1410 1482 εὐπετὲς
1453 1399 1564 1467 καὶ
1594 1396 1969 1481 εύόλισθον,
2020 1400 2086 1467 ἐν
2116 1399 2492 1486 γράμμασιν
2523 1396 2616 1478 ὥς

275 1504 362 1571 τὰ
391 1502 620 1571 πολλὰ
645 1509 919 1574 κεῖσθαι
947 1500 1059 1569 καὶ
1083 1501 1317 1587 μόνοις
1343 1500 1531 1567 τουτὶ
1555 1501 1635 1567 τὸ
1664 1507 2095 1589 νομοθέτημα
2124 1503 2581 1587 παραλέλοιπε
2598 1522 2613 1538 ·

275 1605 387 1671 καὶ
429 1601 467 1671 ὃ
508 1604 835 1689 βασιλεὺς,
879 1603 1194 1687 καθάπερ
1239 1600 1457 1687 ἄρχων
1497 1601 1701 1687 μόνον
1733 1607 1868 1670 τῶν
1901 1599 2259 1691 ὁμοφύλων
2289 1626 2617 1670 καταστα-

274 1706 430 1785 θεὶς
478 1706 590 1773 καὶ
633 1701 747 1771 οὕ“
789 1704 975 1790 παρὰ
1017 1707 1185 1772 θεοῦ
1229 1704 1340 1770 καὶ
1384 1698 1582 1782 αὐτὸς
1626 1700 1982 1790 ἀρχόμενος
2026 1703 2322 1785 ἀνωθεν,
2381 1702 2615 1772 οὔκουν

278 1804 432 1876 οὐδὲ
470 1799 803 1893 μετριάζει
833 1805 1017 1898 ,πρὸς
1057 1805 1179 1883 τὰς
1219 1807 1352 1870 τῶν
1397 1800 1726 1890 ὁμογενῶν
1757 1806 2122 1894 συμφορὰς,
2169 1801 2323 1874 οὐδέ
2348 1832 2418 1873 τι
2447 1830 2616 1893 φρο-
2679 1859 2685 1867 .

276 1921 377 1978 νεῖ
428 1909 885 1995 μετριοπαθὲς
935 1909 1043 1972 καὶ
1100 1902 1568 1991 ἀνθρώπινον,
1637 1903 1728 1985 ὥς
1767 1908 2125 1994 κακούργου
2168 1909 2243 1973 δέ
2283 1931 2465 1985 τινος
2506 1908 2615 1976 καὶ

273 2007 589 2078 ῦπαιτίου
633 2013 1098 2093 παραγομένου
1143 2007 1236 2085 εἰς
1277 2012 1483 2091 μέσον
1526 2006 1698 2092 πρὸς
1740 2002 2063 2093 ἀλήθειαν
2109 2009 2273 2085 ἴσως
2314 2001 2357 2093 ἢ
2384 2007 2611 2096 καὶμὴ

277 2109 487 2191 οὕτως
542 2107 786 2188 (πολλὰ
840 2107 962 2194 γὰρ
1005 2110 1117 2175 καὶ
1156 2106 1324 2174 κατὰ
1363 2111 1497 2173 τῶν
1538 2109 1901 2194 βασιλικῶν
1940 2108 2020 2175 τὸ
2066 2110 2315 2192 Ψεῦδος
2358 2110 2617 2195 παῤῥη-

278 2213 576 2298 σιάζεται
619 2206 833 2277 ἀκοῶν
875 2211 984 2276 καὶ
1027 2206 1270 2287 ταύτας
1312 2207 1636 2287 πολλάκις
1667 2211 2135 2297 συλαγωγῆσαν
2166 2210 2461 2293 οἴχεται),
2509 2203 2616 2276 εύ-

273 2313 407 2393 θὺς
449 2310 498 2401 ἦ
556 2309 906 2400 ἀπόφασις
949 2308 1185 2399 φονικὴ
1229 2312 1338 2376 καὶ
1384 2304 1420 2375 ὁ
1468 2308 1702 2397 δήμιος
1745 2308 2020 2390 εὔθετος
2064 2310 2160 2390 εἰς
2203 2311 2389 2397 ἔργον
2434 2308 2615 2396 άγων

273 2420 392 2484 τοῦ
447 2417 774 2503 βασιλέως
814 2437 893 2482 το
937 2413 1298 2499 ἐπίταγμα,
1355 2413 1465 2480 καὶ
1507 2421 1720 2480 κεῖται
1764 2409 2129 2500 α’νθρωπος
2170 2411 2357 2499 παρὰ
2400 2412 2617 2492 πόδας

275 2520 588 2607 διαβολῆς
631 2519 840 2586 ἐνίοτε
882 2515 1228 2604 γενόμενος
1271 2513 1619 2601 πάρεργον.
1695 2509 1865 2582 ἀλλὰ
1908 2518 2104 2582 τοῦτο
2147 2517 2268 2599 μὲν
2310 2518 2419 2582 καὶ
2462 2513 2618 2593 τοὺς

273 2620 408 2705 πρὸ
463 2617 649 2709 ἡμῶν
705 2616 1191 2705 αὐτοκράτορας
1257 2618 1391 2686 ἔδει
1448 2617 2077 2703 ἐπανορθώσασθαι
2140 2616 2308 2684 κατὰ
2363 2614 2614 2702 καιρὸν,

271 2721 597 2808 βαλόντας
626 2722 722 2799 εἰς
749 2724 902 2787 νοῦν
934 2716 1025 2798 ὥς
1053 2721 1287 2804 σάρκες
1316 2720 1445 2788 εἰσὶ
1481 2718 1592 2786 καὶ
1614 2715 1830 2799 ὀστέα,
1855 2712 1976 2786 κᾶν
2005 2720 2398 2806 πορφυρίδα
2425 2723 2619 2802 περί-

271 2846 539 2901 κεινται,
585 2825 693 2887 καὶ
739 2821 938 2900 δόξαν
984 2817 1157 2886 οῦτω
1187 2825 1332 2906 θεῷ
1365 2824 1847 2908 στεφηφοριῦσι
1873 2818 2041 2887 κατὰ
2069 2823 2203 2886 τῶν
2235 2816 2613 2906 ὁμοφύλων,

272 2926 382 2990 καὶ
423 2926 557 2990 τῶν
599 2927 1022 3007 βεβιωμένων
1063 2921 1257 3006 λόγον
1301 2918 1617 3004 ὑποσχεῖν
1659 2926 1753 3007 τῷ
1798 2920 2070 2988 πάντων
2124 2917 2471 3006 ὀφείλουσι
2516 2922 2614 2985 δι-

272 3026 498 3111 καστῇ,
546 3020 620 3101 ὃς
661 3025 768 3088 καὶ
813 3016 1160 3089 ἀποδώσει
1201 3020 1453 3107 ἑκάστῳ
1497 3021 1664 3087 κατὰ
1705 3021 1790 3087 τὰ
1833 3022 1990 3106 ἔργα
2035 3016 2259 3087 αὐτοῦ.
2349 3019 2497 3086 ἐπεὶ
2541 3022 2616 3086 δὲ

276 3126 480 3193 εἰσέτι
519 3123 598 3189 τὸ
642 3126 915 3208 πρᾶγμα
960 3122 1210 3205 ἔμεινεν
1252 3117 1707 3206 ἀδιόρθωτον,
1752 3118 1908 3209 ἡμῖν
1954 3118 1990 3187 ό
2034 3122 2202 3200 θεὸς
2247 3115 2478 3206 ἀνῆκεν
2521 3115 2615 3199 ὥς

276 3227 484 3294 ἔοικεν
528 3226 1096 3310 ἐπαναπληρῶσαι
1137 3222 1216 3289 τὸ
1262 3223 1599 3306 ἔλλειμμα.

444 3326 524 3393 α’.
597 3325 679 3393 uO
721 3329 830 3392 καὶ
876 3322 967 3404 ὦς
1011 3320 1327 3412 ἀνάθημα
1369 3318 1411 3411 ἢ
1456 3330 1813 3409 πρεσβεῖον
1855 3318 1897 3410 ἢ
1937 3320 2195 3409 καρπὸν
2227 3316 2615 3408 ἀκροθίνιον

272 3432 384 3496 καὶ
427 3425 465 3494 ὅ
506 3454 575 3494 τι
618 3426 698 3495 άν
740 3452 845 3506 τις
887 3429 1075 3494 ε’ίποι
1116 3426 1281 3493 κατὰ
1285 3425 1577 3550 καιρὸν*
1594 3425 2091 3511 προσαγόμενον
2120 3422 2238 3512 τὴν
2268 3428 2619 3511 παροῦσαν

273 3536 734 3616 θεσμοθεσίαν
779 3527 1218 3616 προσάγομεν,
1268 3523 1466 3617 ἀφ’τ)
1427 3525 1612 3615 ἡμῶν
1653 3553 1727 3594 τε
1772 3531 1883 3594 νῦν
1926 3522 2290 3614 ἀρξαμένην
2318 3529 2429 3594 καὶ
2457 3520 2611 3593 καθ’

272 3628 457 3719 ἡμῶν
513 3635 781 3716 πρῶτον
836 3641 1097 3718 κρατεῖν
1142 3627 1571 3716 ὀφείλουσαν·
1631 3626 1712 3696 δι’
1759 3618 1837 3714 ἧς
1882 3628 2318 3716 διοριζόμεθα
2363 3625 2505 3697 ἀπό
2546 3653 2619 3714 γε

273 3736 391 3801 τοῦ
445 3736 559 3800 νῦν
614 3736 722 3800 καὶ
781 3733 876 3811 εἷς
927 3732 1082 3811 τοὺς
1137 3733 1283 3820 ἑξῆς
1336 3730 1640 3811 ἅπαντας
1693 3734 1805 3798 καὶ
1852 3731 2167 3818 διηνεκεῖς
2207 3729 2483 3816 χρόνους
2525 3728 2616 3814 μὴ

276 3829 377 3901 ἐπ’
427 3830 657 3913 ἀδείας
700 3831 872 3913 ὅλως
915 3833 1174 3913 ἐξεῖναι,
1220 3833 1340 3911 τὰς
1384 3829 1465 3900 δι’
1501 3834 1783 3917 αἳματος
1813 3831 2204 3917 ἐξαγομένας
2234 3825 2620 3915 ἀποφάσεις

278 3936 372 4015 εἷς
414 3932 760 4014 αὐτοτελὲς
803 3940 1189 4021 προβαίνειν
1237 3934 1440 4018 ἐ’ργον,
1489 3934 1548 4000 εἰ
1590 3933 1678 4019 μὴ
1723 3932 1891 4015 μετὰ
1917 3932 2035 4016 τὴν
2063 3928 2413 4016 βασιλικὴν
2444 3925 2619 3996 ἀπό-

280 4060 485 4123 φασιν
542 4038 597 4105 λ’
659 4034 811 4105 ὅλαι
865 4032 1107 4123 ἡμέραι
1160 4035 1589 4120 παρέλθωσι,
1656 4038 1875 4117 μένειν
1935 4032 2006 4097 δὲ
2061 4029 2177 4096 τὸν
2230 4030 2619 4116 κατάκριτον

280 4132 484 4226 άθιγῆ
541 4142 649 4206 καὶ
704 4142 822 4206 τοῦ
878 4138 1107 4222 καιροῦ
1162 4140 1560 4221 προσμένειν
1618 4132 1736 4221 τὴν
1778 4131 2132 4219 παρολκὴν,
2179 4136 2617 4221 στρατιωτιιῷ

282 4285 553 4295 ...σ-..ι--ι-σιοο

414 4356 437 4385 ⁴
474 4359 547 4410 Cf.
581 4360 613 4411 l.
650 4360 715 4410 20
752 4362 804 4412 C.
842 4365 900 4413 de
931 4363 1109 4427 poenis.
1249 4354 1269 4384 ⁵
1304 4357 1518 4421 Legerim
1554 4348 1690 4426 αῦτῇ
1724 4355 1807 4424 τῇ.
1949 4356 1971 4385 ⁶
2007 4357 2150 4407 Wiue
2186 4357 2311 4423 conj.
2347 4347 2429 4407 οὔ.
2482 4355 2616 4405 Male.
