2900 4950
1065 260 1183 321 Imp.
1219 258 1387 309 isoncii
1426 256 1604 319 Angeli.
2383 243 2506 311 523

161 426 408 486 „antem
451 422 508 472 et
544 429 666 491 pro
713 410 824 472 hoc
868 409 1233 472 clementiam
1279 419 1555 470 nostram
1596 407 1940 488 fidelissimi
1977 420 2037 470 et
2079 412 2257 469 amici
2294 419 2507 470 nostre

166 516 553 586 „serenitatis
603 511 876 580 Venetici,
929 524 1224 591 quatenns
1272 521 1328 570 et
1377 508 1723 584 hujusmodi
1765 512 2118 586 corriyatur
2162 508 2507 587 capitulum,

167 618 411 694 „eisque
456 612 639 689 hujus
688 613 865 674 detur
913 612 1149 673 licentia
1195 624 1254 673 et
1298 609 1581 680 libertas,
1640 609 1950 670 clementia
1993 621 2211 670 nostra
2256 620 2313 670 et
2359 610 2511 669 hanc

162 733 418 801 „eorum
457 718 818 794 peticionem
861 712 1246 793 adimplevit„
1271 723 1328 773 et
1350 716 1609 791 precipit
1636 729 1751 790 per
1776 729 2031 790 presens
2063 708 2508 787 chrysobnlum,

166 826 277 888 „ut
332 815 543 876 mellus
602 815 712 877 sub
770 826 980 876 nostre
1022 814 1359 889 majestatis
1398 824 1698 892 potestate
1741 811 2103 874 Romeorum
2148 830 2281 872 cnm
2335 810 2511 872 Vene—

164 921 342 989 „ticis
398 919 842 994 neyociancinm
901 918 966 977 in
1033 916 1303 976 omnibns
1349 914 1637 975 Romanie
1696 917 1910 983 terrie,
1969 925 2077 973 aut
2129 913 2367 993 qnando
2427 915 2510 974 eis

167 1018 415 1089 „vendit
472 1027 576 1077 aut
634 1018 871 1096 quando
929 1018 1001 1078 ab
1047 1017 1250 1095 aliquo
1298 1035 1505 1079 eorum
1552 1019 1721 1084 emit,
1785 1015 1879 1075 det
1926 1015 2270 1075 commerlcii
2307 1018 2512 1093 qratia

166 1121 522 1198 „quicquam
579 1117 674 1178 vel
727 1115 989 1192 alicujus
1049 1118 1207 1178 alius
1265 1120 1633 1192 emactionis5
1691 1116 1796 1176 sed
1852 1125 2226 1175 eaecusentur
2270 1126 2324 1175 et
2369 1119 2507 1194 ipsi,

167 1238 317 1291 „seu
376 1218 489 1289 hii,
548 1220 652 1296 qui
705 1218 1096 1278 commercbia
1152 1220 1432 1279 dantibus
1489 1220 1902 1294 neqociantur.
2004 1215 2409 1276 Verumtamen
2455 1226 2510 1276 et

167 1319 733 1403 „Venetici-debent
795 1337 894 1388 ea,
954 1338 1062 1399 que
1101 1337 1219 1398 per
1266 1323 1713 1379 conventionem
1758 1320 1989 1396 scripto
2028 1317 2432 1394 perayenclam
2475 1335 2511 1375 a

169 1422 446 1493 „nuntiis
504 1437 715 1479 eorum
772 1419 1076 1480 clementie
1126 1432 1338 1482 nostre
1395 1431 1537 1479 sunt
1581 1417 2004 1495 jurejurando
2053 1421 2396 1495 promissa,
2457 1429 2513 1479 et

169 1521 395 1599 „firma
441 1530 499 1579 et
543 1520 916 1580 inviolabilia
963 1521 1307 1581 observare.
1384 1520 1582 1599 Super
1628 1518 1791 1580 boc¹⁹
1837 1530 2016 1579 erunt
2059 1522 2183 1596 ipsi
2198 1518 2369 1594 juris
2394 1519 2513 1580 sibi

170 1621 426 1695 „collati
459 1640 575 1700 per
611 1638 865 1700 presens
912 1621 1296 1698 crysobulum
1341 1626 1469 1682 sine
1505 1620 1807 1681 ablatione
1837 1621 2149 1693 donantes,
2188 1639 2308 1699 per
2337 1640 2510 1681 secu-

169 1722 338 1795 „lum
386 1741 553 1783 omne
595 1722 775 1801 firmo
822 1732 878 1782 et
922 1721 1567 1802 inviolabilipresente
1598 1721 1953 1799 chrysobolo
1987 1724 2296 1791 eoeistente,
2342 1724 2509 1799 sacto

170 1842 411 1898 „mense
457 1824 722 1901 Auyusto
767 1824 1112 1884 indictionis
1159 1834 1372 1903 quarte
1417 1841 1527 1883 sem
1568 1822 1874 1882 millesimi
1915 1826 2364 1883 sexcentessimi
2392 1827 2511 1885 tri-

171 1924 474 2003 „9esimi²⁰
515 1927 725 2003 quarti
763 1928 928 1992 anni,
975 1929 1038 1983 in
1082 1944 1195 2002 qno
1241 1935 1295 1983 et
1340 1934 1621 1983 nostrum
1659 1927 1829 2002 pium
1874 1935 1932 1984 et
1962 1942 1996 1982 a
2031 1925 2134 1983 (leo
2160 1934 2511 2001 promotum

172 2026 591 2104 „subsignavit
638 2023 1025 2102 Imperium.“

344 2125 468 2187 Hec
522 2128 712 2204 iyitur
756 2136 928 2195 sunt,
986 2145 1096 2206 que
1142 2145 1178 2185 a
1215 2137 1504 2206 perpetue
1549 2129 1828 2185 memorie
1876 2124 2250 2205 Imperatore
2296 2134 2352 2184 et
2397 2143 2509 2187 avo

174 2229 430 2308 Imperii
468 2229 676 2315 nosfri
716 2235 770 2286 et
818 2237 913 2286 ter
959 2227 1126 2287 beato
1174 2226 1550 2305 Imperatore
1597 2227 1833 2287 donn'no
1881 2237 1936 2286 et
1975 2236 2158 2306 patre
2205 2225 2511 2286 celsitudi-

173 2334 271 2391 nis
317 2338 526 2391 nostre
568 2327 931 2407 fidelissimis
979 2326 1238 2407 Imperio
1283 2340 1499 2390 nostro
1541 2326 1822 2388 Veneticis
1862 2346 1978 2406 per
2025 2327 2385 2406 chrysobula
2432 2326 2512 2386 il-

178 2432 383 2494 lorum
440 2428 661 2492 collata
717 2439 896 2507 sunt,·
956 2449 1064 2510 que
1121 2434 1297 2490 etiam
1344 2428 1711 2507 chrysobula
1755 2440 1812 2490 et
1854 2440 2134 2492 nostrum
2172 2431 2343 2507 pium
2390 2428 2512 2488 Im·-

169 2539 412 2614 perinm
471 2532 837 2593 corroborat
886 2551 1000 2610 per
1052 2551 1307 2611 presens
1356 2531 1757 2606 crisobulum,
1816 2543 1871 2592 et
1906 2531 2082 2607 jubet
2127 2533 2399 2612 effectum
2443 2549 2513 2590 ea

178 2635 424 2706 habere,
483 2634 807 2695 secundum
863 2634 1020 2713 quod
1073 2653 1207 2694 eum
1263 2652 1449 2713 usqne
1508 2635 1586 2694 ad
1627 2633 2045 2713 miyrationem
2090 2634 2167 2694 ad
2210 2635 2513 2694 dominum

175 2743 340 2799 inter
395 2734 802 2814 Imperatores
852 2746 1142 2814 perpetue
1197 2738 1480 2794 memorie
1536 2747 1629 2796 ter
1687 2735 1846 2795 beati
1898 2736 2127 2796 domini
2189 2748 2245 2798 et
2306 2738 2511 2815 patris

173 2849 388 2901 nostre
434 2835 816 2897 sublimitatis
864 2834 1173 2896 habebant.
1244 2834 1497 2895 Venetici
1535 2845 1733 2896 autem
1778 2834 1961 2897 solita
1990 2837 2107 2896 sibi
2133 2848 2514 2898 sacramenta

175 2943 468 3021 facientes
515 2937 920 2997 observabunt
960 2936 1139 3014 fidem
1182 2945 1239 2995 et
1284 2938 1651 3005 servitutem,
1698 2955 1874 3015 quam
1920 2946 2129 2996 nostre
2176 2937 2519 2998 celsitudini

177 3045 388 3105 debent
429 3049 485 3101 et
525 3038 830 3105 Romame,
875 3039 1022 3114 ipsis
1070 3036 1351 3115 operibus
1389 3053 1619 3113 puram
1646 3047 1703 3096 et
1734 3056 1874 3097 vere
1906 3049 2149 3098 rectam.
2216 3037 2515 3109 Quoniam

177 3162 353 3213 vcro,
411 3150 482 3201 ut
540 3138 798 3199 relatum
847 3139 966 3214 snit
1024 3138 1326 3199 clementie
1378 3146 1587 3196 nostre
1634 3156 1669 3195 a
1714 3141 1943 3198 nuioete'is
2000 3137 2406 3199 Veneticorum
2450 3143 2515 3200 in

171 3262 393 3321 mayna
445 3240 596 3301 urbe
646 3238 1063 3318 presentibus,
1133 3241 1518 3317 inpetravere
1580 3236 1837 3298 Venetici
1878 3251 2228 3318 preceptum
2283 3241 2517 3320 quidem

176 3350 338 3406 inter
383 3342 788 3421 Imperatores
834 3358 1067 3419 semper
1111 3335 1491 3399 memorandi
1517 3338 1932 3417 Imperatoris,
1981 3342 2206 3401 domini
2232 3351 2285 3401 et
2312 3345 2514 3420 patris

183 3445 430 3526 Imperii
479 3447 703 3517 nostri,
765 3442 1066 3503 licenciam
1119 3445 1268 3521 ipsis
1327 3441 1592 3520 lar9iens
1648 3444 1778 3502 sine
1826 3442 2237 3519 prohibitione
2296 3453 2351 3505 et
2400 3462 2517 3524 per

178 3548 411 3609 insulas
456 3544 839 3623 neqociandi,
895 3543 1167 3605 videlicet
1215 3543 1463 3622 Ciprum
1506 3553 1563 3603 et
1613 3543 1878 3614 Cretam,
1923 3563 2042 3623 per
2087 3546 2243 3626 qnod
2287 3556 2339 3607 et
2386 3551 2516 3608 sine

184 3648 553 3709 commerlciis
619 3646 866 3708 debeant
912 3647 1212 3706 custodiri
1247 3644 1463 3724 ubique
1508 3654 1821 3705 terrarum
1867 3644 2114 3725 Imperii
2154 3653 2361 3711 nostri
2393 3668 2515 3728 pro

181 3750 293 3811 hiis
352 3752 544 3810 omnis
597 3749 832 3826 generis
890 3747 1227 3825 speciebus,
1285 3766 1432 3825 quas
1478 3750 1602 3825 ipsi
1641 3747 1712 3806 ab
1758 3747 1977 3807 eisdem
2020 3749 2237 3811 insulis
2281 3768 2516 3809 merca-

181 3853 361 3921 bunt,
407 3851 674 3931 nequivit
720 3858 920 3907 antem
961 3858 1139 3907 tenor
1181 3845 1444 3921 ejusdem
1485 3850 1759 3925 precepti
1798 3847 1992 3907 adhuc
2038 3851 2310 3929 effectum
2356 3854 2517 3911 reci-

173 3969 339 4030 pere,
383 3969 558 4031 quam
603 3950 672 4012 ob
721 3967 848 4008 rem
892 3957 946 4007 et
991 3966 1151 4007 minc
1195 3965 1378 4027 usque
1421 3946 1676 4006 Venetici
1719 3946 1940 4010 collato
1972 3952 2120 4028 ipsis
2151 3969 2265 4028 per
2296 3949 2514 4026 hujus-

178 4052 345 4112 modi
380 4062 729 4132 preceptum
775 4049 1053 4129 beneficio
1111 4059 1319 4108 carent
1335 4067 1352 4120 3
1406 4052 1831 4128 petieruntque
1877 4050 1948 4110 ab
1996 4047 2253 4128 Imperio
2299 4062 2514 4113 nostro

369 4205 532 4212 m

316 4282 353 4310 ¹⁹
389 4285 488 4334 Lib.
525 4286 806 4338 Paetorum:
849 4290 1071 4339 Similiter
1105 4290 1203 4337 hoc.
1395 4282 1435 4310 ²⁰
1470 4286 1674 4335 Verbum
1710 4288 1932 4349 trigesimi
1967 4288 2284 4352 supplendum
2323 4297 2423 4340 erat
2458 4305 2514 4341 ex

178 4372 291 4422 Nov.
331 4369 426 4418 mv
463 4384 621 4433 supra.
