2900 4950
1140 278 1259 343 lmp.
1295 279 1443 332 Alexii
1482 281 1730 335 Comneni.
2468 280 2587 343 421

254 422 410 486 θῶν
453 444 558 500 τις
598 426 803 507 κρίνει
843 420 962 510 τὴν
1004 425 1201 513 τιμὴν
1244 423 1533 513 ἀτιμίαν.
1594 437 1699 509 τίς
1738 430 1861 517 γὰρ
1889 435 2022 500 τῶν
2054 424 2123 500 εὖ
2169 437 2590 522 φρονούντων

253 514 371 587 οὔκ
414 519 835 607 ἐπιγινώσκει
876 523 993 591 τὸν
1034 521 1446 614 ὑψηλότερον
1487 531 1759 616 βαθμὸν
1800 537 1919 600 τοῦ
1956 535 2282 619 ἱερατικοῦ
2311 541 2592 607 καταλό-

251 644 408 707 γους
454 618 560 690 ὅτι
605 619 833 708 ὥσπερ
879 619 915 690 ὅ
961 621 1292 715 ἀρχιερεὺς
1332 631 1573 714 μείζων
1618 632 1756 699 ἐστὶ
1798 637 1916 700 τοῦ
1963 636 2215 721 ἱερέως,
2262 635 2435 707 οὕτω
2478 645 2588 709 καὶ

255 717 297 788 ὅ
340 722 549 809 ἱερεὺς
587 728 708 791 τοῦ
753 724 1076 794 διακόνου.
1136 724 1256 796 κᾶν
1296 732 1837 815 πρωτοδιάκονός
1878 762 1980 815 τις
2008 738 2129 825 εἴη,
2175 744 2442 823 πρῶτος
2467 744 2588 825 μὲν

250 826 387 891 τῶν
414 824 754 914 ἱδιακόνιον
797 826 993 908 ἐστὶν,
1040 829 1311 912 ἔσχατος
1355 834 1428 898 δὲ
1470 837 1588 899 τοῦ
1632 833 1907 917 ἐσχάτου
1931 841 2068 905 τῶν
2099 840 2342 925 ἱερέων.
2403 838 2440 908 ὅ
2467 844 2589 927 μὲν

251 923 378 1011 γὰρ
422 926 631 1013 ἱερεὺς
673 929 1079 1013 συνεδριάζει
1118 935 1214 1018 τῷ
1259 927 1563 1019 ἀρχιερεῖ,
1612 931 1648 1002 ὃ
1693 937 1766 1004 δὲ
1800 944 2168 1027 παρέστηκε
2205 943 2311 1008 καὶ
2343 939 2590 1030 ὑπηρε-

181 1096 185 1099 ,
253 1036 377 1094 τεῒ.
436 1027 676 1096 λοιπὸν
718 1030 1092 1115 προθύμως
1131 1036 1245 1100 καὶ
1286 1032 1473 1116 ἄξιος
1519 1036 1821 1118 διάκονος
1850 1039 1944 1118 εἰς
1973 1040 2049 1106 τὸ
2079 1050 2589 1130 πρεσβυτερεῖον

256 1127 713 1197 εἰσελεύσεται.
801 1126 1122 1217 ἀπονέμει
1166 1135 1237 1201 δὲ
1280 1146 1424 1215 τοῖς
1466 1137 1795 1218 τοιούτοις
1838 1141 2261 1222 διδασκάλοις
2300 1151 2444 1226 τοῖς
2484 1170 2591 1232 γε·

254 1235 556 1314 νομένοις
601 1232 881 1318 ἱερεῦσιν
921 1230 963 1319 ἦ
1004 1236 1313 1320 βασιλεία
1338 1261 1468 1321 μου
1496 1242 1606 1305 καὶ
1632 1240 1858 1323 μεῖζον
1885 1240 1965 1307 τὸ
1992 1250 2365 1331 σιτηρέσιον
2391 1243 2590 1333 ἤγουν

255 1329 507 1418 ἑκάστῳ
562 1333 988 1418 νομισμάτων
1031 1385 1046 1401 .
1072 1387 1089 1401 .
1115 1388 1130 1402 .
1188 1338 1256 1404 οἱ
1313 1340 1386 1404 δὲ
1436 1336 1528 1427 μὴ
1586 1343 2136 1427 προθυμούμενοι
2191 1345 2288 1412 ἔτι
2341 1345 2419 1412 τὸ
2473 1349 2592 1433 τῆς

256 1431 611 1520 ἱερωσύνης
651 1429 908 1520 ὑψηλὸν
952 1431 1213 1520 ἀξίωμα
1256 1438 1584 1518 δέξασθαι
1625 1445 1732 1508 καὶ
1765 1442 1831 1509 ἐν
1861 1442 2192 1523 διακόνοις
2219 1442 2403 1524 ὄντες
2430 1441 2592 1515 ἀνα-

257 1533 679 1615 δεχέσθωσαν
732 1537 849 1623 τὴν
903 1538 1020 1624 τῆς
1074 1537 1505 1619 διδασκαλίας
1563 1541 1931 1623 διακονίαν,
2009 1545 2219 1613 ἱκανοὶ
2286 1547 2592 1630 δηλονότι

252 1633 425 1701 κατά
462 1660 536 1703 τε
579 1635 771 1721 λόγον
815 1635 999 1716 ὄντες
1040 1641 1147 1706 καὶ
1192 1635 1445 1728 ἀρετήν.
1537 1641 1867 1730 λήψονται
1911 1639 1984 1711 δὲ
2030 1635 2216 1712 οὗτοι
2257 1646 2374 1733 τὴν
2418 1642 2589 1714 ἂνω-

253 1740 425 1819 τέρω
471 1735 807 1823 εἰρημένην
850 1746 1291 1823 παραμυθίαν
1332 1744 1451 1807 τοῦ
1495 1741 1708 1810 κόπου
1754 1738 1968 1812 αὐτῶν
2013 1745 2080 1811 ἐν
2122 1755 2271 1824 ταῖς
2315 1747 2591 1814 στάσεσι

251 1839 365 1904 καὶ
408 1836 479 1905 ἐν
518 1847 671 1916 ταῖς
710 1838 999 1918 εἰσόδοις
1038 1839 1194 1918 τοὺς
1237 1842 1519 1921 οἰκείους
1559 1844 1869 1928 βαθμοὺς
1896 1846 2001 1911 καὶ
2032 1844 2284 1925 τόπους
2314 1845 2585 1929 ἔχοντες.

256 1939 323 2005 οἱ
368 1932 746 2026 ὀφείλοντες
789 1941 862 2007 δὲ
892 1939 1438 2027 προχειρίζεσθαι
1470 1944 1856 2010 διδάσκαλοι
1883 1939 2019 2010 κατ’
2055 1943 2369 2030 ἐπιλογὴν
2400 1940 2590 2034 ὀφεί-

255 2041 450 2108 λουσι
491 2041 1051 2126 προχειρίζεσθαι,
1098 2043 1208 2108 ἵνα
1250 2042 1361 2110 καὶ
1404 2043 1520 2111 τὸν
1566 2044 2025 2110 διδασκαλικὸν
2058 2044 2252 2129 λόγον
2284 2040 2588 2130 ἀκέραιον

255 2144 362 2208 καὶ
420 2139 535 2207 τὸν
587 2148 735 2225 βίον
792 2143 1028 2225 ἔχωσιν
1070 2137 1548 2232 ἀνεπίληπτον.
1629 2144 1690 2210 εἰ
1730 2145 1852 2229 γὰρ
1898 2139 1933 2208 ὃ
1979 2142 2165 2222 ἄξιος
2209 2150 2589 2231 παρορᾶται

254 2240 367 2315 καὶ
410 2237 447 2307 ὅ
492 2237 760 2322 ἀνάξιος
801 2244 1295 2329 προβιβάζεται,
1340 2251 1541 2330 κρίμα
1583 2245 1891 2328 προξενεῖ
1929 2248 2126 2310 τοῦτο
2173 2249 2268 2332 τῷ
2313 2254 2590 2333 προκρί-

258 2368 444 2410 ναντι
496 2345 617 2428 μὲν
671 2342 786 2409 τὸν
848 2339 1146 2425 ἀνάξιον,
1203 2348 1587 2429 παρορῶντι
1643 2345 1715 2410 δὲ
1767 2342 1884 2411 τὸν
1928 2341 2143 2425 ἄξιον,
2199 2348 2307 2413 καὶ
2355 2347 2587 2435 ζημίαν

254 2444 537 2530 ψυχικὴν
583 2439 920 2534 ἀφόρητον
964 2440 1068 2525 οἷς
1111 2442 1148 2513 ὃ
1190 2445 1278 2531 μὴ
1324 2443 1511 2525 ἄξιος
1537 2443 1935 2525 διδάσκαλος
1964 2446 2342 2534 ἑφίσταταιῑ
2399 2447 2589 2516 διδά-

256 2547 497 2614 σκαλον
539 2545 662 2632 γὰρ
705 2543 743 2635 ἡ
788 2549 1095 2631 βασιλεία
1134 2570 1262 2631 μου
1304 2544 1420 2611 τὸν
1463 2542 1650 2623 ἄξιον
1695 2542 1786 2625 ὥς
1829 2544 2093 2615 ἄνωθεν
2139 2550 2395 2635 εἴρηται
2439 2546 2590 2617 ὀνο-

252 2648 448 2734 μάζει
499 2674 572 2715 τε
619 2651 730 2716 καὶ
772 2660 980 2716 τυποῖ
1020 2645 1134 2713 τὸν
1174 2652 1512 2729 κρείττονα
1556 2645 1861 2732 δηλονότι
1901 2651 2034 2717 τῶν
2079 2648 2295 2717 ἄλλων
2340 2647 2417 2716 οὗ
2456 2650 2588 2739 μὴν

255 2748 371 2817 τὸν
413 2748 502 2837 μὴ
547 2753 869 2817 τοιοῦτον.
927 2750 1038 2815 ἵνα
1078 2746 1152 2812 δὲ
1196 2745 1297 2827 εἴη
1344 2738 1627 2829 εὗπορία
1670 2751 1803 2815 τῶν
1848 2744 2069 2830 ἀξίων,
2114 2756 2224 2817 καὶ
2270 2746 2410 2818 ἀπὸ
2452 2755 2587 2819 τῶν

255 2853 500 2918 zaza&
554 2849 663 2918 καί
720 2846 857 2917 ἀπὸ
922 2851 1056 2914 τῶν
1108 2848 1412 2935 μοναχῶν
1469 2846 1582 2913 ἐὰν
1635 2843 1876 2936 εὑρεθῇ
1936 2875 2038 2928 τις
2093 2851 2252 2932 ἔχων
2307 2855 2419 2918 καὶ.
2473 2851 2587 2918 τὸν

259 2951 721 3019 διδασκαλικὸν
775 2947 965 3035 λόγον
1021 2949 1130 3013 καὶ
1184 2945 1300 3011 τὸν
1345 2941 1796 3035 ἀνεπίληπτον
1839 2957 1987 3034 βίον
2033 2947 2204 3016 ὥστε
2244 2950 2333 3038 μὴ
2380 2951 2588 3018 κωλύ-

257 3058 466 3120 εσθαι
506 3053 602 3130 εἰς
627 3048 998 3135 ἱερωσύνην,
1043 3042 1381 3114 καλείσθω
1424 3049 1534 3115 καὶ
1579 3049 2123 3134 προχειριζέσθω,
2172 3048 2282 3118 ὅτε
2326 3047 2590 3130 ἀξιολο-

255 3153 536 3240 γώτερος
580 3149 884 3237 δηλονότι
927 3149 1065 3216 ἐστὶ
1109 3151 1241 3215 τῶν
1285 3152 1401 3235 τῆς
1444 3149 1800 3235 ἐκκλησίας.
1885 3154 1978 3237 τῷ
2032 3175 2106 3236 γε
2155 3151 2282 3238 μὴν
2323 3155 2587 3239 μοναχῷ

256 3249 446 3320 οῦδὲν
491 3249 641 3318 οὔτε
681 3252 833 3336 περὶ
879 3250 1212 3333 καθέδρας
1256 3248 1408 3317 οὕτε
1449 3253 1603 3335 περὶ
1636 3250 1932 3329 στάσεως
1959 3246 2002 3339 ἢ
2031 3251 2293 3318 εἰσόδου
2326 3252 2584 3320 διοίσει.

256 3356 444 3422 εἴποι
498 3352 569 3418 δὲ
626 3349 705 3417 ἄν
761 3377 863 3430 τις
918 3352 1083 3428 ἰ’σως
1139 3353 1292 3433 περὶ
1350 3352 1482 3417 τῶν
1537 3353 2038 3439 κεκληρωμένων
2091 3352 2212 3441 ἤδη
2268 3353 2471 3440 μήπω
2516 3355 2590 3420 δὲ

255 3457 783 3540 κατηρτισμένων
824 3450 990 3517 κατά
1032 3476 1106 3519 τε
1148 3452 1341 3537 λόγον
1385 3450 1498 3518 καὶ
1538 3454 1802 3540 πρᾶξιν,
1851 3449 1940 3532 (ὗς
1963 3454 2148 3538 παρὰ
2175 3453 2330 3533 τοὺς
2358 3459 2591 3532 θείους

253 3553 535 3632 κανόνας
573 3550 614 3639 ἡ
659 3552 964 3639 ἐκκλησία
1003 3552 1278 3633 τούτους
1321 3553 1419 3621 ἔτι
1461 3558 1576 3622 νῦν
1619 3558 2080 3641 παραδέχεται.
2141 3551 2310 3623 ἀλλὰ
2338 3578 2592 3641 σκοπη-

206 3710 211 3714 .
258 3654 439 3727 σάτω
497 3650 604 3720 ὅτι
654 3652 732 3719 τὸ
789 3653 859 3720 ἐκ
910 3658 1177 3739 μακρῶν
1215 3653 1467 3739 χρόνων
1510 3656 1852 3740 γινόμενον
1893 3653 2251 3726 κάντεῦθεν
2297 3652 2386 3734 ὥς
2429 3657 2592 3734 ἔθος

256 3758 583 3842 κρατῆσαν
629 3755 687 3821 εἰ
728 3757 835 3821 καὶ
880 3754 1281 3839 παράλογον,
1330 3752 1420 3833 ὥς
1465 3750 1579 3821 ἀπ’
1614 3757 1913 3836 ἐναντίας
1941 3768 2084 3836 τοῖς
2113 3764 2331 3833 θείοις
2360 3755 2593 3822 κανόσι

255 3856 615 3943 γινόμενον,
664 3855 1027 3934 εἰσδέξεται
1074 3853 1191 3942 τὴν
1236 3852 1606 3939 διόρθωσιν
1651 3852 1734 3923 δι’
1784 3858 2160 3941 οἰκονομίας
2202 3852 2472 3941 άρίστης
2513 3854 2592 3921 τὸ

265 3955 522 4025 ἄλυπον
564 3960 742 4024 πᾶσι
779 3961 1374 4041 περιποιουμένης,
1436 3951 1553 4021 οὔκ
1608 3954 1738 4041 ἄρα
1779 3959 1896 4022 τοῦ
1944 3957 2192 4034 εἰκότος
2235 3950 2593 4041 ἅπᾴδουσα

260 4057 511 4138 δόξειεν
566 4052 646 4125 ἂν
696 4055 741 4143 ἡ·
784 4056 1141 4140 οἰκονομία.
1233 4050 1309 4121 οὗ
1353 4054 1476 4141 γὰρ
1520 4055 1598 4121 τὸ
1641 4056 2021 4142 παράλογον
2067 4052 2398 4139 δεχόμεθα
2441 4053 2595 4122 οὔτε

252 4159 384 4246 μὴν
439 4162 635 4226 τοῦτο
680 4155 1208 4246 προτρεπόμεθα
1248 4153 1578 4242 γίνεσθαι,
1626 4150 1794 4222 ἀλλὰ
1835 4157 2085 4241 μᾶλλον
2127 4154 2205 4221 τὸ
2245 4154 2335 4241 μὴ
2379 4155 2594 4234 καλῶς

254 4259 598 4347 γινόμενον
643 4258 991 4347 ἐπιτρέπει
1035 4259 1505 4344 διορθωθῆναι
1544 4252 1583 4345 ἦ
1627 4254 1938 4343 βασιλεία
1978 4280 2125 4342 μου.
2207 4254 2431 4324 ἐθέλει
2471 4255 2593 4342 γὰρ

259 4360 319 4428 εἰ
370 4359 485 4429 καὶ
525 4360 614 4449 μὴ
663 4361 730 4430 ἐν
771 4371 917 4441 τοῖς
958 4357 1187 4439 ἄλλοις
1227 4360 1457 4438 καλοῖς
1501 4353 1638 4427 ἄλλ’
1688 4358 1756 4427 ἐν
1804 4357 2019 4446 τούτῳ
2061 4361 2216 4445 γοῦν
2259 4360 2351 4444 τῷ
2398 4352 2597 4442 ἄναγ-
