<?xml version="1.0" encoding="UTF-8"?>
<!DOCTYPE html PUBLIC "-//W3C//DTD XHTML 1.0 Transitional//EN"
    "http://www.w3.org/TR/xhtml1/DTD/xhtml1-transitional.dtd">
<html xmlns="http://www.w3.org/1999/xhtml" xml:lang="en" lang="en">
 <head>
  <title>
</title>
<meta http-equiv="Content-Type" content="text/html;charset=utf-8" />
  <meta name='ocr-system' content='tesseract 3.04.00' />
  <meta name='ocr-capabilities' content='ocr_page ocr_carea ocr_par ocr_line ocrx_word'/>
</head>
<body>
  <div class='ocr_page' id='page_1' title='image "./jusgraecoromanu00linggoog_0463.png"; bbox 0 0 2900 4950; ppageno 0'>
   <div class='ocr_carea' id='block_1_1' title="bbox 224 249 2580 499">
    <p class='ocr_par' dir='ltr' id='par_1_1' title="bbox 224 249 2580 499">
     <span class='ocr_line' id='line_1_1' title="bbox 1103 249 2578 325; baseline 0 -13"><span class='ocrx_word' id='word_1_1' title='bbox 1103 260 1227 325; x_wconf 77' lang='lat' dir='ltr'><strong><em>lmp.</em></strong></span> <span class='ocrx_word' id='word_1_2' title='bbox 1256 259 1405 314; x_wconf 64' lang='lat' dir='ltr'><strong>noxii</strong></span> <span class='ocrx_word' id='word_1_3' title='bbox 1444 259 1698 312; x_wconf 64' lang='lat' dir='ltr'><strong><em>(lennem.</em></strong></span> <span class='ocrx_word' id='word_1_4' title='bbox 1745 307 1750 312; x_wconf 86' lang='grc'><strong><em>,</em></strong></span> <span class='ocrx_word' id='word_1_5' title='bbox 2449 249 2578 312; x_wconf 72' lang='lat'><strong><em>40⁹</em></strong></span> 
     </span>
     <span class='ocr_line' id='line_1_2' title="bbox 224 402 2580 499; baseline 0.003 -27"><span class='ocrx_word' id='word_1_6' title='bbox 224 407 478 496; x_wconf 69' lang='grc' dir='ltr'><strong><em>ψυχικά</em></strong></span> <span class='ocrx_word' id='word_1_7' title='bbox 520 405 882 495; x_wconf 79' lang='grc' dir='ltr'><strong><em>σφάλματα</em></strong></span> <span class='ocrx_word' id='word_1_8' title='bbox 925 405 1322 496; x_wconf 71' lang='grc' dir='ltr'><strong><em>ἐπιζητήσει,</em></strong></span> <span class='ocrx_word' id='word_1_9' title='bbox 1366 402 1540 476; x_wconf 85' lang='grc' dir='ltr'><strong><em>ἀλλὰ</em></strong></span> <span class='ocrx_word' id='word_1_10' title='bbox 1580 409 1690 476; x_wconf 74' lang='grc' dir='ltr'><strong><em>καὶ</em></strong></span> <span class='ocrx_word' id='word_1_11' title='bbox 1727 408 1789 478; x_wconf 72' lang='grc' dir='ltr'><strong><em>εἰ</em></strong></span> <span class='ocrx_word' id='word_1_12' title='bbox 1815 409 2276 498; x_wconf 67' lang='grc' dir='ltr'><strong><em>κατελύθησαν</em></strong></span> <span class='ocrx_word' id='word_1_13' title='bbox 2303 406 2348 499; x_wconf 82' lang='grc' dir='ltr'><em>ἢ</em></span> <span class='ocrx_word' id='word_1_14' title='bbox 2374 437 2580 480; x_wconf 76' lang='grc' dir='ltr'><strong><em>κατα-</em></strong></span> 
     </span>
    </p>
   </div>
   <div class='ocr_carea' id='block_1_2' title="bbox 227 502 2598 4262">
    <p class='ocr_par' dir='ltr' id='par_1_2' title="bbox 227 502 2598 4262">
     <span class='ocr_line' id='line_1_3' title="bbox 227 502 2579 597; baseline 0.002 -20"><span class='ocrx_word' id='word_1_15' title='bbox 227 510 503 584; x_wconf 76' lang='grc' dir='ltr'><strong><em>λύονται</em></strong></span> <span class='ocrx_word' id='word_1_16' title='bbox 538 511 821 597; x_wconf 86' lang='grc' dir='ltr'><strong><em>μερικῶς</em></strong></span> <span class='ocrx_word' id='word_1_17' title='bbox 862 502 904 595; x_wconf 83' lang='grc' dir='ltr'><strong><em>ἢ</em></strong></span> <span class='ocrx_word' id='word_1_18' title='bbox 944 509 1243 578; x_wconf 83' lang='grc' dir='ltr'><strong><em>καθόλου</em></strong></span> <span class='ocrx_word' id='word_1_19' title='bbox 1286 507 1475 596; x_wconf 80' lang='grc' dir='ltr'><strong><em>παρά</em></strong></span> <span class='ocrx_word' id='word_1_20' title='bbox 1515 512 1648 577; x_wconf 92' lang='grc' dir='ltr'><strong><em>τῶν</em></strong></span> <span class='ocrx_word' id='word_1_21' title='bbox 1691 508 2030 596; x_wconf 86' lang='grc' dir='ltr'><strong><em>λαβόντων</em></strong></span> <span class='ocrx_word' id='word_1_22' title='bbox 2074 514 2302 580; x_wconf 80' lang='grc' dir='ltr'><strong><em>ταῦτα.</em></strong></span> <span class='ocrx_word' id='word_1_23' title='bbox 2361 516 2471 581; x_wconf 74' lang='grc' dir='ltr'><strong><em>καὶ</em></strong></span> <span class='ocrx_word' id='word_1_24' title='bbox 2517 514 2579 582; x_wconf 77' lang='grc' dir='ltr'><strong><em>εἰ</em></strong></span> 
     </span>
     <span class='ocr_line' id='line_1_4' title="bbox 230 605 2581 701; baseline -0.001 -17"><span class='ocrx_word' id='word_1_25' title='bbox 230 609 491 701; x_wconf 79' lang='grc' dir='ltr'><strong><em>εὖρήσει</em></strong></span> <span class='ocrx_word' id='word_1_26' title='bbox 533 610 720 690; x_wconf 81' lang='grc' dir='ltr'><strong><em>τινὰς</em></strong></span> <span class='ocrx_word' id='word_1_27' title='bbox 757 609 1071 696; x_wconf 81' lang='grc' dir='ltr'><strong><em>μειώσεις</em></strong></span> <span class='ocrx_word' id='word_1_28' title='bbox 1114 611 1181 679; x_wconf 76' lang='grc' dir='ltr'><strong><em>ἐν</em></strong></span> <span class='ocrx_word' id='word_1_29' title='bbox 1226 605 1457 690; x_wconf 72' lang='grc' dir='ltr'><strong><em>αὐτοῖς</em></strong></span> <span class='ocrx_word' id='word_1_30' title='bbox 1495 617 1860 697; x_wconf 84' lang='grc' dir='ltr'><strong><em>γινομένας,</em></strong></span> <span class='ocrx_word' id='word_1_31' title='bbox 1906 614 2384 700; x_wconf 86' lang='grc' dir='ltr'><strong><em>καταναγκάσει</em></strong></span> <span class='ocrx_word' id='word_1_32' title='bbox 2423 614 2581 696; x_wconf 79' lang='grc' dir='ltr'><strong><em>τοὺς</em></strong></span> 
     </span>
     <span class='ocr_line' id='line_1_5' title="bbox 227 708 2584 802; baseline 0.002 -20"><span class='ocrx_word' id='word_1_33' title='bbox 227 717 440 782; x_wconf 76' lang='grc' dir='ltr'><strong><em>ταῦτα</em></strong></span> <span class='ocrx_word' id='word_1_34' title='bbox 492 718 883 797; x_wconf 79' lang='grc' dir='ltr'><strong><em>κατέχοντας</em></strong></span> <span class='ocrx_word' id='word_1_35' title='bbox 934 708 1407 784; x_wconf 74' lang='grc' dir='ltr'><strong><em>ἀποκαθιστᾶν</em></strong></span> <span class='ocrx_word' id='word_1_36' title='bbox 1448 716 1661 781; x_wconf 83' lang='grc' dir='ltr'><strong><em>ταῦτα</em></strong></span> <span class='ocrx_word' id='word_1_37' title='bbox 1676 764 1694 793; x_wconf 95' lang='grc'><strong><em>,</em></strong></span> <span class='ocrx_word' id='word_1_38' title='bbox 1760 713 1992 793; x_wconf 81' lang='grc' dir='ltr'><strong><em>καθὼς</em></strong></span> <span class='ocrx_word' id='word_1_39' title='bbox 2032 716 2413 802; x_wconf 79' lang='grc' dir='ltr'><strong><em>παρέλαβον</em></strong></span> <span class='ocrx_word' id='word_1_40' title='bbox 2468 716 2584 786; x_wconf 80' lang='grc' dir='ltr'><strong><em>καὶ</em></strong></span> 
     </span>
     <span class='ocr_line' id='line_1_6' title="bbox 233 810 2582 904; baseline -0 -18"><span class='ocrx_word' id='word_1_41' title='bbox 233 815 406 886; x_wconf 79' lang='grc' dir='ltr'><strong><em>κατὰ</em></strong></span> <span class='ocrx_word' id='word_1_42' title='bbox 461 813 580 902; x_wconf 80' lang='grc' dir='ltr'><strong><em>τὴν</em></strong></span> <span class='ocrx_word' id='word_1_43' title='bbox 635 810 955 898; x_wconf 78' lang='grc' dir='ltr'><strong><em>εὐπορίαν</em></strong></span> <span class='ocrx_word' id='word_1_44' title='bbox 1009 817 1129 883; x_wconf 79' lang='grc' dir='ltr'><strong><em>τοῦ</em></strong></span> <span class='ocrx_word' id='word_1_45' title='bbox 1182 812 1660 901; x_wconf 78' lang='grc' dir='ltr'><strong><em>μοναστηρίου·</em></strong></span> <span class='ocrx_word' id='word_1_46' title='bbox 1715 815 1891 904; x_wconf 85' lang='grc' dir='ltr'><strong><em>πλὴν</em></strong></span> <span class='ocrx_word' id='word_1_47' title='bbox 1945 810 2050 883; x_wconf 74' lang='grc' dir='ltr'><strong><em>ἐπ’</em></strong></span> <span class='ocrx_word' id='word_1_48' title='bbox 2110 814 2384 897; x_wconf 76' lang='grc' dir='ltr'><strong><em>ἐκείνοις</em></strong></span> <span class='ocrx_word' id='word_1_49' title='bbox 2436 828 2582 899; x_wconf 76' lang='grc' dir='ltr'><strong><em>τοῖς</em></strong></span> 
     </span>
     <span class='ocr_line' id='line_1_7' title="bbox 232 911 2577 1005; baseline 0.001 -19"><span class='ocrx_word' id='word_1_50' title='bbox 232 916 473 996; x_wconf 69' lang='grc' dir='ltr'><strong><em>ἐνδεῶς</em></strong></span> <span class='ocrx_word' id='word_1_51' title='bbox 515 916 740 1000; x_wconf 75' lang='grc' dir='ltr'><strong><em>ἔχουσι</em></strong></span> <span class='ocrx_word' id='word_1_52' title='bbox 781 914 954 1001; x_wconf 87' lang='grc' dir='ltr'><strong><em>πρὸς</em></strong></span> <span class='ocrx_word' id='word_1_53' title='bbox 995 915 1112 1004; x_wconf 84' lang='grc' dir='ltr'><strong><em>τὴν</em></strong></span> <span class='ocrx_word' id='word_1_54' title='bbox 1155 915 1578 996; x_wconf 84' lang='grc' dir='ltr'><strong><em>κατάστασιν,</em></strong></span> <span class='ocrx_word' id='word_1_55' title='bbox 1625 911 1779 983; x_wconf 84' lang='grc' dir='ltr'><strong><em>καθ’</em></strong></span> <span class='ocrx_word' id='word_1_56' title='bbox 1810 915 1889 1005; x_wconf 82' lang='grc' dir='ltr'><strong><em>ἢν</em></strong></span> <span class='ocrx_word' id='word_1_57' title='bbox 1931 918 2141 985; x_wconf 78' lang='grc' dir='ltr'><strong><em>ταῦτα</em></strong></span> <span class='ocrx_word' id='word_1_58' title='bbox 2177 921 2577 1005; x_wconf 80' lang='grc' dir='ltr'><strong><em>παρέλαβον.</em></strong></span> 
     </span>
     <span class='ocr_line' id='line_1_8' title="bbox 229 1016 2583 1105; baseline 0.001 -18"><span class='ocrx_word' id='word_1_59' title='bbox 229 1018 317 1087; x_wconf 82' lang='grc' dir='ltr'><strong><em>τὰ</em></strong></span> <span class='ocrx_word' id='word_1_60' title='bbox 359 1020 432 1086; x_wconf 84' lang='grc' dir='ltr'><strong><em>δέ</em></strong></span> <span class='ocrx_word' id='word_1_61' title='bbox 472 1042 545 1103; x_wconf 86' lang='grc' dir='ltr'><strong><em>γε</em></strong></span> <span class='ocrx_word' id='word_1_62' title='bbox 585 1018 1038 1104; x_wconf 79' lang='grc' dir='ltr'><strong><em>βελτιωθέντα</em></strong></span> <span class='ocrx_word' id='word_1_63' title='bbox 1079 1020 1188 1085; x_wconf 74' lang='grc' dir='ltr'><strong><em>καὶ</em></strong></span> <span class='ocrx_word' id='word_1_64' title='bbox 1233 1017 1699 1105; x_wconf 71' lang='grc' dir='ltr'><strong><em>ἑπαυξηθέντα</em></strong></span> <span class='ocrx_word' id='word_1_65' title='bbox 1741 1019 1956 1098; x_wconf 85' lang='grc' dir='ltr'><strong><em>καλῶς</em></strong></span> <span class='ocrx_word' id='word_1_66' title='bbox 1986 1018 2216 1103; x_wconf 75' lang='grc' dir='ltr'><strong><em>ἔχοντα</em></strong></span> <span class='ocrx_word' id='word_1_67' title='bbox 2246 1016 2362 1088; x_wconf 77' lang='grc' dir='ltr'><strong><em>οὐκ</em></strong></span> <span class='ocrx_word' id='word_1_68' title='bbox 2391 1022 2583 1089; x_wconf 75' lang='grc' dir='ltr'><strong><em>ἐλατ-</em></strong></span> 
     </span>
     <span class='ocr_line' id='line_1_9' title="bbox 230 1114 2578 1211; baseline 0.002 -24"><span class='ocrx_word' id='word_1_69' title='bbox 230 1117 689 1208; x_wconf 84' lang='grc' dir='ltr'><strong><em>τωθήσονται,</em></strong></span> <span class='ocrx_word' id='word_1_70' title='bbox 743 1114 913 1187; x_wconf 82' lang='grc' dir='ltr'><strong><em>ἀλλὰ</em></strong></span> <span class='ocrx_word' id='word_1_71' title='bbox 966 1121 1276 1205; x_wconf 80' lang='grc' dir='ltr'><strong><em>μενοῦσιν</em></strong></span> <span class='ocrx_word' id='word_1_72' title='bbox 1335 1115 1427 1198; x_wconf 79' lang='grc' dir='ltr'><strong><em>ὥς</em></strong></span> <span class='ocrx_word' id='word_1_73' title='bbox 1479 1119 1759 1203; x_wconf 67' lang='grc' dir='ltr'><strong><em>ἔχουσιν.</em></strong></span> <span class='ocrx_word' id='word_1_74' title='bbox 1849 1120 1917 1188; x_wconf 74' lang='grc' dir='ltr'><strong><em>οἱ</em></strong></span> <span class='ocrx_word' id='word_1_75' title='bbox 1962 1122 2034 1188; x_wconf 78' lang='grc' dir='ltr'><strong><em>δὲ</em></strong></span> <span class='ocrx_word' id='word_1_76' title='bbox 2075 1116 2212 1188; x_wconf 74' lang='grc' dir='ltr'><strong><em>κατ’</em></strong></span> <span class='ocrx_word' id='word_1_77' title='bbox 2263 1121 2578 1211; x_wconf 76' lang='grc' dir='ltr'><strong><em>ἐφορείαν</em></strong></span> 
     </span>
     <span class='ocr_line' id='line_1_10' title="bbox 230 1219 2584 1309; baseline 0 -17"><span class='ocrx_word' id='word_1_78' title='bbox 230 1219 528 1309; x_wconf 82' lang='grc' dir='ltr'><strong><em>καιρικὴν</em></strong></span> <span class='ocrx_word' id='word_1_79' title='bbox 569 1222 679 1292; x_wconf 81' lang='grc' dir='ltr'><strong><em>καὶ</em></strong></span> <span class='ocrx_word' id='word_1_80' title='bbox 723 1220 949 1306; x_wconf 74' lang='grc' dir='ltr'><strong><em>ἑτέραν</em></strong></span> <span class='ocrx_word' id='word_1_81' title='bbox 994 1220 1373 1307; x_wconf 74' lang='grc' dir='ltr'><strong><em>οἰκονομίαν</em></strong></span> <span class='ocrx_word' id='word_1_82' title='bbox 1417 1220 1781 1290; x_wconf 71' lang='grc' dir='ltr'><strong><em>ἐκδοθέντα</em></strong></span> <span class='ocrx_word' id='word_1_83' title='bbox 1821 1228 2202 1306; x_wconf 73' lang='grc' dir='ltr'><strong><em>κατέχοντες</em></strong></span> <span class='ocrx_word' id='word_1_84' title='bbox 2240 1228 2348 1291; x_wconf 75' lang='grc' dir='ltr'><strong><em>καὶ</em></strong></span> <span class='ocrx_word' id='word_1_85' title='bbox 2379 1250 2584 1292; x_wconf 81' lang='grc' dir='ltr'><strong><em>κατα-</em></strong></span> 
     </span>
     <span class='ocr_line' id='line_1_11' title="bbox 232 1317 2580 1411; baseline 0 -20"><span class='ocrx_word' id='word_1_86' title='bbox 232 1320 677 1411; x_wconf 85' lang='grc' dir='ltr'><strong><em>λυμηνάμενοι</em></strong></span> <span class='ocrx_word' id='word_1_87' title='bbox 716 1325 942 1405; x_wconf 81' lang='grc' dir='ltr'><strong><em>ταῦτα,</em></strong></span> <span class='ocrx_word' id='word_1_88' title='bbox 992 1323 1052 1391; x_wconf 74' lang='grc' dir='ltr'><strong><em>εἰ</em></strong></span> <span class='ocrx_word' id='word_1_89' title='bbox 1091 1320 1181 1411; x_wconf 84' lang='grc' dir='ltr'><strong><em>μὴ</em></strong></span> <span class='ocrx_word' id='word_1_90' title='bbox 1226 1322 1584 1410; x_wconf 86' lang='grc' dir='ltr'><strong><em>βούλονται</em></strong></span> <span class='ocrx_word' id='word_1_91' title='bbox 1628 1317 2104 1391; x_wconf 76' lang='grc' dir='ltr'><strong><em>ἀποκαθιστᾶν</em></strong></span> <span class='ocrx_word' id='word_1_92' title='bbox 2146 1328 2360 1393; x_wconf 79' lang='grc' dir='ltr'><strong><em>ταῦτα</em></strong></span> <span class='ocrx_word' id='word_1_93' title='bbox 2401 1327 2496 1406; x_wconf 74' lang='grc' dir='ltr'><strong><em>εἰς</em></strong></span> <span class='ocrx_word' id='word_1_94' title='bbox 2540 1325 2580 1392; x_wconf 80' lang='grc' dir='ltr'>ὃ</span> 
     </span>
     <span class='ocr_line' id='line_1_12' title="bbox 232 1417 2583 1516; baseline 0.002 -23"><span class='ocrx_word' id='word_1_95' title='bbox 232 1426 614 1512; x_wconf 80' lang='grc' dir='ltr'><strong><em>παρέλαβον</em></strong></span> <span class='ocrx_word' id='word_1_96' title='bbox 671 1427 920 1512; x_wconf 85' lang='grc' dir='ltr'><strong><em>σχῆμα,</em></strong></span> <span class='ocrx_word' id='word_1_97' title='bbox 979 1425 1091 1492; x_wconf 78' lang='grc' dir='ltr'><strong><em>ἵνα</em></strong></span> <span class='ocrx_word' id='word_1_98' title='bbox 1147 1421 1604 1513; x_wconf 86' lang='grc' dir='ltr'><strong><em>ἀφαιρῶνται,</em></strong></span> <span class='ocrx_word' id='word_1_99' title='bbox 1663 1423 1753 1513; x_wconf 83' lang='grc' dir='ltr'><strong><em>μὴ</em></strong></span> <span class='ocrx_word' id='word_1_100' title='bbox 1814 1418 2269 1513; x_wconf 76' lang='grc' dir='ltr'><strong><em>ὠφελούμενοι</em></strong></span> <span class='ocrx_word' id='word_1_101' title='bbox 2325 1423 2439 1516; x_wconf 79' lang='grc' dir='ltr'><strong><em>ἀφ’</em></strong></span> <span class='ocrx_word' id='word_1_102' title='bbox 2489 1417 2583 1497; x_wconf 77' lang='grc' dir='ltr'><strong><em>ὧν</em></strong></span> 
     </span>
     <span class='ocr_line' id='line_1_13' title="bbox 233 1521 2581 1616; baseline 0.001 -23"><span class='ocrx_word' id='word_1_103' title='bbox 233 1527 493 1612; x_wconf 68' lang='grc' dir='ltr'><strong><em>ἔχουσιν</em></strong></span> <span class='ocrx_word' id='word_1_104' title='bbox 548 1524 922 1614; x_wconf 75' lang='grc' dir='ltr'><strong><em>ἐγγράφων,</em></strong></span> <span class='ocrx_word' id='word_1_105' title='bbox 987 1531 1417 1612; x_wconf 72' lang='grc' dir='ltr'><strong><em>προθεσμίας</em></strong></span> <span class='ocrx_word' id='word_1_106' title='bbox 1474 1526 1820 1614; x_wconf 78' lang='grc' dir='ltr'><strong><em>διδομένης</em></strong></span> <span class='ocrx_word' id='word_1_107' title='bbox 1865 1521 2092 1606; x_wconf 74' lang='grc' dir='ltr'><strong><em>αὐτοῖς</em></strong></span> <span class='ocrx_word' id='word_1_108' title='bbox 2137 1523 2581 1616; x_wconf 83' lang='grc' dir='ltr'><strong><em>ἁρμοζούσης·</em></strong></span> 
     </span>
     <span class='ocr_line' id='line_1_14' title="bbox 231 1623 2586 1717; baseline 0 -21"><span class='ocrx_word' id='word_1_109' title='bbox 231 1627 477 1714; x_wconf 83' lang='grc' dir='ltr'><strong><em>μεταξὺ</em></strong></span> <span class='ocrx_word' id='word_1_110' title='bbox 525 1629 596 1695; x_wconf 82' lang='grc' dir='ltr'><strong><em>δὲ</em></strong></span> <span class='ocrx_word' id='word_1_111' title='bbox 639 1631 756 1715; x_wconf 87' lang='grc' dir='ltr'><strong><em>τῆς</em></strong></span> <span class='ocrx_word' id='word_1_112' title='bbox 800 1634 1246 1714; x_wconf 68' lang='grc' dir='ltr'><strong><em>προθεσμίας,</em></strong></span> <span class='ocrx_word' id='word_1_113' title='bbox 1294 1623 1731 1716; x_wconf 62' lang='grc' dir='ltr'><strong><em>ὀφειλούσηςιι</em></strong></span> <span class='ocrx_word' id='word_1_114' title='bbox 1763 1627 2262 1716; x_wconf 73' lang='grc' dir='ltr'><strong><em>ἐπιτηρεῒσθαι,</em></strong></span> <span class='ocrx_word' id='word_1_115' title='bbox 2310 1635 2586 1717; x_wconf 82' lang='grc' dir='ltr'><strong><em>φροντί-</em></strong></span> 
     </span>
     <span class='ocr_line' id='line_1_15' title="bbox 235 1725 2586 1822; baseline 0 -24"><span class='ocrx_word' id='word_1_116' title='bbox 235 1753 468 1798; x_wconf 86' lang='grc' dir='ltr'><strong><em>σουσιν</em></strong></span> <span class='ocrx_word' id='word_1_117' title='bbox 525 1729 739 1816; x_wconf 75' lang='grc' dir='ltr'><strong><em>ἔργοις</em></strong></span> <span class='ocrx_word' id='word_1_118' title='bbox 781 1726 1011 1810; x_wconf 75' lang='grc' dir='ltr'><strong><em>αὐτοῖς</em></strong></span> <span class='ocrx_word' id='word_1_119' title='bbox 1050 1732 1211 1816; x_wconf 81' lang='grc' dir='ltr'><strong><em>περὶ</em></strong></span> <span class='ocrx_word' id='word_1_120' title='bbox 1250 1732 1367 1822; x_wconf 76' lang='grc' dir='ltr'><strong><em>τῆς</em></strong></span> <span class='ocrx_word' id='word_1_121' title='bbox 1412 1728 1508 1809; x_wconf 82' lang='grc' dir='ltr'><strong><em>εἷς</em></strong></span> <span class='ocrx_word' id='word_1_122' title='bbox 1548 1728 1627 1796; x_wconf 88' lang='grc' dir='ltr'><strong><em>τὸ</em></strong></span> <span class='ocrx_word' id='word_1_123' title='bbox 1672 1725 1945 1815; x_wconf 73' lang='grc' dir='ltr'><strong><em>ἀρχαῖον</em></strong></span> <span class='ocrx_word' id='word_1_124' title='bbox 1991 1726 2210 1798; x_wconf 76' lang='grc' dir='ltr'><strong><em>αὐτῶν</em></strong></span> <span class='ocrx_word' id='word_1_125' title='bbox 2252 1730 2586 1800; x_wconf 86' lang='grc' dir='ltr'><strong><em>καταστά-</em></strong></span> 
     </span>
     <span class='ocr_line' id='line_1_16' title="bbox 235 1826 2580 1920; baseline 0 -19"><span class='ocrx_word' id='word_1_126' title='bbox 235 1855 423 1913; x_wconf 86' lang='grc' dir='ltr'><strong><em>σεως,</em></strong></span> <span class='ocrx_word' id='word_1_127' title='bbox 472 1826 563 1911; x_wconf 82' lang='grc' dir='ltr'><strong><em>ῶς</em></strong></span> <span class='ocrx_word' id='word_1_128' title='bbox 605 1830 1003 1917; x_wconf 86' lang='grc' dir='ltr'><strong><em>δεδήλωται·</em></strong></span> <span class='ocrx_word' id='word_1_129' title='bbox 1047 1830 1200 1900; x_wconf 87' lang='grc' dir='ltr'><strong><em>τότε</em></strong></span> <span class='ocrx_word' id='word_1_130' title='bbox 1240 1830 1364 1918; x_wconf 80' lang='grc' dir='ltr'><strong><em>γὰρ</em></strong></span> <span class='ocrx_word' id='word_1_131' title='bbox 1406 1832 1518 1898; x_wconf 88' lang='grc' dir='ltr'><strong><em>καὶ</em></strong></span> <span class='ocrx_word' id='word_1_132' title='bbox 1559 1827 1598 1918; x_wconf 84' lang='grc' dir='ltr'><strong><em>ἧ</em></strong></span> <span class='ocrx_word' id='word_1_133' title='bbox 1632 1837 2027 1917; x_wconf 72' lang='grc' dir='ltr'><strong><em>προθεσμία</em></strong></span> <span class='ocrx_word' id='word_1_134' title='bbox 2057 1833 2580 1920; x_wconf 83' lang='grc' dir='ltr'><strong><em>φυλαχθήσεται.</em></strong></span> 
     </span>
     <span class='ocr_line' id='line_1_17' title="bbox 235 1927 2582 2020; baseline 0 -20"><span class='ocrx_word' id='word_1_135' title='bbox 235 1934 309 2001; x_wconf 75' lang='grc' dir='ltr'><strong><em>αἱ</em></strong></span> <span class='ocrx_word' id='word_1_136' title='bbox 354 1935 427 2001; x_wconf 75' lang='grc' dir='ltr'><strong><em>δὲ</em></strong></span> <span class='ocrx_word' id='word_1_137' title='bbox 471 1927 825 2020; x_wconf 83' lang='grc' dir='ltr'><strong><em>ἀποταγαὶ,</em></strong></span> <span class='ocrx_word' id='word_1_138' title='bbox 871 1933 1019 2002; x_wconf 74' lang='grc' dir='ltr'><strong><em>ἐπεὶ</em></strong></span> <span class='ocrx_word' id='word_1_139' title='bbox 1064 1932 1250 2019; x_wconf 82' lang='grc' dir='ltr'><strong><em>παρὰ</em></strong></span> <span class='ocrx_word' id='word_1_140' title='bbox 1291 1931 1572 2012; x_wconf 84' lang='grc' dir='ltr'><strong><em>κανόνας</em></strong></span> <span class='ocrx_word' id='word_1_141' title='bbox 1617 1933 1916 2002; x_wconf 81' lang='grc' dir='ltr'><strong><em>δίδονται</em></strong></span> <span class='ocrx_word' id='word_1_142' title='bbox 1958 1935 2066 2001; x_wconf 84' lang='grc' dir='ltr'><strong><em>καὶ</em></strong></span> <span class='ocrx_word' id='word_1_143' title='bbox 2112 1933 2582 2019; x_wconf 82' lang='grc' dir='ltr'><strong><em>λαμβάνονται,</em></strong></span> 
     </span>
     <span class='ocr_line' id='line_1_18' title="bbox 237 2030 2586 2120; baseline -0.001 -17"><span class='ocrx_word' id='word_1_144' title='bbox 237 2034 641 2120; x_wconf 83' lang='grc' dir='ltr'><strong><em>σχολάσουσι</em></strong></span> <span class='ocrx_word' id='word_1_145' title='bbox 696 2036 1041 2114; x_wconf 85' lang='grc' dir='ltr'><strong><em>παντελῶς</em></strong></span> <span class='ocrx_word' id='word_1_146' title='bbox 1094 2030 1233 2102; x_wconf 87' lang='grc' dir='ltr'><strong><em>ἀπὸ</em></strong></span> <span class='ocrx_word' id='word_1_147' title='bbox 1289 2038 1407 2101; x_wconf 80' lang='grc' dir='ltr'><strong><em>τοῦ</em></strong></span> <span class='ocrx_word' id='word_1_148' title='bbox 1453 2036 1587 2101; x_wconf 81' lang='grc' dir='ltr'><strong><em>νῦν.</em></strong></span> <span class='ocrx_word' id='word_1_149' title='bbox 1678 2037 1785 2100; x_wconf 81' lang='grc' dir='ltr'><strong><em>καὶ</em></strong></span> <span class='ocrx_word' id='word_1_150' title='bbox 1834 2030 1870 2100; x_wconf 86' lang='grc' dir='ltr'><strong><em>ὅ</em></strong></span> <span class='ocrx_word' id='word_1_151' title='bbox 1917 2030 2375 2120; x_wconf 79' lang='grc' dir='ltr'><strong><em>εὑρισκόμενος</em></strong></span> <span class='ocrx_word' id='word_1_152' title='bbox 2417 2034 2586 2119; x_wconf 89' lang='grc' dir='ltr'><strong><em>λαμ-</em></strong></span> 
     </span>
     <span class='ocr_line' id='line_1_19' title="bbox 234 2130 2590 2225; baseline -0.001 -20"><span class='ocrx_word' id='word_1_153' title='bbox 234 2136 457 2225; x_wconf 86' lang='grc' dir='ltr'><strong><em>βάνων</em></strong></span> <span class='ocrx_word' id='word_1_154' title='bbox 513 2130 558 2224; x_wconf 80' lang='grc' dir='ltr'><em>ἢ</em></span> <span class='ocrx_word' id='word_1_155' title='bbox 606 2139 716 2204; x_wconf 80' lang='grc' dir='ltr'><strong><em>καὶ</em></strong></span> <span class='ocrx_word' id='word_1_156' title='bbox 772 2135 1027 2216; x_wconf 81' lang='grc' dir='ltr'><strong><em>διδοὺς,</em></strong></span> <span class='ocrx_word' id='word_1_157' title='bbox 1084 2136 1144 2205; x_wconf 84' lang='grc' dir='ltr'><strong><em>εἰ</em></strong></span> <span class='ocrx_word' id='word_1_158' title='bbox 1194 2141 1317 2221; x_wconf 69' lang='grc' dir='ltr'><strong><em>μέν</em></strong></span> <span class='ocrx_word' id='word_1_159' title='bbox 1362 2135 1542 2204; x_wconf 74' lang='grc' dir='ltr'><strong><em>ἐστιν</em></strong></span> <span class='ocrx_word' id='word_1_160' title='bbox 1585 2132 1974 2224; x_wconf 79' lang='grc' dir='ltr'><strong><em>ἡγούμενος,</em></strong></span> <span class='ocrx_word' id='word_1_161' title='bbox 2041 2134 2152 2203; x_wconf 75' lang='grc' dir='ltr'><strong><em>ἵνα</em></strong></span> <span class='ocrx_word' id='word_1_162' title='bbox 2198 2135 2590 2224; x_wconf 76' lang='grc' dir='ltr'><strong><em>ἐκδιώκηται</em></strong></span> 
     </span>
     <span class='ocr_line' id='line_1_20' title="bbox 239 2232 2586 2327; baseline -0.001 -20"><span class='ocrx_word' id='word_1_163' title='bbox 239 2234 381 2307; x_wconf 91' lang='grc' dir='ltr'><strong><em>ἀπὸ</em></strong></span> <span class='ocrx_word' id='word_1_164' title='bbox 422 2241 542 2326; x_wconf 84' lang='grc' dir='ltr'><strong><em>τῆς</em></strong></span> <span class='ocrx_word' id='word_1_165' title='bbox 582 2233 1037 2327; x_wconf 79' lang='grc' dir='ltr'><strong><em>ἧγουμενείας·</em></strong></span> <span class='ocrx_word' id='word_1_166' title='bbox 1084 2238 1145 2306; x_wconf 80' lang='grc' dir='ltr'><strong><em>εἰ</em></strong></span> <span class='ocrx_word' id='word_1_167' title='bbox 1189 2239 1261 2305; x_wconf 78' lang='grc' dir='ltr'><strong><em>δὲ</em></strong></span> <span class='ocrx_word' id='word_1_168' title='bbox 1300 2236 1831 2324; x_wconf 87' lang='grc' dir='ltr'><strong><em>χαριστικάριος,</em></strong></span> <span class='ocrx_word' id='word_1_169' title='bbox 1879 2236 2402 2326; x_wconf 73' lang='grc' dir='ltr'><strong><em>ἐκδιωχθήσεται</em></strong></span> <span class='ocrx_word' id='word_1_170' title='bbox 2445 2232 2586 2306; x_wconf 80' lang='grc' dir='ltr'><strong><em>ἀπὸ</em></strong></span> 
     </span>
     <span class='ocr_line' id='line_1_21' title="bbox 236 2334 2589 2430; baseline 0 -23"><span class='ocrx_word' id='word_1_171' title='bbox 236 2343 353 2428; x_wconf 83' lang='grc' dir='ltr'><strong><em>τῆς</em></strong></span> <span class='ocrx_word' id='word_1_172' title='bbox 404 2342 629 2430; x_wconf 79' lang='grc' dir='ltr'><strong><em>μονῆς.</em></strong></span> <span class='ocrx_word' id='word_1_173' title='bbox 719 2340 789 2407; x_wconf 78' lang='grc' dir='ltr'><strong><em>αἱ</em></strong></span> <span class='ocrx_word' id='word_1_174' title='bbox 846 2340 917 2408; x_wconf 79' lang='grc' dir='ltr'><strong><em>δὲ</em></strong></span> <span class='ocrx_word' id='word_1_175' title='bbox 975 2337 1115 2408; x_wconf 88' lang='grc' dir='ltr'><strong><em>ἀπὸ</em></strong></span> <span class='ocrx_word' id='word_1_176' title='bbox 1158 2343 1291 2406; x_wconf 91' lang='grc' dir='ltr'><strong><em>τῶν</em></strong></span> <span class='ocrx_word' id='word_1_177' title='bbox 1336 2345 1883 2428; x_wconf 81' lang='grc' dir='ltr'><strong><em>προσερχομένων</em></strong></span> <span class='ocrx_word' id='word_1_178' title='bbox 1929 2339 2024 2419; x_wconf 80' lang='grc' dir='ltr'><strong><em>εἰς</em></strong></span> <span class='ocrx_word' id='word_1_179' title='bbox 2068 2334 2442 2426; x_wconf 86' lang='grc' dir='ltr'><strong><em>ἀπόκαρσιν</em></strong></span> <span class='ocrx_word' id='word_1_180' title='bbox 2482 2365 2589 2428; x_wconf 87' lang='grc' dir='ltr'><strong><em>γι·-</em></strong></span> 
     </span>
     <span class='ocr_line' id='line_1_22' title="bbox 236 2439 2585 2531; baseline -0.001 -19"><span class='ocrx_word' id='word_1_181' title='bbox 236 2442 511 2529; x_wconf 87' lang='grc' dir='ltr'><strong><em>νόμεναι</em></strong></span> <span class='ocrx_word' id='word_1_182' title='bbox 555 2441 868 2523; x_wconf 80' lang='grc' dir='ltr'><strong><em>ἑκουσίως</em></strong></span> <span class='ocrx_word' id='word_1_183' title='bbox 910 2440 1076 2510; x_wconf 82' lang='grc' dir='ltr'><strong><em>κατὰ</em></strong></span> <span class='ocrx_word' id='word_1_184' title='bbox 1118 2439 1379 2531; x_wconf 83' lang='grc' dir='ltr'><strong><em>γνώμην</em></strong></span> <span class='ocrx_word' id='word_1_185' title='bbox 1421 2443 1557 2508; x_wconf 90' lang='grc' dir='ltr'><strong><em>τῶν</em></strong></span> <span class='ocrx_word' id='word_1_186' title='bbox 1592 2441 2116 2529; x_wconf 83' lang='grc' dir='ltr'><strong><em>προσφερόντων</em></strong></span> <span class='ocrx_word' id='word_1_187' title='bbox 2145 2444 2585 2529; x_wconf 83' lang='grc' dir='ltr'><strong><em>προσενέξεις,</em></strong></span> 
     </span>
     <span class='ocr_line' id='line_1_23' title="bbox 235 2538 2585 2633; baseline -0.001 -19"><span class='ocrx_word' id='word_1_188' title='bbox 235 2542 862 2632; x_wconf 81' lang='grc' dir='ltr'><strong><em>προσδεχθήσονται</em></strong></span> <span class='ocrx_word' id='word_1_189' title='bbox 900 2546 1009 2611; x_wconf 81' lang='grc' dir='ltr'><strong><em>καὶ</em></strong></span> <span class='ocrx_word' id='word_1_190' title='bbox 1055 2538 1650 2632; x_wconf 82' lang='grc' dir='ltr'><strong><em>ἀπογραφήσονται</em></strong></span> <span class='ocrx_word' id='word_1_191' title='bbox 1695 2542 1762 2610; x_wconf 78' lang='grc' dir='ltr'><strong><em>ἐν</em></strong></span> <span class='ocrx_word' id='word_1_192' title='bbox 1807 2545 1899 2630; x_wconf 74' lang='grc' dir='ltr'><strong><em>τῷ</em></strong></span> <span class='ocrx_word' id='word_1_193' title='bbox 1942 2550 2187 2630; x_wconf 85' lang='grc' dir='ltr'><strong><em>βρεβίῳ</em></strong></span> <span class='ocrx_word' id='word_1_194' title='bbox 2215 2546 2333 2633; x_wconf 83' lang='grc' dir='ltr'><strong><em>τῆς</em></strong></span> <span class='ocrx_word' id='word_1_195' title='bbox 2357 2546 2585 2633; x_wconf 86' lang='grc' dir='ltr'><strong><em>μονῆς,</em></strong></span> 
     </span>
     <span class='ocr_line' id='line_1_24' title="bbox 238 2641 2582 2736; baseline -0.002 -19"><span class='ocrx_word' id='word_1_196' title='bbox 238 2647 553 2736; x_wconf 80' lang='grc' dir='ltr'><strong><em>εἷδήσεως</em></strong></span> <span class='ocrx_word' id='word_1_197' title='bbox 596 2647 944 2734; x_wconf 82' lang='grc' dir='ltr'><strong><em>διδομένης</em></strong></span> <span class='ocrx_word' id='word_1_198' title='bbox 987 2648 1147 2732; x_wconf 87' lang='grc' dir='ltr'><strong><em>περὶ</em></strong></span> <span class='ocrx_word' id='word_1_199' title='bbox 1185 2648 1318 2712; x_wconf 89' lang='grc' dir='ltr'><strong><em>τῶν</em></strong></span> <span class='ocrx_word' id='word_1_200' title='bbox 1363 2649 1927 2733; x_wconf 82' lang='grc' dir='ltr'><strong><em>προσφερομένων</em></strong></span> <span class='ocrx_word' id='word_1_201' title='bbox 1969 2648 2203 2732; x_wconf 75' lang='grc' dir='ltr'><strong><em>καὶτῷ</em></strong></span> <span class='ocrx_word' id='word_1_202' title='bbox 2236 2641 2582 2735; x_wconf 78' lang='grc' dir='ltr'><strong><em>ἁγιωτάτῳ</em></strong></span> 
     </span>
     <span class='ocr_line' id='line_1_25' title="bbox 237 2741 2591 2869; baseline -0 -52"><span class='ocrx_word' id='word_1_203' title='bbox 237 2747 644 2839; x_wconf 89' lang='grc' dir='ltr'><strong><em>πατριάρχῃ,</em></strong></span> <span class='ocrx_word' id='word_1_204' title='bbox 690 2741 812 2815; x_wconf 76' lang='grc' dir='ltr'><strong><em>κᾶν</em></strong></span> <span class='ocrx_word' id='word_1_205' title='bbox 856 2747 920 2813; x_wconf 79' lang='grc' dir='ltr'><strong><em>οἱ</em></strong></span> <span class='ocrx_word' id='word_1_206' title='bbox 962 2747 1047 2814; x_wconf 84' lang='grc' dir='ltr'><strong><em>τὰ</em></strong></span> <span class='ocrx_word' id='word_1_207' title='bbox 1088 2747 1502 2834; x_wconf 86' lang='grc' dir='ltr'><strong><em>μοναστήρια</em></strong></span> <span class='ocrx_word' id='word_1_208' title='bbox 1547 2747 1799 2833; x_wconf 75' lang='grc' dir='ltr'><strong><em>ἔχοντες</em></strong></span> <span class='ocrx_word' id='word_1_209' title='bbox 1840 2742 2591 2869; x_wconf 40' lang='grc' dir='ltr'><strong><em>ὖπομνήματαὲκέκτην-</em></strong></span> 
     </span>
     <span class='ocr_line' id='line_1_26' title="bbox 237 2844 2590 2937; baseline 0 -19"><span class='ocrx_word' id='word_1_210' title='bbox 237 2877 353 2919; x_wconf 88' lang='grc' dir='ltr'><strong><em>ται</em></strong></span> <span class='ocrx_word' id='word_1_211' title='bbox 398 2852 549 2937; x_wconf 78' lang='grc' dir='ltr'><strong><em>περὶ</em></strong></span> <span class='ocrx_word' id='word_1_212' title='bbox 595 2850 714 2916; x_wconf 86' lang='grc' dir='ltr'><strong><em>τοῦ</em></strong></span> <span class='ocrx_word' id='word_1_213' title='bbox 759 2847 1118 2935; x_wconf 81' lang='grc' dir='ltr'><strong><em>λαμβάνειν</em></strong></span> <span class='ocrx_word' id='word_1_214' title='bbox 1164 2844 1509 2934; x_wconf 83' lang='grc' dir='ltr'><strong><em>ἀποταγὰς</em></strong></span> <span class='ocrx_word' id='word_1_215' title='bbox 1550 2850 1658 2915; x_wconf 81' lang='grc' dir='ltr'><strong><em>καὶ</em></strong></span> <span class='ocrx_word' id='word_1_216' title='bbox 1705 2849 2124 2934; x_wconf 80' lang='grc' dir='ltr'><strong><em>προσενέξεις</em></strong></span> <span class='ocrx_word' id='word_1_217' title='bbox 2159 2851 2269 2916; x_wconf 80' lang='grc' dir='ltr'><strong><em>καὶ</em></strong></span> <span class='ocrx_word' id='word_1_218' title='bbox 2301 2874 2590 2937; x_wconf 88' lang='grc' dir='ltr'><strong><em>αποκερ-</em></strong></span> 
     </span>
     <span class='ocr_line' id='line_1_27' title="bbox 241 2944 2590 3038; baseline -0 -17"><span class='ocrx_word' id='word_1_219' title='bbox 241 2954 491 3035; x_wconf 81' lang='grc' dir='ltr'><strong><em>δαίνειν</em></strong></span> <span class='ocrx_word' id='word_1_220' title='bbox 540 2950 819 3032; x_wconf 82' lang='grc' dir='ltr'><strong><em>ταύτας·</em></strong></span> <span class='ocrx_word' id='word_1_221' title='bbox 875 2954 1073 3018; x_wconf 87' lang='grc' dir='ltr'><strong><em>τοῦτο</em></strong></span> <span class='ocrx_word' id='word_1_222' title='bbox 1131 2949 1253 3038; x_wconf 80' lang='grc' dir='ltr'><strong><em>γὰρ</em></strong></span> <span class='ocrx_word' id='word_1_223' title='bbox 1300 2944 1439 3017; x_wconf 87' lang='grc' dir='ltr'><strong><em>ἀπὸ</em></strong></span> <span class='ocrx_word' id='word_1_224' title='bbox 1484 2953 1601 3015; x_wconf 83' lang='grc' dir='ltr'><strong><em>τοῦ</em></strong></span> <span class='ocrx_word' id='word_1_225' title='bbox 1648 2952 1761 3016; x_wconf 78' lang='grc' dir='ltr'><strong><em>νῦν</em></strong></span> <span class='ocrx_word' id='word_1_226' title='bbox 1807 2944 2065 3037; x_wconf 82' lang='grc' dir='ltr'><strong><em>ὀφείλει</em></strong></span> <span class='ocrx_word' id='word_1_227' title='bbox 2109 2949 2434 3033; x_wconf 85' lang='grc' dir='ltr'><strong><em>σχολάσαι</em></strong></span> <span class='ocrx_word' id='word_1_228' title='bbox 2475 2949 2590 3021; x_wconf 76' lang='grc' dir='ltr'><strong><em>καὶ</em></strong></span> 
     </span>
     <span class='ocr_line' id='line_1_28' title="bbox 234 3045 2589 3143; baseline -0.002 -20"><span class='ocrx_word' id='word_1_229' title='bbox 234 3060 550 3143; x_wconf 74' lang='grc' dir='ltr'><strong><em>γίνεσθαι</em></strong></span> <span class='ocrx_word' id='word_1_230' title='bbox 592 3054 822 3133; x_wconf 80' lang='grc' dir='ltr'><strong><em>καθώς</em></strong></span> <span class='ocrx_word' id='word_1_231' title='bbox 865 3050 1130 3120; x_wconf 77' lang='grc' dir='ltr'><strong><em>ὀένωθεν</em></strong></span> <span class='ocrx_word' id='word_1_232' title='bbox 1175 3051 1446 3140; x_wconf 76' lang='grc' dir='ltr'><strong><em>εἴρηται.</em></strong></span> <span class='ocrx_word' id='word_1_233' title='bbox 1506 3045 1674 3117; x_wconf 83' lang='grc' dir='ltr'><strong><em>ἀλλὰ</em></strong></span> <span class='ocrx_word' id='word_1_234' title='bbox 1717 3053 1823 3117; x_wconf 81' lang='grc' dir='ltr'><strong><em>καὶ</em></strong></span> <span class='ocrx_word' id='word_1_235' title='bbox 1870 3050 1942 3116; x_wconf 79' lang='grc' dir='ltr'><strong><em>αἱ</em></strong></span> <span class='ocrx_word' id='word_1_236' title='bbox 1972 3049 2341 3136; x_wconf 82' lang='grc' dir='ltr'><strong><em>σωζόμεναι</em></strong></span> <span class='ocrx_word' id='word_1_237' title='bbox 2371 3076 2589 3137; x_wconf 89' lang='grc' dir='ltr'><strong><em>προσ-</em></strong></span> 
     </span>
     <span class='ocr_line' id='line_1_29' title="bbox 241 3147 2590 3244; baseline -0.004 -16"><span class='ocrx_word' id='word_1_238' title='bbox 241 3159 483 3238; x_wconf 81' lang='grc' dir='ltr'><strong><em>ενέξεις</em></strong></span> <span class='ocrx_word' id='word_1_239' title='bbox 539 3150 655 3224; x_wconf 81' lang='grc' dir='ltr'><strong><em>οὗκ</em></strong></span> <span class='ocrx_word' id='word_1_240' title='bbox 712 3150 1096 3244; x_wconf 83' lang='grc' dir='ltr'><strong><em>ὀφείλουσιν</em></strong></span> <span class='ocrx_word' id='word_1_241' title='bbox 1154 3152 1601 3241; x_wconf 78' lang='grc' dir='ltr'><strong><em>ἒκποιηθῆναι</em></strong></span> <span class='ocrx_word' id='word_1_242' title='bbox 1655 3156 1735 3241; x_wconf 80' lang='grc' dir='ltr'><strong><em>τῇ</em></strong></span> <span class='ocrx_word' id='word_1_243' title='bbox 1796 3148 2064 3239; x_wconf 78' lang='grc' dir='ltr'><strong><em>ἀφορμῇ</em></strong></span> <span class='ocrx_word' id='word_1_244' title='bbox 2108 3155 2242 3219; x_wconf 88' lang='grc' dir='ltr'><strong><em>τῶν</em></strong></span> <span class='ocrx_word' id='word_1_245' title='bbox 2285 3147 2590 3241; x_wconf 82' lang='grc' dir='ltr'><strong><em>ὖπομνη-</em></strong></span> 
     </span>
     <span class='ocr_line' id='line_1_30' title="bbox 236 3251 2588 3347; baseline -0.003 -20"><span class='ocrx_word' id='word_1_246' title='bbox 236 3259 488 3346; x_wconf 88' lang='grc' dir='ltr'><strong><em>μάτων.</em></strong></span> <span class='ocrx_word' id='word_1_247' title='bbox 575 3255 614 3347; x_wconf 82' lang='grc' dir='ltr'><em>ἦ</em></span> <span class='ocrx_word' id='word_1_248' title='bbox 670 3263 898 3344; x_wconf 84' lang='grc' dir='ltr'><strong><em>μέντοι</em></strong></span> <span class='ocrx_word' id='word_1_249' title='bbox 951 3259 1223 3346; x_wconf 81' lang='grc' dir='ltr'><strong><em>φροντὶς</em></strong></span> <span class='ocrx_word' id='word_1_250' title='bbox 1268 3251 1344 3323; x_wconf 80' lang='grc' dir='ltr'><strong><em>οὗ</em></strong></span> <span class='ocrx_word' id='word_1_251' title='bbox 1387 3252 1593 3341; x_wconf 89' lang='grc' dir='ltr'><strong><em>μόνον</em></strong></span> <span class='ocrx_word' id='word_1_252' title='bbox 1636 3258 1767 3321; x_wconf 88' lang='grc' dir='ltr'><strong><em>τῶν</em></strong></span> <span class='ocrx_word' id='word_1_253' title='bbox 1813 3256 2044 3339; x_wconf 82' lang='grc' dir='ltr'><strong><em>ψυχῶν</em></strong></span> <span class='ocrx_word' id='word_1_254' title='bbox 2088 3256 2222 3320; x_wconf 87' lang='grc' dir='ltr'><strong><em>τῶν</em></strong></span> <span class='ocrx_word' id='word_1_255' title='bbox 2261 3256 2588 3340; x_wconf 89' lang='grc' dir='ltr'><strong><em>μοναχῶν,</em></strong></span> 
     </span>
     <span class='ocr_line' id='line_1_31' title="bbox 240 3350 2592 3444; baseline -0.003 -16"><span class='ocrx_word' id='word_1_256' title='bbox 240 3355 414 3428; x_wconf 81' lang='grc' dir='ltr'><strong><em>ἀλλὰ</em></strong></span> <span class='ocrx_word' id='word_1_257' title='bbox 465 3361 573 3427; x_wconf 81' lang='grc' dir='ltr'><strong><em>καὶ</em></strong></span> <span class='ocrx_word' id='word_1_258' title='bbox 630 3355 847 3428; x_wconf 78' lang='grc' dir='ltr'><strong><em>αὐτῶν</em></strong></span> <span class='ocrx_word' id='word_1_259' title='bbox 888 3363 1022 3426; x_wconf 89' lang='grc' dir='ltr'><strong><em>τῶν</em></strong></span> <span class='ocrx_word' id='word_1_260' title='bbox 1064 3360 1427 3443; x_wconf 88' lang='grc' dir='ltr'><strong><em>κοσμικῶν,</em></strong></span> <span class='ocrx_word' id='word_1_261' title='bbox 1486 3359 1581 3444; x_wconf 73' lang='grc' dir='ltr'><strong><em>τῷ</em></strong></span> <span class='ocrx_word' id='word_1_262' title='bbox 1628 3351 1975 3444; x_wconf 77' lang='grc' dir='ltr'><strong><em>ἁγιωτάτῳ</em></strong></span> <span class='ocrx_word' id='word_1_263' title='bbox 2020 3354 2393 3443; x_wconf 81' lang='grc' dir='ltr'><strong><em>πατριάρχῃ</em></strong></span> <span class='ocrx_word' id='word_1_264' title='bbox 2440 3350 2592 3422; x_wconf 74' lang='grc' dir='ltr'><strong><em>ἐπί-</em></strong></span> 
     </span>
     <span class='ocr_line' id='line_1_32' title="bbox 242 3456 2595 3549; baseline -0.003 -19"><span class='ocrx_word' id='word_1_265' title='bbox 242 3484 492 3530; x_wconf 87' lang='grc' dir='ltr'><strong><em>κειται·</em></strong></span> <span class='ocrx_word' id='word_1_266' title='bbox 539 3466 647 3529; x_wconf 83' lang='grc' dir='ltr'><strong><em>καὶ</em></strong></span> <span class='ocrx_word' id='word_1_267' title='bbox 694 3458 853 3529; x_wconf 79' lang='grc' dir='ltr'><strong><em>ὅταν</em></strong></span> <span class='ocrx_word' id='word_1_268' title='bbox 896 3456 1232 3549; x_wconf 81' lang='grc' dir='ltr'><strong><em>θεάσηταί</em></strong></span> <span class='ocrx_word' id='word_1_269' title='bbox 1272 3485 1424 3527; x_wconf 90' lang='grc' dir='ltr'><strong><em>τινα</em></strong></span> <span class='ocrx_word' id='word_1_270' title='bbox 1465 3462 1600 3526; x_wconf 87' lang='grc' dir='ltr'><strong><em>τῶν</em></strong></span> <span class='ocrx_word' id='word_1_271' title='bbox 1642 3460 1974 3545; x_wconf 90' lang='grc' dir='ltr'><strong><em>κοσμικῶν</em></strong></span> <span class='ocrx_word' id='word_1_272' title='bbox 2006 3459 2315 3543; x_wconf 83' lang='grc' dir='ltr'><strong><em>διψῶντα</em></strong></span> <span class='ocrx_word' id='word_1_273' title='bbox 2345 3457 2462 3544; x_wconf 87' lang='grc' dir='ltr'><strong><em>τὴν</em></strong></span> <span class='ocrx_word' id='word_1_274' title='bbox 2494 3456 2595 3525; x_wconf 81' lang='grc' dir='ltr'><strong><em>οἷ-</em></strong></span> 
     </span>
     <span class='ocr_line' id='line_1_33' title="bbox 242 3558 2592 3652; baseline -0.002 -21"><span class='ocrx_word' id='word_1_275' title='bbox 242 3570 426 3634; x_wconf 86' lang='grc' dir='ltr'><strong><em>κείαν</em></strong></span> <span class='ocrx_word' id='word_1_276' title='bbox 471 3570 821 3652; x_wconf 88' lang='grc' dir='ltr'><strong><em>σωτηρίαν,</em></strong></span> <span class='ocrx_word' id='word_1_277' title='bbox 868 3566 1018 3642; x_wconf 89' lang='grc' dir='ltr'><strong><em>πῶς</em></strong></span> <span class='ocrx_word' id='word_1_278' title='bbox 1061 3563 1388 3646; x_wconf 77' lang='grc' dir='ltr'><strong><em>ἐνδέχεται</em></strong></span> <span class='ocrx_word' id='word_1_279' title='bbox 1431 3561 1546 3628; x_wconf 78' lang='grc' dir='ltr'><strong><em>ἵνα</em></strong></span> <span class='ocrx_word' id='word_1_280' title='bbox 1588 3560 1917 3650; x_wconf 88' lang='grc' dir='ltr'><strong><em>κωλύηται</em></strong></span> <span class='ocrx_word' id='word_1_281' title='bbox 1958 3563 2077 3627; x_wconf 81' lang='grc' dir='ltr'><strong><em>τοῦ</em></strong></span> <span class='ocrx_word' id='word_1_282' title='bbox 2113 3558 2385 3628; x_wconf 86' lang='grc' dir='ltr'><strong><em>τάσσειν</em></strong></span> <span class='ocrx_word' id='word_1_283' title='bbox 2415 3559 2482 3628; x_wconf 75' lang='grc' dir='ltr'><strong><em>ἐν</em></strong></span> <span class='ocrx_word' id='word_1_284' title='bbox 2511 3562 2592 3648; x_wconf 84' lang='grc' dir='ltr'><strong><em>τῇ</em></strong></span> 
     </span>
     <span class='ocr_line' id='line_1_34' title="bbox 240 3656 2598 3755; baseline -0.003 -20"><span class='ocrx_word' id='word_1_285' title='bbox 240 3669 413 3755; x_wconf 83' lang='grc' dir='ltr'><strong><em>μονῇ</em></strong></span> <span class='ocrx_word' id='word_1_286' title='bbox 460 3666 571 3735; x_wconf 71' lang='grc' dir='ltr'><strong><em>ἐπὶ</em></strong></span> <span class='ocrx_word' id='word_1_287' title='bbox 618 3667 860 3754; x_wconf 84' lang='grc' dir='ltr'><strong><em>ψυχικῇ</em></strong></span> <span class='ocrx_word' id='word_1_288' title='bbox 906 3669 1200 3753; x_wconf 84' lang='grc' dir='ltr'><strong><em>σωτηρίᾳ</em></strong></span> <span class='ocrx_word' id='word_1_289' title='bbox 1241 3666 1359 3731; x_wconf 84' lang='grc' dir='ltr'><strong><em>τοῦ</em></strong></span> <span class='ocrx_word' id='word_1_290' title='bbox 1404 3669 1933 3751; x_wconf 83' lang='grc' dir='ltr'><strong><em>προσερχομένου</em></strong></span> <span class='ocrx_word' id='word_1_291' title='bbox 1947 3692 1969 3747; x_wconf 91' lang='grc'><strong><em>,·</em></strong></span> <span class='ocrx_word' id='word_1_292' title='bbox 2016 3663 2147 3744; x_wconf 71' lang='grc' dir='ltr'><strong><em>ἕξει</em></strong></span> <span class='ocrx_word' id='word_1_293' title='bbox 2187 3662 2309 3749; x_wconf 88' lang='grc' dir='ltr'><strong><em>γὰρ</em></strong></span> <span class='ocrx_word' id='word_1_294' title='bbox 2344 3656 2598 3729; x_wconf 83' lang='grc' dir='ltr'><strong><em>ἀκώλυ-</em></strong></span> 
     </span>
     <span class='ocr_line' id='line_1_35' title="bbox 242 3762 2594 3855; baseline -0.004 -18"><span class='ocrx_word' id='word_1_295' title='bbox 242 3795 362 3838; x_wconf 86' lang='grc' dir='ltr'><strong><em>τον</em></strong></span> <span class='ocrx_word' id='word_1_296' title='bbox 407 3766 445 3836; x_wconf 84' lang='grc' dir='ltr'><strong><em>ό</em></strong></span> <span class='ocrx_word' id='word_1_297' title='bbox 490 3763 857 3855; x_wconf 85' lang='grc' dir='ltr'><strong><em>ἁγιώτατος</em></strong></span> <span class='ocrx_word' id='word_1_298' title='bbox 885 3765 1295 3855; x_wconf 86' lang='grc' dir='ltr'><strong><em>πατριάρχης</em></strong></span> <span class='ocrx_word' id='word_1_299' title='bbox 1316 3764 1394 3831; x_wconf 87' lang='grc' dir='ltr'><strong><em>τὸ</em></strong></span> <span class='ocrx_word' id='word_1_300' title='bbox 1423 3764 1694 3833; x_wconf 90' lang='grc' dir='ltr'><strong><em>τάσσειν</em></strong></span> <span class='ocrx_word' id='word_1_301' title='bbox 1707 3768 1749 3845; x_wconf 84' lang='grc'><strong><em>“’,</em></strong></span> <span class='ocrx_word' id='word_1_302' title='bbox 1793 3763 1966 3853; x_wconf 84' lang='grc' dir='ltr'><strong><em>ἤπερ</em></strong></span> <span class='ocrx_word' id='word_1_303' title='bbox 1998 3765 2063 3832; x_wconf 77' lang='grc' dir='ltr'><strong><em>οἱ</em></strong></span> <span class='ocrx_word' id='word_1_304' title='bbox 2085 3762 2594 3849; x_wconf 89' lang='grc' dir='ltr'><strong><em>χαριστικάριοι,</em></strong></span> 
     </span>
     <span class='ocr_line' id='line_1_36' title="bbox 246 3861 2596 3957; baseline -0.004 -18"><span class='ocrx_word' id='word_1_305' title='bbox 246 3866 369 3939; x_wconf 79' lang='grc' dir='ltr'><strong><em>κάν</em></strong></span> <span class='ocrx_word' id='word_1_306' title='bbox 410 3866 854 3957; x_wconf 76' lang='grc' dir='ltr'><strong><em>ὗπομνήματα</em></strong></span> <span class='ocrx_word' id='word_1_307' title='bbox 899 3868 1114 3953; x_wconf 64' lang='grc' dir='ltr'><strong><em>ἔχωσι.</em></strong></span> <span class='ocrx_word' id='word_1_308' title='bbox 1204 3865 1377 3954; x_wconf 86' lang='grc' dir='ltr'><strong><em>πλὴν</em></strong></span> <span class='ocrx_word' id='word_1_309' title='bbox 1422 3866 1482 3935; x_wconf 77' lang='grc' dir='ltr'><strong><em>εἰ</em></strong></span> <span class='ocrx_word' id='word_1_310' title='bbox 1524 3866 1774 3934; x_wconf 87' lang='grc' dir='ltr'><strong><em>κελεύει</em></strong></span> <span class='ocrx_word' id='word_1_311' title='bbox 1824 3862 1862 3932; x_wconf 86' lang='grc' dir='ltr'><strong><em>ό</em></strong></span> <span class='ocrx_word' id='word_1_312' title='bbox 1906 3861 2275 3951; x_wconf 77' lang='grc' dir='ltr'><strong><em>ἁγιώτατός</em></strong></span> <span class='ocrx_word' id='word_1_313' title='bbox 2313 3887 2444 3948; x_wconf 90' lang='grc' dir='ltr'><strong><em>μου</em></strong></span> <span class='ocrx_word' id='word_1_314' title='bbox 2490 3864 2596 3930; x_wconf 86' lang='grc' dir='ltr'><strong><em>δε·-</em></strong></span> 
     </span>
     <span class='ocr_line' id='line_1_37' title="bbox 248 3957 2594 4060; baseline -0.004 -20"><span class='ocrx_word' id='word_1_315' title='bbox 248 3972 504 4060; x_wconf 80' lang='grc' dir='ltr'><strong><em>σπότης</em></strong></span> <span class='ocrx_word' id='word_1_316' title='bbox 558 3969 917 4056; x_wconf 84' lang='grc' dir='ltr'><strong><em>λαμβάνειν</em></strong></span> <span class='ocrx_word' id='word_1_317' title='bbox 956 3975 1179 4055; x_wconf 86' lang='grc' dir='ltr'><strong><em>χρείαν</em></strong></span> <span class='ocrx_word' id='word_1_318' title='bbox 1221 3963 1600 4056; x_wconf 86' lang='grc' dir='ltr'><strong><em>ἀδελφάτου</em></strong></span> <span class='ocrx_word' id='word_1_319' title='bbox 1641 3965 1793 4034; x_wconf 85' lang='grc' dir='ltr'><strong><em>τινὰ</em></strong></span> <span class='ocrx_word' id='word_1_320' title='bbox 1837 3965 2150 4051; x_wconf 78' lang='grc' dir='ltr'><strong><em>κοσμικόν</em></strong></span> <span class='ocrx_word' id='word_1_321' title='bbox 2195 3962 2357 4031; x_wconf 76' lang='grc' dir='ltr'><strong><em>ὄντα</em></strong></span> <span class='ocrx_word' id='word_1_322' title='bbox 2397 3957 2441 4051; x_wconf 80' lang='grc' dir='ltr'><em>ἢ</em></span> <span class='ocrx_word' id='word_1_323' title='bbox 2481 3964 2594 4031; x_wconf 77' lang='grc' dir='ltr'><strong><em>καὶ</em></strong></span> 
     </span>
     <span class='ocr_line' id='line_1_38' title="bbox 243 4061 2595 4161; baseline -0.004 -19"><span class='ocrx_word' id='word_1_324' title='bbox 243 4073 532 4161; x_wconf 84' lang='grc' dir='ltr'><strong><em>μοναχὸν</em></strong></span> <span class='ocrx_word' id='word_1_325' title='bbox 576 4068 717 4140; x_wconf 84' lang='grc' dir='ltr'><strong><em>ἀπὸ</em></strong></span> <span class='ocrx_word' id='word_1_326' title='bbox 763 4072 987 4158; x_wconf 76' lang='grc' dir='ltr'><strong><em>ἑτέρου</em></strong></span> <span class='ocrx_word' id='word_1_327' title='bbox 1028 4075 1476 4158; x_wconf 85' lang='grc' dir='ltr'><strong><em>μοναστηρίου</em></strong></span> <span class='ocrx_word' id='word_1_328' title='bbox 1522 4070 1958 4157; x_wconf 78' lang='grc' dir='ltr'><strong><em>διαφέροντος</em></strong></span> <span class='ocrx_word' id='word_1_329' title='bbox 1987 4061 2184 4153; x_wconf 73' lang='grc' dir='ltr'><strong><em>αύτῷ,</em></strong></span> <span class='ocrx_word' id='word_1_330' title='bbox 2230 4065 2344 4133; x_wconf 75' lang='grc' dir='ltr'><strong><em>ἵνα</em></strong></span> <span class='ocrx_word' id='word_1_331' title='bbox 2370 4063 2458 4153; x_wconf 85' lang='grc' dir='ltr'><strong><em>μὴ</em></strong></span> <span class='ocrx_word' id='word_1_332' title='bbox 2492 4066 2595 4133; x_wconf 84' lang='grc' dir='ltr'><strong><em>δί-</em></strong></span> 
     </span>
     <span class='ocr_line' id='line_1_39' title="bbox 246 4162 2596 4262; baseline -0.003 -18"><span class='ocrx_word' id='word_1_333' title='bbox 246 4179 419 4262; x_wconf 86' lang='grc' dir='ltr'><strong><em>δωσι</em></strong></span> <span class='ocrx_word' id='word_1_334' title='bbox 460 4177 753 4261; x_wconf 76' lang='grc' dir='ltr'><strong><em>κοσμικῷ</em></strong></span> <span class='ocrx_word' id='word_1_335' title='bbox 795 4169 840 4262; x_wconf 85' lang='grc' dir='ltr'><em>ἢ</em></span> <span class='ocrx_word' id='word_1_336' title='bbox 880 4175 1145 4260; x_wconf 79' lang='grc' dir='ltr'><strong><em>μοναχῷ</em></strong></span> <span class='ocrx_word' id='word_1_337' title='bbox 1191 4172 1691 4258; x_wconf 73' lang='grc' dir='ltr'><strong><em>ἐξωμονίτατον,</em></strong></span> <span class='ocrx_word' id='word_1_338' title='bbox 1741 4166 1831 4251; x_wconf 82' lang='grc' dir='ltr'><strong><em>ὦς</em></strong></span> <span class='ocrx_word' id='word_1_339' title='bbox 1875 4162 1955 4239; x_wconf 76' lang='grc' dir='ltr'><strong><em>ἂν</em></strong></span> <span class='ocrx_word' id='word_1_340' title='bbox 1995 4168 2083 4257; x_wconf 85' lang='grc' dir='ltr'><strong><em>μὴ</em></strong></span> <span class='ocrx_word' id='word_1_341' title='bbox 2116 4166 2596 4258; x_wconf 78' lang='grc' dir='ltr'><strong><em>ἐπιβαρύνηται</em></strong></span> 
     </span>
    </p>
   </div>
   <div class='ocr_carea' id='block_1_3' title="bbox 381 4389 2250 4467">
    <p class='ocr_par' dir='ltr' id='par_1_3' title="bbox 381 4389 2250 4467">
     <span class='ocr_line' id='line_1_40' title="bbox 381 4389 2250 4467; baseline -0.004 -16"><span class='ocrx_word' id='word_1_342' title='bbox 381 4398 405 4429; x_wconf 75' lang='lat'><strong>⁶</strong></span> <span class='ocrx_word' id='word_1_343' title='bbox 438 4400 512 4451; x_wconf 65' lang='lat' dir='ltr'><strong><em>H.</em></strong></span> <span class='ocrx_word' id='word_1_344' title='bbox 547 4391 871 4466; x_wconf 74' lang='grc' dir='ltr'><strong><em>ὀφείλουσιν</em></strong></span> <span class='ocrx_word' id='word_1_345' title='bbox 903 4392 1042 4453; x_wconf 64' lang='grc' dir='ltr'><strong><em>ἔπιε.</em></strong></span> <span class='ocrx_word' id='word_1_346' title='bbox 1080 4391 1133 4451; x_wconf 73' lang='grc' dir='ltr'><strong><em>εἰ</em></strong></span> <span class='ocrx_word' id='word_1_347' title='bbox 1168 4410 1366 4467; x_wconf 79' lang='grc' dir='ltr'><strong><em>φροντ.</em></strong></span> <span class='ocrx_word' id='word_1_348' title='bbox 1509 4391 1529 4421; x_wconf 83' lang='lat'>’</span> <span class='ocrx_word' id='word_1_349' title='bbox 1566 4395 1759 4463; x_wconf 72' lang='lat' dir='ltr'>Leunel.</span> <span class='ocrx_word' id='word_1_350' title='bbox 1800 4394 1936 4448; x_wconf 66' lang='lat' dir='ltr'><strong><em>adnm</em></strong></span> <span class='ocrx_word' id='word_1_351' title='bbox 1969 4389 2250 4462; x_wconf 55' lang='lat' dir='ltr'><strong><em>[peninar]-</em></strong></span> 
     </span>
    </p>
   </div>
  </div>
 </body>
</html>
