2900 4950
1080 221 1199 284 Imp.
1234 219 1380 270 Alexii
1421 220 1669 271 Comneni.
2415 206 2539 270 353

205 365 396 440 οῧδὲν
452 362 727 436 ἀπέοικε
778 369 988 434 ταῦτα
1043 360 1370 455 ἀλλήλων,
1435 370 1584 445 πῶς
1626 359 1812 433 αὗτοὶ
1858 360 1935 432 οὖ
1977 369 2130 453 τῷ“
2172 368 2357 455 παρὰ
2397 380 2542 451 τοῖς

206 471 550 550 δικασταῖς
604 469 1098 556 ἐμπροθέσμως
1151 471 1585 557 παραχθῆναι
1624 468 1743 553 τὴν
1793 466 1980 551 παρὰ
2020 470 2138 533 τοῦ
2182 469 2541 554 ταβελλίω-

205 596 317 651 νος
375 576 722 658 γενομένην
786 573 920 636 τῶν
982 564 1393 656 ὑπογραφῶν
1458 566 1795 654 σύγκρισιν
1863 564 1954 645 ὥς
2019 567 2296 654 ἐρυμνοῦ
2360 571 2541 651 τινὸς

208 678 528 760 φρουρίου
586 667 993 755 ἀντείχοντος
1051 665 1404 756 ἀρκοῦντος
1444 672 1563 735 τοῦ
1605 667 1723 756 τὴν
1768 669 2101 754 σύγκρισιν
2143 670 2384 759 ταύτην
2429 667 2544 740 οὔκ

208 772 682 858 ἓμπρόθεσμον
753 774 1212 859 καταφανῆναι
1268 769 1453 856 παρὰ
1507 772 1624 835 τοῦ
1681 771 2121 858 ταβελλίωνος
2175 779 2538 861 γενομένην.

203 874 441 942 τούτου
498 875 571 941 δὲ
616 869 1221 958 ἀποκρουσθέντες,
1289 874 1393 938 καὶ
1439 873 1557 959 τῆς
1596 871 1764 937 κατὰ
1804 871 1922 960 τὴν
1964 874 2344 940 τελευταίαν
2387 870 2547 961 ἦμέ-

204 999 325 1061 ραν
367 977 765 1062 παραγωγῆς
805 977 923 1060 τῆς
965 979 1374 1060 συγκρίσεως
1403 967 1768 1056 ὁλοσχερῶς
1810 979 2239 1058 περιείχοντο,
2285 978 2391 1042 καὶ
2424 975 2544 1057 τὰς

206 1075 322 1144 ἐπὶ
375 1079 455 1163 τῇ
513 1076 824 1162 διαλαλιᾷ
877 1078 994 1141 τοῦ
1053 1069 1409 1141 ἀντιθέτου
1460 1078 1698 1158 μέρους
1742 1071 1853 1139 ἐπὶ
1899 1077 1979 1160 τῇ
2023 1077 2367 1164 παραδοχῇ
2410 1081 2542 1144 τῶν

206 1180 451 1266 φωνῶν
492 1179 626 1243 τῶν
669 1175 855 1261 παρὰ
896 1179 1028 1242 τῶν
1074 1169 1580 1242 ἀντιδικούντων
1614 1167 1840 1253 αύτοῖς
1868 1181 2348 1259 παραχθέντων
2375 1204 2546 1264 μαρ-

204 1279 420 1370 τύρων
477 1273 942 1366 ἀφωρισμένας
1001 1278 1112 1343 καὶ
1170 1273 1400 1354 αὐτοῖς
1457 1270 1763 1360 ἁρμόζειν
1807 1273 2300 1360 διϊσχυρίζοντο.
2390 1274 2548 1366 ἠδύ-

206 1403 365 1447 νατο
409 1377 550 1465 γάρ,
599 1401 823 1465 φασιν,
874 1374 910 1442 o‘
955 1373 1282 1464 δικαστὴς,
1333 1376 1398 1444 εἴ
1435 1400 1508 1460 γε
1551 1374 1820 1454 πάντως
1857 1376 2182 1461 ἐβούλετο,
2228 1386 2549 1465 γνωρίσαι

205 1491 352 1558 τοῖς
408 1474 789 1557 ἀντιθέτοις
839 1475 1026 1565 ἡμῶν
1069 1476 1186 1564 τὴν
1230 1482 1700 1562 παραχθεῖσαν
1743 1472 1901 1561 παρ’
1946 1474 2131 1565 ἡμῶν
2175 1479 2543 1568 σύγκρισιν·

205 1583 318 1649 καὶ
359 1581 425 1648 εἰ’
461 1604 534 1666 γε
572 1579 661 1668 μὴ
710 1580 892 1658 ἐντὸς
934 1581 1068 1645 τῶν
1115 1578 1189 1645 ιε’
1236 1573 1495 1665 ἡμερῶν
1541 1577 1767 1645 ἐλθεῖν
1809 1573 2196 1665 ἠρετίσαντο
2239 1584 2346 1648 καὶ
2380 1605 2546 1667 συμ-

205 1681 556 1769 παρόντων
601 1675 995 1770 ἀμφοτέρων
1037 1682 1586 1767 κατασκεφθῆναι
1626 1678 1885 1766 ταύτην,
1932 1679 2085 1748 τότε
2125 1686 2233 1749 καὶ
2260 1705 2546 1770 μονομε-

207 1788 338 1871 ρῶς
381 1779 581 1871 αὐτὴν
623 1786 1212 1865 κατασκέψασθαι·
1259 1775 1335 1847 οὗ
1378 1781 1501 1867 γὰρ
1535 1778 1615 1847 ἀν
1643 1806 1746 1859 τις
1777 1775 2060 1867 εὐλόγως
2086 1786 2320 1851 τοῦτον
2348 1811 2549 1875 κατῃ-

207 1885 488 1952 τιάσατο
530 1886 637 1951 καὶ
686 1880 776 1962 ὥς
821 1882 1107 1966 ἐκνόμως
1141 1882 1561 1968 πεποιηκότα
1587 1881 2124 1968 κατεμωμήσατο,
2174 1880 2312 1950 ἀπὸ
2342 1886 2546 1971 νόμου

208 1985 330 2072 γὰρ
373 1982 529 2069 ἡμῖν
573 1986 645 2052 αἱ
690 1983 764 2051 ιε’
809 1979 1045 2070 ἡμέραι
1088 1986 1197 2049 καὶ
1244 1983 1494 2061 ἔξωθεν
1537 1986 1655 2049 τοῦ
1702 1989 2180 2068 νενομισμένως
2223 1980 2548 2054 ἀποδιδο-

207 2093 408 2172 μένου
463 2096 613 2163 ταῖς
667 2079 1053 2162 ἀποδείξεσι
1107 2086 1337 2169 καιροῦ
1383 2082 1976 2171 ἐπικεχορήγηνται.
2066 2079 2204 2151 ἀλλ’
2254 2087 2319 2152 οἱ
2365 2089 2548 2155 δικα-

209 2191 364 2254 σταὶ
405 2187 494 2273 μὴ
541 2186 771 2270 νόμοις
814 2195 1097 2268 στοιχεῖν
1141 2184 1262 2263 τὰς
1289 2183 1542 2252 τούτων
1574 2186 2021 2269 δικαιολογίας
2051 2186 2542 2273 διϊσχυρίζοντο.

209 2292 343 2355 τῶν
385 2287 508 2373 γὰρ
551 2290 669 2375 τῆς
710 2284 1024 2372 τριμήνου
1081 2280 1124 2374 ἢ
1164 2290 1296 2351 τῶν
1341 2286 1581 2371 ἑτέρων
1625 2292 2105 2370 νενομισμένων
2149 2293 2394 2374 καιρῶν
2438 2295 2547 2359 καὶ

212 2389 284 2457 αἱ
341 2388 415 2455 ιε’
461 2391 577 2478 τῆς
632 2385 1183 2475 διακηρυκεύσεως
1223 2383 1463 2474 ἡμέραι
1503 2385 1911 2471 τυγχάνουσι.
1977 2390 2111 2455 καὶ
2143 2390 2358 2477 δῆλον,
2408 2389 2548 2460 ὅτι·

210 2516 340 2576 περ
385 2485 735 2577 ἀπράκτων
778 2493 977 2557 τινῶν
1022 2483 1236 2556 οὐσῶν
1279 2485 1558 2575 ἡμερῶν,
1607 2489 1675 2556 ἔν
1719 2478 1775 2576 ᾧ
1814 2488 1904 2577 μή
1936 2516 2002 2557 τι
2034 2492 2385 2579 διενεργεῖν
2415 2499 2547 2563 τῶν

213 2586 580 2679 ἀνηκόντων
625 2587 801 2678 αὐτῷ
848 2589 1121 2659 δύναται
1164 2587 1201 2657 ὃ
1248 2591 1588 2678 δικαστὴς,
1638 2591 1826 2678 εἴπερ
1873 2589 1910 2657 ὃ
1952 2591 2126 2677 πρὸς
2169 2589 2549 2677 ἀποδείξεις

213 2687 583 2772 ἀπολυθεὶς
627 2692 810 2771 ἐντὸς
851 2695 970 2778 μὲν
1014 2696 1146 2760 τῶν
1189 2692 1307 2759 δύο
1349 2696 1575 2785 μηνῷν
1615 2695 1724 2759 καὶ
1772 2692 1846 2761 ιε’
1880 2689 2156 2780 ἡμερῶν,
2205 2695 2401 2782 λόγου
2428 2699 2549 2783 χά-

213 2819 336 2879 ριν,
384 2789 461 2859 οὖ
504 2793 851 2880 παραγάγῃ
897 2793 1052 2872 τοὺς
1092 2792 1445 2878 μάρτυρας,
1500 2793 1569 2861 ἓν
1613 2795 1685 2861 δὲ
1725 2806 1876 2873 ταῖς
1918 2793 2153 2874 ἄλλαις
2196 2797 2270 2863 ιε’
2315 2799 2549 2885 βούλε-

211 2919 326 2961 ται
366 2896 486 2978 μὲν
529 2888 1093 2979 παραγαγεῖν,ού
1140 2894 1410 2981 δύνηται
1451 2896 1525 2962 δὲ
1572 2894 1684 2961 διὰ
1726 2894 1842 2980 τὴν
1888 2893 2283 2981 ὁρισθεῖσαν
2327 2896 2548 2995 ἀπρα-

214 2996 390 3076 ξίαν·
438 2993 887 3114 &unexcbpqwcn
903 2994 1115 3080 τούτῳ
1161 2996 1397 3078 ετέρων
1445 2993 1520 3061 ιε’
1566 2990 1823 3080 ἡμερῶν
1868 3002 2275 3081 προθεσμία,
2325 2997 2431 3068 ὅτι
2455 3005 2545 3089 μὴ

181 3089 371 3185 ,παρ’
421 3095 641 3161 αἰτίαν
687 3088 908 3174 αὐτοῦ,
969 3091 1138 3161 ἀλλὰ
1181 3092 1368 3180 παρὰ
1409 3094 1526 3182 τὴν
1570 3099 1702 3161 τῶν
1746 3096 1965 3179 νόμων
2011 3095 2230 3164 αἰτίαν
2272 3097 2311 3187 ἡ
2356 3102 2549 3167 κολό-

212 3204 425 3284 βωσις
466 3200 582 3283 τῆς
623 3194 936 3282 τριμήνου
982 3189 1160 3282 αὐτῷ
1201 3201 1461 3281 γέγονε,·
1507 3197 1608 3262 δεῖ
1638 3194 1782 3281 γάρ,
1831 3220 2015 3283 φησι,
2052 3207 2401 3285 φροντίσαι
2432 3199 2550 3270 αύ-

214 3297 361 3380 τὸν,
418 3298 508 3386 μὴ
563 3299 966 3384 καταντῆσαι
1019 3296 1137 3382 τὴν
1191 3295 1591 3424 παραγωγὴν
1642 3322 1761 3419 της
1804 3293 2007 3365 αὐτοῦ
2049 3308 2413 3422 μαρτυρίας
2456 3306 2552 3386 εἰς

214 3401 335 3479 τὰς
378 3395 757 3484 ἀπράκτους
798 3393 1060 3487 ἡμέρας.
1153 3425 1207 3468 ει
1251 3397 1375 3485 γὰρ
1422 3398 1593 3466 ενθα
1633 3399 1723 3485 μὴ
1758 3400 2061 3486 ῥᾳθυμία
2089 3402 2393 3491 τοσαύτη,
2440 3409 2550 3473 καὶ

105 3527 121 3543 ·
217 3502 410 3587 νόμοι
451 3504 877 3587 κολοβοῦντες
917 3500 1034 3587 τήν
1064 3508 1509 3587 προθεσμίαν,
1559 3494 1673 3567 οὐκ
1703 3495 2101 3589 ἀντεισήχθη
2134 3504 2368 3626 χρόνος
2393 3530 2550 3576 τοσ-

219 3607 411 3682 οῦτος
455 3604 702 3687 ε’τερος,
768 3599 1021 3680 ὁπόσος
1063 3607 1170 3669 καὶ
1224 3603 1647 3703 περιῄρηται,
1706 3606 1855 3682 πῶς
1900 3604 2068 3670 ενθα
2110 3604 2189 3672 τὸ
2229 3610 2347 3696 τῆς
2390 3603 2549 3693 ἀμε-

216 3702 397 3784 λείας
437 3704 632 3784 πολὺ,
680 3704 897 3789 ἕτεραι
942 3702 1013 3771 ιε’
1059 3697 1303 3790 ἡμέραι
1351 3716 1496 3783 τοῖς
1538 3700 1892 3789 ἀμελοῦσιν
1938 3704 2543 3796 έπιχορηγηθήσον-

216 3831 363 3889 ται,-
407 3800 559 3872 οὐδὲ
601 3805 723 3891 γὰρ
769 3801 922 3872 οὐδὲ
963 3803 1133 3889 ὖπὲρ
1175 3809 1308 3872 τῶν
1353 3801 1767 3889 ἀμελούντων
1812 3805 1881 3873 αἱ
1927 3804 2001 3872 ιε’
2046 3810 2141 3892 τῷ
2175 3807 2357 3895 νόμῳ
2382 3807 2542 3897 ἡμέ-

218 3932 332 3992 ραι
387 3906 962 3993 διαγινώσκονται,
1027 3899 1162 3971 ἀλλ’
1221 3901 1392 3990 ὑπὲρ
1447 3909 1581 3972 τῶν
1640 3901 1866 3991 ὥσπερ
1924 3900 2391 3976 ἀπειθούντων
2432 3937 2547 3980 και

217 4008 305 4097 μὴ
363 4014 791 4093 πειθομένων
848 4007 1263 4092 παραβαλεῖν
1318 4009 1413 4092 τῷ
1473 4007 1870 4093 δικαστηρίῳ
1912 4010 2023 4074 καὶ
2075 4009 2195 4087 τὰς
2237 4013 2370 4077 τῶν
2409 4008 2545 4079 κατ’

220 4105 492 4177 αὗτῶν“
532 4114 1010 4197 παραγομένων
1052 4107 1399 4194 μαρτύρων
1445 4106 1674 4194 φωνὰς
1716 4101 2197 4187 ὑποδέξασθαι.
2280 4111 2551 4197 ἐκείνοις

351 4329 387 4357 ¹⁴
426 4332 637 4393 Legerim
673 4332 787 4381 τοῦ.
933 4331 968 4357 “·”
1005 4333 1071 4382 [ια
1109 4331 1300 4382 Leuncl.
1339 4347 1425 4395 pro
1464 4324 1650 4379 αὐτοῦ.

320 4414 401 4465 ΙΙΙ.
2078 4417 2142 4468 23
