2900 4950
1184 258 1301 321 imp.
1338 256 1531 308 Leonis.
2447 245 2526 307 73

150 400 710 492 ἇνεγηγερμένων
739 405 904 488 θεῷ,
948 405 1067 490 τῆς
1109 404 1181 471 δὲ
1225 405 1379 487 περὶ
1423 403 1580 483 τοὺς
1625 403 1824 489 ἱερεῒς
1846 412 2155 492 χορηγίας
2183 409 2292 474 καὶ
2320 413 2530 494 θερα-

146 514 368 585 πείας
419 499 542 588 οὐχ
589 500 841 589 ὁμοίως
882 503 1067 588 παρὰ
1112 504 1381 571 πάντων
1427 504 1576 583 οἵας
1616 528 1691 570 τε
1734 502 1933 592 οὔσης
1975 513 2318 592 γίνεσθαι,
2365 531 2530 593 συμ-

148 614 385 692 βαίνει
442 604 560 672 διὰ
600 604 717 670 τὸν
750 603 951 687 νόμον
980 603 1134 683 τοὺς
1164 601 1391 689 ὥσπερ
1424 599 1616 673 εἷπον
1647 600 2111 693 άπορωτέρους
2152 609 2325 693 πρὸς
2355 610 2529 678 ἰδιά-

157 709 422 788 ζουσαν
472 707 701 792 ἱερέων
747 701 1079 792 ἀνάληψιν
1111 700 1468 788 ἇμετόχους
1509 708 1630 790 μὲν
1676 701 1913 785 αὐτοὺς
1954 709 2338 789 πλειστάκις
2382 713 2531 778 δια-

154 815 393 893 μένειν
455 811 595 873 τῶν
640 813 851 874 θείων
892 812 1298 892 μυστηρίων,
1362 805 1898 893 ἀποστερεῖσθαι
1952 809 2023 875 δὲ
2077 809 2188 877 καὶ
2242 811 2327 878 τὰ
2384 812 2528 898 ἱερὰ

154 915 631 994 τεμενίσματα
658 911 793 974 τῶν
824 903 925 974 ἐπ’
960 901 1187 985 αὐτοῖς
1234 901 1639 995 ὀφειλόντων
1671 905 2012 995 ἆγιασμῶν
2043 910 2525 980 ἐπιτελεῖσθαι.

160 1009 239 1077 οὗ
284 1010 433 1098 μὴν
479 1003 620 1077 ἀλλ’
673 1007 843 1087 εἰκὸς
885 1010 990 1074 καὶ
1035 1014 1264 1092 μνείας
1308 1008 1749 1096 ἕφισταμένης
1798 1010 2006 1078 ἐνίοτε
2047 1020 2527 1101 κεκοιμημένων

162 1106 437 1197 ἀπορίᾳ
485 1111 714 1194 ἱερέως
754 1109 871 1196 τὴν
898 1115 1275 1193 παρουσίαν
1304 1114 1420 1196 τῆς
1463 1109 1719 1197 μνήμης
1760 1112 2221 1196 παραδραμεῖν
2266 1110 2532 1200 ἆνιέρα-

163 1237 303 1292 τον,
359 1207 459 1291 ὥς
507 1210 576 1277 ἐκ
618 1210 855 1277 τούτου
900 1205 979 1277 οὗ
1019 1209 1259 1295 μικρὰν
1302 1221 1446 1289 τοῖς
1489 1235 1561 1277 τε
1601 1214 1862 1295 βιοῦσιν
1898 1209 2192 1279 ἐνταῦθα
2234 1218 2345 1281 καὶ
2385 1227 2531 1295 τοῖς

166 1313 283 1392 οὓς
332 1310 375 1379 ὃ
423 1313 686 1379 ἐκεῖθεν
733 1311 862 1394 ἔχει
903 1317 1050 1396 βίος
1094 1317 1476 1396 συμβαίνειν
1524 1312 1774 1398 ζημίαν.

339 1410 688 1498 Ὁρίζομεν
734 1403 867 1492 οὖν,
915 1410 990 1479 οὐ
1034 1412 1238 1497 μόνον
1280 1412 1436 1491 τοὺς
1480 1413 1753 1501 ἑκάστης
1794 1415 2156 1501 καθολικῆς
2192 1413 2532 1502 ἐκκλησίας

172 1516 405 1601 ἱερεῖς,
456 1510 629 1581 ἀλλὰ
658 1517 764 1579 καὶ
795 1513 949 1592 τοὺς
980 1513 1265 1592 οἰκείους
1287 1517 1420 1580 τῶν
1444 1515 1715 1598 ’ἱερέωνῧ
1758 1513 2031 1603 ἑκάστης
2061 1516 2271 1596 οἰκίας
2301 1515 2531 1584 ἄδειαν

170 1618 353 1700 ἔχειν
398 1617 469 1683 ἐν
513 1614 772 1693 πάσαις
811 1625 961 1692 ταῖς
1004 1615 1245 1693 οἰκίαις
1290 1616 1609 1700 ἱερᾶσθαί
1650 1641 1721 1684 τε
1750 1619 1861 1682 καὶ
1900 1629 2369 1704 μυσταγωγεῒν,
2417 1616 2531 1698 οὓς

170 1713 255 1786 ἂν
302 1717 718 1803 προσκαλεῖν
763 1717 1021 1801 αἱροῖτο
1067 1713 1103 1782 ὃ
1149 1716 1422 1804 ἑκάστης
1469 1717 1809 1797 δεσπόζων
1837 1717 2073 1803 ιοἰκίας
2115 1720 2222 1785 καὶ
2268 1719 2531 1788 διδόναι

169 1819 293 1907 τὴν
342 1819 414 1887 ἐν
458 1829 606 1898 τοῖς
652 1818 855 1904 ἱεροῖς
896 1811 1258 1904 εἰηαηρίοις
1300 1817 1600 1903 πάροδον
1642 1821 1751 1885 καὶ
1798 1819 2143 1905 ἱερατείαν.

1217 2155 1389 2217 Nov.
1432 2155 1500 2217 V.

181 2279 260 2342 Ut
304 2278 390 2350 hi,
441 2275 655 2356 quibus
689 2284 833 2355 *post
875 2283 1212 2355 susceptum
1269 2274 1658 2336 monasticum
1704 2283 1917 2336 statum
1967 2276 2270 2338 facultates
2315 2295 2533 2356 suppe-

182 2389 351 2452 tunt,
413 2397 535 2438 non
580 2378 640 2438 in
686 2386 871 2438 totum
919 2376 990 2438 de
1038 2376 1107 2437 iis
1151 2375 1351 2436 testari
1398 2375 1852 2455 prohibeantur,
1902 2376 2006 2437 sed
2051 2377 2099 2438 s'i
2147 2376 2382 2456 quidem
2427 2378 2532 2438 ali-

188 2482 329 2561 quid
377 2490 552 2540 antea
595 2478 700 2540 visi
746 2479 962 2540 suerint
1004 2477 1271 2539 intulisse
1317 2478 1674 2539 monasterio
1730 2486 1852 2539 tum
1911 2498 2089 2558 quum
2146 2480 2203 2540 id
2262 2479 2530 2558 ingrede-

187 2592 431 2655 rentur,
496 2581 568 2640 de
612 2590 815 2660 postea
863 2579 1163 2659 acquisitis
1208 2577 1537 2639 facultatem
1582 2578 1838 2641 habeant
1895 2580 2388 2660 quemadmodum
2431 2599 2532 2640 vo·-

189 2683 410 2743 luerint
455 2689 663 2742 cuncta
708 2680 1091 2760 disponendi3
1150 2679 1243 2741 sin
1297 2681 1463 2763 prius
1518 2680 1663 2740 nihil
1707 2681 2040 2755 intulerint,
2098 2679 2242 2762 ipsis
2294 2681 2529 2760 quidem

195 2785 267 2845 de
310 2785 489 2844 besse
532 2782 824 2843 statuendi
867 2781 1100 2843 licentia
1147 2781 1251 2853 sit,
1316 2781 1737 2843 monasterium
1783 2800 1919 2843 vero
1975 2782 2258 2863 reliquam
2305 2793 2533 2864 partem

1003 2883 1121 2943 sive
1166 2882 1439 2945 trientem
1485 2881 1730 2969 capiatf.
1789 2872 1795 2883 ’

1047 3032 1555 3106 ΔΙΑΤΑΞΙΣ
1600 3024 1674 3102 ε’.

206 3150 393 3246 Περὶ
443 3157 583 3222 τσῦ
632 3147 807 3231 τοὺς
856 3146 1043 3244 μετὰ
1093 3146 1179 3221 τὸ
1244 3146 1600 3221 ὑπελθεῖν
1656 3145 1795 3240 τὴν
1845 3144 2265 3241 μοναδικὴν
2329 3155 2535 3222 πολι-

202 3269 400 3348 τείαν
438 3263 905 3366 πραγμάτων
942 3262 1496 3361 εὐπορήσαντας
1534 3263 1636 3359 μὴ
1672 3264 2009 3337 καθόλου
2049 3261 2536 3362 ἀπείργεσθαι

202 3388 359 3483 περὶ
413 3387 672 3459 αὐτῶν
723 3383 1240 3473 διατίθεσθαι,
1294 3383 1438 3457 ἀλλ’
1502 3387 1562 3456 εἶ
1613 3381 1754 3476 μὲν
1799 3384 2183 3489 ὤφθησάν
2232 3408 2301 3453 τι
2354 3409 2537 3473 προ-

201 3504 834 3601 καταβεβλημὲνοι
914 3510 1023 3599 τῷ
1088 3500 1565 3598 μοναστηρίῳ
1631 3500 1823 3575 κατὰ
1887 3499 2024 3575 τὸν
2085 3499 2350 3595 καιρὸν
2416 3499 2536 3572 ὅτε

202 3630 444 3720 τούτῳ
518 3629 1067 3717 προσήρχοντο,
1157 3619 1345 3695 εἶναι
1417 3619 1693 3702 αὐτοὺς
1775 3619 1942 3714 περὶ
2000 3626 2158 3693 τῶν
2224 3617 2537 3714 ὕστερον

206 3740 856 3838 προσκατημένων
880 3745 911 3789 2
1002 3737 1309 3837 κυρίους
1380 3737 1644 3820 καθώς
1730 3741 2206 3833 προαιροῖντο
2288 3741 2538 3808 πάντα

329 3942 351 3971 ⁸
382 3944 513 3994 Bais.
550 3941 677 3997 τοῦς
713 3932 885 4007 ἱερεῖς.

330 4029 345 4055 ¹
378 4029 467 4079 Est
502 4030 551 4078 in
588 4027 690 4078 Ect.
728 4028 841 4078 Nov.
878 4028 924 4077 2.
996 4026 1136 4076 Mieh.
1173 4027 1310 4077 Attal.
1346 4025 1395 4075 in
1428 4027 1550 4088 App.
1588 4022 1801 4084 (Leuncl.
1836 4022 1960 4070 JGR.
1999 4021 2038 4070 11
2074 4036 2122 4084 p.
2157 4019 2259 4081 79).
2296 4021 2457 4073 Harm.
2486 4023 2539 4085 V,

208 4112 253 4175 4,
284 4112 329 4163 3.
398 4114 539 4163 Extat
587 4127 785 4177 quoque
832 4113 881 4161 iu
933 4111 1048 4161 eod.
1084 4111 1282 4160 Vindob.
1333 4110 1499 4158 histor.
1549 4123 1616 4170 gr.
1652 4108 1718 4175 48
1764 4105 1844 4155 fol.
1888 4106 1948 4155 10
1984 4120 2057 4169 sq.
2127 4105 2196 4154 lbi
2245 4107 2434 4155 rubrica
2468 4107 2542 4154 in-

214 4198 445 4261 scriptioni
484 4198 811 4261 postponitur.
848 4223 910 4232 —
950 4194 1246 4257 Scrimgerus
1284 4201 1444 4244 notat:
1505 4187 1732 4259 φέρεται
1765 4185 1856 4238 καὶ
1891 4180 2023 4250 αὕτη
2062 4180 2378 4259 ἐπιγραφή·
2415 4185 2543 4256 περὶ

211 4280 296 4329 τοῦ
331 4276 694 4332 διατίθεσθαι
724 4274 828 4330 ’τὸν
858 4274 1185 4347 μονάσαντα
1217 4272 1294 4332 εἷς
1310 4272 1379 4327 τὰ
1398 4269 1771 4336 ἐπικτηθέντα.
1831 4276 1912 4326 Sic
1935 4276 2074 4326 estin
2094 4274 2195 4326 Eci.
2332 4271 2354 4300 ²
2388 4273 2540 4324 Codd.

210 4377 527 4433 κροσεκτημ.
1292 4375 1297 4380 ·
