2900 4950
1115 280 1233 345 rmp.
1269 277 1416 331 nexit
1456 280 1703 332 commi.
2454 269 2579 333 397

246 429 377 514 ἔχει
431 428 1066 513 καταλοχιζομένων,
1128 427 1215 513 μὴ
1271 428 1350 494 τὸ
1406 427 1911 495 ἐπακολουθοῦν
1970 429 2042 508 ἐξ
2095 425 2291 518 ἀρχῆς
2332 436 2427 519 τῷ
2473 459 2581 500 νο-

243 538 529 618 μίσματι
582 521 1250 616 δικερατοεξάφολλον
1306 527 1459 616 ἤτοι
1514 529 1789 616 φόλλεις
1839 530 1894 596 λ’
1954 542 2351 615 παρασχεῖν,
2416 530 2583 602 ἀλλὰ

244 632 453 719 μόνας
496 631 765 719 φόλλεις
799 629 863 710 ι’,
907 629 987 696 τὸ
1029 636 1251 716 τρίτον
1298 631 1603 716 δηλονότι
1645 635 1779 699 τῶν
1807 631 1887 699 λ’.
1948 631 2074 719 ἐγώ
2119 634 2193 700 δὲ
2236 630 2273 698 ὃ
2320 628 2585 717 ἀνάξιος

245 733 487 813 δοῦλός
531 756 653 800 σου
699 727 816 799 οὐκ
858 732 1202 820 ἐλαχίστην
1247 731 1316 799 ἔκ
1346 732 1583 799 τούτου
1625 737 1720 819 τῷ
1767 734 2062 822 δημοσίῳ
2109 735 2343 823 ζημίαν
2373 759 2586 820 προσ-

246 842 590 923 γινομένην
632 837 969 900 κατανοῶν
1012 836 1119 900 καὶ
1167 832 1384 913 ἄλλως
1428 836 1497 901 δὲ
1540 837 1662 914 τὰς
1705 836 2072 920 σεκρετικὰς
2103 838 2197 918 εἷς
2238 837 2318 904 τὸ
2346 839 2585 923 μέλλον

249 937 629 1024 συζητήσεις
670 936 1158 1021 προορώμενος,
1207 936 1376 1023 ζητῶ
1420 941 1929 1024 προσταχθῆναί
1967 966 2087 1024 μοι
2128 943 2376 1029 ῥητῶς,
2426 937 2585 1030 ὅσην

251 1038 941 1125 δικερατοεξαφόλλων
985 1037 1329 1125 ποσότητα
1383 1038 1494 1105 καὶ
1551 1038 1664 1105 ἐπὶ
1719 1051 1864 1118 τοῖς
1901 1044 2276 1129 χαράγμασι
2316 1045 2425 1111 καὶ
2470 1044 2585 1111 ἐπὶ

247 1151 400 1220 τοῖς
427 1140 520 1220 είς
547 1140 890 1228 ποσότητα
920 1138 1344 1224 νομισμάτων
1369 1140 1977 1227 καταλογιζομένοις
2005 1153 2307 1229 νουμίοις
2336 1142 2585 1232 ὀφείλω

253 1243 485 1330 ζητεῒν.

1264 1375 1553 1455 Λύσις.

424 1497 558 1562 Καὶ
603 1494 715 1562 ἐπὶ
761 1505 904 1574 τοῖς
948 1493 1060 1561 διὰ
1099 1494 1517 1580 χαράγματος
1546 1490 2060 1580 ἆπαιτουμένοις
2090 1505 2456 1585 νομίσμασι
2483 1501 2590 1566 καὶ

257 1599 373 1668 ἐπὶ
415 1607 561 1676 τοῖς
604 1602 903 1680 νουμίοις
945 1599 1075 1662 τῶν
1122 1594 1188 1662 δ’
1238 1598 1543 1684 δηλονότι
1585 1598 2063 1686 μιλλιαρησίων
2094 1599 2236 1670 ἀντὶ
2283 1604 2401 1668 τοῦ
2447 1599 2592 1680 ἑνὸς

256 1707 681 1785 νομίσματος,
730 1693 820 1777 ὥς
863 1692 1061 1776 αὗτός
1103 1724 1174 1764 τε
1218 1694 1600 1787 ὑπέμνησας
1643 1700 1748 1766 καὶ
1798 1695 1834 1788 ἡ
1881 1700 2015 1784 πρὸ
2058 1706 2289 1785 μικροῦ
2335 1699 2591 1770 ἀπολυ-

255 1808 464 1869 θεῖσα
507 1797 873 1884 πρόσταξις
917 1805 1235 1884 περιέχει,
1292 1799 1370 1867 τὸ
1420 1825 1625 1889 ημισυ
1671 1804 1785 1868 νῦν
1827 1804 1945 1866 τοῦ
1990 1803 2219 1888 πρῴην
2266 1797 2593 1871 ἀπαιτου-

255 1907 455 1990 μένου
513 1903 883 1984 δικερατοες
858 1898 1184 1987 ἃ-ἀφόλλου
1243 1896 1694 1970 ἀπαιτεῖσθαι
1746 1899 1785 1988 ἡ
1842 1903 2153 1988 βασιλεία
2205 1928 2333 1987 μου
2386 1906 2585 1990 διορί-

223 2007 439 2088 ’ζεται
484 2002 755 2091 φόλλεις
799 2001 872 2069 ιε’
918 2004 1029 2068 καὶ
1069 2002 1277 2086 μόνας
1319 2010 1425 2070 καὶ
1471 2004 1673 2091 μηδὲν
1718 2006 1924 2071 πλέον
1970 2000 2072 2093 ἐφ’
2112 2004 2364 2091 ἑκάστῳ
2409 2012 2594 2089 νομί-

258 2131 482 2191 σματι,
530 2105 664 2172 ε’ίτε
709 2103 822 2170 διὰ
861 2102 1275 2189 χαράγματος
1319 2104 1453 2172 εἴτε
1484 2105 1596 2172 διὰ
1638 2114 1923 2200 νουμίων
1956 2103 2046 2186 ὥς
2089 2107 2343 2193 εἴρηται
2389 2101 2595 2174 άπαι-

256 2212 594 2293 τουμένας.

1086 2337 1173 2426 y‘.
1244 2335 1757 2430 Ὑπόμνησις.

423 2456 631 2527 Ἀλλὰ
673 2459 783 2525 καὶ
828 2458 941 2526 ἐπὶ
986 2460 1066 2546 τῇ
1122 2451 1482 2548 ἀπαιτήσει
1534 2462 1668 2528 τῶν
1713 2463 2086 2550 συνηθειιῦν
2127 2463 2233 2529 καὶ
2282 2459 2594 2529 ἐλατικῶν

263 2561 624 2650 ὃρισθῆναί
663 2583 782 2646 μοι
824 2564 917 2647 τῷ
964 2556 1208 2647 ἀναξίῳ
1255 2562 1468 2649 δούλῳ
1515 2586 1636 2629 σου
1684 2564 1883 2651 ζητῶ,
1937 2565 2070 2632 εἴτε
2114 2564 2227 2631 διὰ
2270 2563 2597 2647 νομισμά-

260 2690 394 2732 των
439 2658 689 2751 ὀφείλω
732 2665 840 2730 καὶ
884 2666 1093 2729 ταῦτα
1139 2663 1350 2750 ζητεῖν
1396 2665 1531 2732 εἴτε
1576 2664 1688 2732 διὰ
1730 2672 2034 2750 νουμίων.
2106 2665 2255 2751 ὂὲχρι
2297 2663 2420 2751 γὰρ
2465 2669 2596 2734 τῶν

262 2767 323 2848 ζ’
373 2764 797 2850 νομισμάτων
842 2758 1230 2831 ἆπαιτεῒται
1283 2764 1472 2851 χάριν
1519 2774 1877 2854 συνηθείας
1932 2772 2038 2834 καὶ
2084 2768 2385 2835 ἐλατικοῦ
2428 2760 2596 2850 ὑπὲρ

263 2867 541 2935 ἑκάστου
586 2872 990 2950 νομίσματος
1030 2867 1493 2954 μιλλιαρήσιον
1539 2869 1598 2933 α’
1648 2867 1915 2955 φὸλλεις
1961 2868 2067 2954 ιβ’,
2122 2865 2481 2954 αὐξομένης
2526 2869 2598 2935 δὲ

260 2973 379 3057 τῆς
422 2970 578 3052 περὶ
621 2968 754 3033 τῶν
798 2965 1220 3050 νομισμάτων
1266 2962 1706 3056 ἀπαιτήσεως,
1755 2968 2024 3050 αὔξεται
2064 2970 2171 3036 καὶ
2204 2966 2240 3057 ἡ
2275 2970 2598 3058 συνήθεια

264 3071 381 3139 σὺν
424 3073 518 3157 τῷ
564 3069 859 3156 ἐλατικιῦ,
904 3074 1012 3135 και
1059 3070 1124 3136 8
1114 3095 1181 3148 ς
1223 3070 1341 3153 μὲν
1387 3077 1761 3155 νομίσματα
1806 3072 1845 3138 ι’
1896 3072 2364 3157 εἰσπράττεται
2408 3070 2597 3158 χάριν

264 3178 625 3260 συνηθείας
667 3174 775 3239 καὶ
821 3170 1119 3239 ἐλατικοῦ
1167 3169 1458 3255 νόμισμα
1500 3172 1580 3253 α’,
1629 3187 1686 3239 ·ι“’
1734 3174 1825 3252 εἷς
1868 3174 2075 3241 πλέον
2110 3175 2183 3240 δὲ
2228 3171 2442 3240 ποσὸν
2483 3198 2600 3296 της

263 3278 398 3341 τῶν
443 3276 776 3360 δημοσίων
823 3268 1247 3359 ἀπαιτήσεως
1287 3299 1874 3359 παρεκτεινομενης
1926 3275 2037 3342 καὶ
2080 3273 2231 3360 ἄχρι
2274 3275 2601 3361 νομισμά-

264 3402 398 3442 των
440 3374 492 3442 κ’
542 3381 1049 3463 περιισταμένης
1085 3374 1373 3462 ζητεῖται
1404 3376 1726 3465 συνήθεια
1756 3380 1864 3444 καὶ
1897 3376 2192 3445 ἐλατικὸν
2222 3384 2600 3463 νομίσματα

264 3476 342 3565 γ’.
433 3476 586 3543 ἐπεὶ
640 3500 754 3541 ουν
812 3476 879 3543 έκ
933 3484 1219 3560 νουμίων
1277 3476 1348 3556 ἒξ
1401 3472 1599 3566 ἀρχῆς
1653 3478 1722 3546 ἒν
1776 3488 1922 3558 τοῖς
1976 3481 2601 3566 λεπτομερεστέροις

264 3583 399 3646 τῶν
443 3575 866 3661 νομισμάτων
908 3581 1162 3645 τέλεσιν
1204 3574 1243 3664 ἡ
1288 3581 1420 3645 τῶν
1465 3583 1836 3663 συνηθειιῦν
1881 3581 1988 3645 καὶ
2034 3579 2346 3649 ἔλατικῶν
2391 3577 2600 3650 άπαί-

265 3704 456 3769 τησις
500 3684 918 3756 συνίσταται,
977 3677 1101 3763 ἐγώ
1157 3681 1277 3762 μὲν
1332 3684 1436 3747 καὶ
1497 3677 1641 3749 ἀντὶ
1698 3685 1815 3747 τοῦ
1861 3679 1920 3747 α’
1973 3684 2078 3747 καὶ
2128 3696 2154 3748 ἰ’
2198 3689 2601 3768 νομίσματος

265 3785 373 3852 καὶ
422 3777 566 3849 ἆντὶ
610 3782 743 3847 τῶν
785 3777 839 3863 γ’
889 3780 1310 3863 νομισμάτων
1351 3785 1460 3848 καὶ
1505 3786 1636 3849 τῶν
1679 3784 1981 3850 ἐπέκεινα
2023 3781 2272 3850 τούτων
2318 3780 2483 3868 ὖπέρ
2528 3809 2602 3851 τε

270 3889 628 3973 συνηθείας
669 3882 778 3948 καὶ
823 3879 1121 3946 έλατικοῦ
1153 3881 1515 3966 διδομένων
1546 3891 1783 3968 νουμία
1819 3884 1986 3972 ζητῶ
2019 3883 2373 3969 λαμβάνειν
2402 3883 2601 3971 ἤγουν

270 3983 415 4053 ἀντὶ
472 3982 879 4071 νομίσματος
935 3979 993 4047 α’
1049 3980 1481 4068 μιλλιαρήσια
1538 3983 1625 4050 δ’.
1713 3997 1858 4064 τοῖς
1901 3985 1965 4052 δ’
2016 3983 2226 4064 οὕτως
2281 3983 2449 4052 αὐτὰ
2494 3987 2603 4074 ζη-

268 4093 612 4172 τουμένοις
666 4084 962 4169 ἐπαχθὲς
1015 4087 1211 4150 τοῦτο
1270 4085 1486 4150 δοκεῖ·
1542 4084 1626 4151 τὰ
1677 4080 1829 4170 μέν’
1855 4094 2092 4172 νουμία
2147 4086 2261 4153 διὰ
2315 4095 2601 4173 νουμίων

273 4193 581 4271 παρέχειν
644 4187 1094 4271 ἐνισταμένοις
1155 4178 1309 4252 καθ’
1373 4180 1609 4270 ὅμοιον
1662 4196 1805 4266 τοῖς
1871 4188 2298 4279 δημοσιακοῖς
2350 4189 2602 4259 τούτων

269 4289 657 4371 τελέσμασι,
716 4286 800 4355 τὰ
858 4289 929 4354 δὲ
986 4294 1362 4373 νομίσματα
1418 4286 1532 4354 διὰ
1587 4288 2060 4373 νομισμάτων.4
2116 4287 2154 4378 ἡ
2202 4292 2275 4358 δὲ
2322 4294 2603 4380 κραταιὰ

269 4389 580 4479 βασιλεία
622 4411 742 4456 σου
785 4389 863 4456 τὸ
908 4391 1139 4457 δοκοῦν
1183 4384 1346 4478 αὐτῇ
1390 4392 1499 4457 καὶ
1543 4392 1700 4478 περὶ
1729 4388 1965 4457 τούτου
1996 4393 2434 4476 προσταξάτω
2462 4419 2598 4479 μοι.
