2900 4950
1019 259 1136 322 imp.
1175 259 1430 309 Andronici
1468 261 1692 311 senioris.
2399 247 2531 311 622)

176 432 333 479 τινα
376 403 529 475 καθ’
579 406 812 494 ἑαυτὴν
857 402 1019 493 αὕτη
1065 405 1387 490 λαμβάνει
1426 410 1545 494 τῆς
1588 405 1979 493 πρεπούσης
2017 411 2213 495 τιμῆς
2246 390 2523 495 Ιἐπιτυγ-

175 506 501 592 χάνουσα,
557 507 670 575 καὶ
726 505 899 591 πρός
950 531 1024 592 γε
1076 506 1204 592 μὴν
1257 506 1430 592 πρὸς
1471 506 1588 574 τὸν
1632 502 1870 589 ὅμοιον
1914 507 2289 595 διανίστησι
2326 509 2524 595 ’ζῆλον

178 609 337 688 τοὺς
379 607 619 695 ταύτης
661 602 1090 686 ἀποδέοντας.
1176 613 1398 675 τοίνυν
1439 606 1553 675 καὶ
1598 604 1852 676 εὐδοκεῖ
1904 611 2010 675 καὶ
2071 610 2425 695 διορίζεται
2483 638 2526 696 η

174 712 496 795 βασιλεία
514 713 644 793 μὀυ
669 707 787 775 διὰ
827 711 946 777 τοῦ
988 706 1321 792 παρόντος
1362 708 1891 794 προστάγματος,
1935 709 2193 793 ἐπέχειν
2234 711 2350 778 τὸν
2392 712 2510 797 δη-

181 811 491 878 λωθέντα
518 810 870 895 ἱερώτατον
892 810 1382 897 μητροπολίτην
1408 810 1451 877 ἄ
1467 835 1639 894 πρω
1662 814 1767 877 καὶ
1792 807 2153 931 &ube-upton
2175 811 2292 880 τὸν
2314 811 2528 879 τόπον

181 916 304 979 τοῦ
351 938 435 979 ευ
443 915 783 995 χαιτων
828 910 940 978 καὶ
972 904 1336 979 ἀπολαύειν
1358 914 1475 997 τῆς
1497 905 1862 999 ἀνηκούσης
1882 916 1976 997 τῷ
1996 913 2278 1000 τοιούτω
2301 912 2529 999 θρόνῳ

191 1016 407 1099 τιμῆς,
456 1015 523 1079 ἓν
549 1038 620 1079 τε
661 1023 812 1092 ταῖς
853 1011 1020 1078 κατὰ
1061 1011 1179 1097 τὴν
1220 1019 1419 1079 θείαν
1461 1010 1574 1078 καὶ
1618 1012 1799 1097 ἱερὰν
1842 1014 2119 1081 σύνοδον
2164 977 2529 1095 σύνάξεσιν,

196 1114 266 1185 ἐν
311 1140 384 1182 τε
427 1113 703 1181 στάσεσι
744 1112 857 1181 καὶ
899 1116 1260 1196 καθέδραις
1300 1139 1412 1179 και
1453 1124 1604 1193 ταῖς
1637 1114 1912 1192 λοιπαῖς
1942 1116 2376 1195 συνελεύσεσι,
2420 1114 2533 1182 καὶ

193 1211 434 1294 ἆπλῶξ
474 1213 688 1284 εἰπεῖν
743 1214 1016 1283 πάντων
1058 1218 1192 1281 τῶν
1236 1209 1685 1301 ὁπωσδήποτε
1730 1209 2098 1302 ἀνηκόντων
2143 1213 2234 1295 ὥς
2278 1218 2533 1303 εἴρηται

187 1320 286 1403 τῷ
344 1315 573 1403 θρόνῳ
628 1319 761 1382 τῶν
819 1310 1219 1399 εὖχαΐτων
1272 1314 1441 1399 μετὰ
1496 1314 1722 1399 πάσης
1765 1312 1994 1397 ἀδείας
2033 1317 2112 1384 τὸ
2159 1314 2297 1385 ἀπὸ
2336 1319 2534 1384 τοῦδε

185 1424 480 1504 μετέχειν
524 1416 635 1485 καὶ
679 1412 1043 1483 ἀπολαύειν
1089 1411 1307 1495 αὐτόν,
1354 1413 1457 1504 ἐφ’
1507 1406 1562 1503 ᾧ
1603 1416 1717 1484 καὶ
1760 1412 1797 1482 ὃ
1841 1413 2207 1503 ἆγιώτατός
2247 1424 2376 1502 ’μου
2424 1420 2532 1485 δε·-

189 1518 449 1606 σπότης
494 1515 530 1584 ὃ
573 1516 1019 1601 οἱκουμενικὸς
1047 1517 1456 1603 πατριάρχης
1486 1520 1739 1603 στέρξει
1767 1520 1873 1585 καὶ
1906 1514 2306 1598 ἀποδέξεται
2334 1523 2532 1585 τοῦτο

187 1620 360 1706 μετὰ
412 1623 530 1708 τῆς
583 1618 742 1706 περὶ
795 1613 996 1685 αὐτὸν
1048 1625 1246 1697 θείας
1288 1618 1400 1685 καὶ
1445 1618 1625 1704 ἱερᾶς
1668 1614 2043 1704 ὅμηγύρεως
2083 1625 2217 1687 τῶν
2261 1619 2535 1705 ἱερωτά-

193 1748 329 1789 των
374 1716 745 1807 ἀρχιερέων,
788 1723 898 1787 καὶ
944 1719 1215 1808 ἐπιθήσει
1255 1718 1447 1804 χάριν
1489 1719 1729 1786 τούτου
1773 1718 1884 1787 καὶ
1914 1721 2158 1805 πρᾶξιν
2190 1721 2535 1808 συνοδικὴν

191 1818 404 1891 ταύτὰ
461 1825 670 1889 ταῦτα
725 1820 1336 1906 διαλαμβάνουσαν,
1397 1817 1570 1905 ἅπερ
1626 1819 1738 1887 καὶ
1782 1816 1818 1886 ὃ
1862 1824 1980 1908 τῆς
2019 1823 2366 1907 βασιλείας
2405 1846 2535 1906 μου

197 1920 494 2008 ὁρισμός.
582 1922 696 1990 διὰ
735 1920 858 2008 γὰρ
901 1927 1097 1988 τοῦτο
1140 1919 1254 1988 καὶ
1293 1919 1372 1987 τὸ
1416 1918 1635 2006 παρὸν
1677 1926 1797 2006 τῆς
1837 1924 2181 2005 βασιλείας
2220 1947 2351 2007 μου
2396 1922 2535 2009 ἔγε-

198 2026 380 2111 γόνει
424 2019 601 2109 αὐτῷ
645 2021 1061 2108 πρόσταγμα.
1237 2062 1248 2075 =

369 2120 524 2208 Εἶχε
569 2118 650 2191 δι’
700 2124 1002 2209 ἔρυθρῶν
1044 2119 1444 2209 γραμμάτων
1486 2126 1603 2208 τῆς
1632 2126 1843 2201 ,θείας
1883 2120 1993 2189 καὶ
2032 2123 2380 2211 βασιλικῆς
2402 2149 2539 2207 χει-

202 2225 320 2313 ρὸς
360 2225 471 2292 τό·
514 2228 668 2313 μηνὶ
713 2230 1126 2311 νοεμβρίῳ
1173 2223 1293 2290 ἰνδ.
1339 2223 1421 2309 β.

1063 2437 1679 2448 —mffl

1182 2633 1354 2695 NOV.
1399 2633 1567 2694 XXV.

883 2752 1031 2829 lmp.
1076 2748 1482 2810 Andronici
1528 2751 1861 2812 senioris

643 2869 818 2913 aurea
862 2849 1019 2911 bulla
1065 2870 1174 2929 pro
1220 2849 1686 2911 Comensibus-¹.
1775 2855 1863 2922 (Α.
1900 2855 2109 2928 1304.)

384 3022 527 3083 Cum
572 3019 901 3083 transmissi
946 3019 1166 3081 fuerint
1208 3018 1278 3079 ad
1311 3017 1629 3098 Imperium
1676 3028 1941 3080 nostrum
1988 3039 2058 3080 ex
2098 3029 2266 3099 parte
2301 3021 2543 3084 illustris

213 3122 492 3187 Comunis
545 3121 734 3183 Janue
792 3118 998 3182 dilecte
1051 3119 1429 3182 fraternitatis
1488 3119 1722 3199 Imperii
1780 3120 1963 3181 nostri
2020 3120 2430 3183 Ambazatores
2486 3131 2549 3185 et

210 3224 419 3287 sindici
464 3222 749 3305 speciales
794 3221 1020 3283 nobiles
1064 3230 1123 3283 et
1165 3221 1487 3301 prudentes
1533 3220 1667 3294 viri,
1730 3220 1993 3282 videlicet
2036 3222 2308 3286 dominus
2354 3223 2543 3284 Guido

210 3326 556 3390 Embriacus
601 3333 657 3385 et
702 3323 976 3384 dominus
1019 3326 1275 3383 Acursus
1320 3321 1642 3395 FerrariuS‚
1689 3323 1760 3382 ad
1807 3324 2149 3402 exponenda
2197 3341 2392 3384 coram
2441 3343 2546 3384 no·

211 3437 334 3490 stro
379 3425 631 3507 Imperio
690 3423 974 3504 capitula,
1031 3443 1098 3484 ex
1144 3422 1359 3503 quibus
1405 3423 1690 3503 quaedam
1737 3424 1808 3484 ad
1856 3423 2115 3503 ipsorum
2159 3425 2546 3488 sennensium

206 3529 338 3609 jura
382 3526 729 3589 videbantur
771 3534 831 3588 et
873 3524 1166 3588 observari
1213 3524 1524 3600 debebant,
1571 3534 1631 3587 et
1674 3525 1923 3605 quedam
1971 3526 2044 3587 de
2087 3526 2326 3607 speciali
2360 3526 2544 3605 gratia

211 3628 589 3710 requirebant
623 3627 790 3707 juxta
833 3646 900 3688 ea
948 3645 1061 3706 que
1107 3627 1423 3706 imperium
1470 3637 1735 3688 nostrum
1781 3629 1972 3688 facere
2002 3628 2306 3690 consuevit
2333 3629 2546 3691 intuitu

207 3729 559 3807 affectionis,
603 3727 787 3806 gratie
832 3736 888 3788 et
932 3728 1180 3800 amoris,
1239 3747 1411 3807 quem
1458 3747 1592 3807 erga
1642 3727 1864 3789 illustre
1907 3747 2157 3790 comune
2199 3728 2389 3790 Janne
2431 3729 2548 3789 lm-

214 3832 439 3912 perium
486 3838 752 3891 nostrum
799 3826 1005 3888 habet:
1074 3828 1287 3906 quibus
1330 3828 1599 3907 capitulis
1644 3847 1751 3906 per
1793 3829 2032 3889 eosdem
2078 3830 2327 3890 nuncios
2372 3848 2549 3908 expo-

218 3932 342 3995 sitis
396 3941 456 3995 et
511 3930 761 3993 narratis
806 3928 1120 4007 Imperium
1166 3937 1431 3989 nostrum
1478 3946 1748 3988 annuens
1793 3929 1916 4007 ipsa
1963 3929 2255 3990 concessit
2297 3928 2546 4009 capitula

220 4043 285 4094 ut
333 4033 579 4094 inferius
635 4030 1044 4110 distinguetur.
1134 4029 1209 4091 Et
1261 4047 1396 4090 ecce
1452 4046 1701 4110 presens
1755 4028 2116 4109 privilegium
2173 4049 2349 4092 aurea
2390 4027 2547 4093 bulla

356 4282 368 4309 ¹
421 4284 487 4333 Ex
524 4286 653 4347 regio
687 4286 851 4336 art-hio
899 4285 982 4349 „di
1020 4281 1196 4336 Corte“
1249 4282 1396 4334 edidit
1431 4283 1563 4333 Sauli
1600 4282 1721 4333 delia
1761 4282 1863 4333 Col.
1901 4283 1977 4333 dei
2016 4283 2187 4333 (ἔειπον.
2224 4283 2273 4333 in
2312 4285 2473 4336 Galata
2508 4287 2546 4336 11
2616 4336 2621 4340 .

221 4386 266 4434 p.
304 4369 421 4419 211.
