2900 4950
626 216 775 280 impp.
811 216 1043 266 lobannis
1080 216 1243 267 Dusae
1277 217 1515 279 Vatatzae,
1548 168 1793 268 Hibbaelis
1831 218 2112 281 Palaeologi.
2412 206 2538 271 575

193 375 253 428 et
294 364 594 446 petierunt
635 363 710 430 ab
752 366 884 447 ipso
928 366 1182 447 imperio
1209 370 1432 430 nostro
1478 368 1749 432 effectum
1794 368 2175 432 eorumdem.
2233 369 2540 437 descendi·

193 485 328 528 mus
372 476 431 528 et
473 474 741 528 nosti-mn
788 467 1105 548 Imperium
1159 468 1582 532 condescendit
1623 470 1696 532 ad
1742 469 2041 550 praedicta
2084 471 2334 551 capitula
2379 491 2541 571 com·

192 567 429 649 plenda,
473 577 536 630 et
570 566 786 647 juravit
831 577 891 630 et
932 569 1202 649 promisit
1243 569 1415 631 dictis
1460 570 1685 632 nuntiis
1730 580 1789 632 et
1832 571 2312 651 procuratoribus
2361 583 2539 660 atque

193 668 472 749 syndicis,
537 668 957 749 recipientibus
1002 672 1241 732 nomine
1284 680 1344 732 et
1387 671 1511 732 vice
1556 671 1899 733 Communis
1939 672 2165 735 Januae
2208 672 2337 753 ipsa
2381 674 2541 754 capi-

193 770 313 832 tula
358 781 417 833 et
460 789 744 851 praesens
788 771 1150 851 privilegium
1196 772 1270 833 de
1314 791 1490 834 aurea
1535 772 1961 854 bullslmperii
2009 773 2194 837 nostri
2227 774 2538 848 munitum,

192 873 268 934 ad
324 880 526 934 sancta
573 872 677 933 Dei
735 872 1028 952 evangelia
1089 880 1149 934 et
1191 873 1577 936 honorificam
1621 883 1683 937 et
1733 874 2157 940 vivificatricem
2201 895 2436 939 crucem
2481 886 2542 938 et

192 992 404 1036 omnes
445 981 714 1064 sanctos:

363 1075 680 1154 Imprimis,
712 1076 869 1155 quod
900 1095 932 1136 a
963 1075 1226 1156 presenti
1255 1075 1351 1137 die
1383 1075 1618 1137 inantea
1651 1075 1891 1139 habebit
1922 1077 2236 1157 Imperium
2272 1087 2538 1142 nostrum

194 1186 260 1238 et
297 1195 673 1240 successores
715 1175 846 1256 ejus
890 1195 1149 1238 amorem
1195 1186 1254 1238 et
1297 1195 1504 1257 pacem
1548 1186 1892 1257 perpetuam
1937 1197 2071 1240 cum
2103 1178 2414 1242 Communi
2441 1180 2541 1242 «la-

195 1295 354 1340 nuae
409 1287 470 1342 et
511 1276 981 1340 Districtualibus
1036 1277 1202 1357 ejus,
1256 1285 1317 1339 et
1374 1278 1532 1357 quod
1591 1278 1830 1348 habebit
1871 1298 2142 1358 guerram
2188 1281 2262 1342 dc
2307 1289 2579 1342 caetero-

194 1398 331 1440 cum
377 1379 686 1441 Communi
729 1379 1081 1440 Venetorum
1127 1386 1187 1440 et
1228 1397 1362 1440 cum
1406 1380 1641 1441 Venetis
1683 1380 1959 1444 omnibus
2002 1381 2256 1442 inimicis
2300 1380 2565 1462 nostris„

195 1490 259 1542 et
301 1480 458 1560 quod
505 1499 621 1541 non
669 1480 837 1542 faciet
878 1499 1086 1560 pacem
1128 1498 1260 1541 cum
1295 1480 1438 1561 'ipso
1470 1480 1801 1555 Communi,
1846 1490 2112 1561 treugam
2157 1501 2271 1544 nec
2296 1501 2545 1546 concor-

196 1582 355 1643 diam
412 1581 542 1643 sine
597 1581 955 1644 conscientia
1012 1587 1071 1643 et
1125 1580 1421 1646 voluntate
1467 1582 1811 1646 Communis
1852 1582 2100 1646 «ianuae.
2192 1582 2267 1646 Et
2322 1583 2542 1648 dictum

197 1685 523 1746 Commune
550 1682 780 1748 «ianuae
821 1702 939 1744 non
985 1683 1158 1744 faciet
1202 1702 1428 1763 pacem,
1476 1693 1741 1763 treugam
1777 1703 1971 1764 neque
2001 1683 2376 1746 concordiam
2406 1703 2542 1750 cum

195 1785 328 1867 ipso
371 1784 684 1847 Communi
714 1786 1065 1846 Venetorum
1098 1785 1226 1846 sine
1256 1785 1617 1847 conscientia
1649 1796 1708 1846 et
1740 1784 2035 1848 voluntate
2068 1785 2253 1847 nostri
2285 1785 2540 1865 Imperii.

368 1886 535 1960 Item,
580 1886 737 1965 quod
783 1884 1025 1948 salvabit
1067 1903 1177 1965 per
1218 1905 1284 1947 se
1328 1897 1386 1948 et
1421 1886 1693 1946 homines
1724 1885 1850 1947 sui³
1881 1885 2137 1966 Imperii,
2184 1905 2335 1964 quos
2367 1885 2543 1950 habet

195 1998 260 2051 et
300 1987 407 2050 Dei
451 1987 850 2052 misericordia
896 1987 1258 2067 adquisierit,
1305 1987 1366 2048 in
1412 1987 1559 2050 mari
1606 1995 1667 2048 et
1710 1996 1884 2060 terra,
1931 1986 1991 2047 in
2036 1986 2308 2066 portibus
2349 1996 2410 2048 et
2450 1986 2544 2047 in·

195 2091 374 2166 sniis,
420 2107 571 2170 quos
615 2099 675 2152 et
716 2107 863 2169 quas
907 2088 1085 2152 babet
1129 2092 1238 2166 [et]
1282 2089 1356 2149 de
1400 2097 1634 2149 caetero
1679 2088 1871 2149 divina
1917 2087 2133 2168 pietate
2177 2086 2541 2166 adquisierit,

195 2193 506 2255 universos
546 2191 878 2253 Janucnses
933 2200 993 2251 et.
1047 2188 1438 2252 districtuales
1480 2188 1709 2250 Januae
1763 2197 1822 2249 et
1878 2207 2011 2264 eos,
2069 2188 2170 2268 qui
2210 2188 2545 2252 Jauuenses

194 2292 668 2375 appellabuntur,
713 2292 773 2353 in
820 2267 1093 2372 personis
1136 2300 1196 2352 et
1238 2290 1419 2353 rebus
1450 2289 1821 2369 naufmgos⁴‚
1867 2290 2006 2353 dum
2042 2301 2237 2356 tamen
2270 2289 2547 2354 testifice-

193 2405 297 2458 tur
337 2395 615 2458 Potestati
656 2394 942 2458 Januensi
985 2413 1091 2457 seu
1139 2393 1406 2475 Capitulo
1450 2393 1539 2454 vel
1584 2392 1938 2454 Consulibus
1966 2392 2212 2466 Januae,
2260 2391 2358 2473 qui
2406 2400 2547 2453 tunc

108 2552 114 2563 .
193 2499 416 2561 fuerint
457 2498 520 2559 in
563 2496 830 2579 partibus
873 2496 1211 2572 Romaniae,
1257 2516 1360 2559 eos
1405 2494 1708 2575 οοειιίιοεδ
1734 2494 2069 2558 Januenses
2110 2495 2200 2557 vel
2245 2493 2546 2559 districtus

193 2599 421 2663 Januae
466 2600 554 2662 vel
597 2599 786 2661 dictos
826 2599 1177 2660 Januenses.

373 2701 518 2762 Item
566 2700 728 2761 dedit
770 2707 830 2760 et
872 2698 1165 2759 concessit
1207 2696 1378 2759 dictis
1421 2697 1648 2759 nuntiis
1695 2706 1754 2759 et
1801 2686 2078 2776 syndieis,
2124 2695 2546 2776 recipientibus

197 2800 443 2863 nomine
487 2809 547 2860 et
589 2800 710 2860 vice
755 2799 1098 2865 Communis
1133 2797 1360 2858 Januae
1404 2807 1465 2858 et
1507 2797 1871 2875 singulorum
1900 2797 2289 2860 Januensium
2334 2815 2548 2861 secun·

201 2903 343 2964 dum
397 2899 757 2974 libertatem,
831 2897 1209 2959 franchisiam
1253 2906 1309 2958 et
1354 2897 1785 2987 immunitate-m
1832 2898 1907 2958 de
1951 2906 2183 2961 caetero
2226 2897 2289 2958 in
2335 2915 2547 2975 perpe·

199 3002 473 3067 tuum·in
521 3000 665 3063 mari
712 3007 772 3061 et
815 3009 988 3073 terra,
1031 2998 1095 3060 in
1140 2996 1408 3079 portibus
1452 3006 1514 3061 et
1557 2997 1766 3059 insulis
1812 2998 2050 3071 nostris,
2102 3015 2252 3076 quos
2292 3004 2357 3059 et
2399 2999 2550 3075 quas

198 3123 363 3167 nunc
405 3100 582 3165 habet
625 3104 724 3181 [et]
769 3101 844 3162 de
886 3109 1118 3186 caetero
1163 3099 1267 3160 Dei
1314 3098 1715 3160 misericordia
1761 3097 2141 3178 adquisierit:
2202 3096 2283 3161 ita
2327 3106 2547 3172 tamen,

204 3205 363 3286 quod
426 3223 634 3266 omnes
674 3203 1006 3265 Januenses
1051 3210 1110 3263 et
1155 3200 1458 3262 districtus
1499 3199 1887 3261 Januensium
1933 3208 1992 3261 et
2035 3198 2172 3262 dicti
2214 3198 2549 3263 Januenses

200 3308 323 3371 sint
364 3306 590 3368 franchi
636 3315 694 3367 et
736 3304 902 3366 liberi
948 3313 1007 3365 et
1048 3303 1342 3364 immunes
1385 3301 1445 3363 in
1493 3310 1617 3363 toto
1661 3284 1960 3382 praedicto
1998 3299 2252 3382 Imperio
2297 3319 2429 3363 meo
2475 3299 2548 3360 ab

202 3409 365 3472 omni
409 3408 779 3481 commercio,
826 3404 1033 3480 desita,
1080 3404 1403 3478 exactione,
1449 3403 1726 3465 intrando
1758 3403 2073 3482 Imperium
2121 3421 2315 3465 meum
2363 3410 2421 3464 et
2450 3419 2550 3465 ex-

203 3512 417 3587 eundo,
463 3510 673 3572 stando
718 3520 778 3572 et
818 3509 1015 3570 eundo
1060 3507 1135 3568 de
1179 3515 1334 3568 terra
1383 3505 1444 3568 in
1475 3515 1709 3581 terram,
1756 3524 1863 3585 per
1893 3492 2054 3567 mare
2084 3513 2143 3566 et
2171 3522 2281 3585 per
2310 3513 2546 3576 terram,

203 3632 337 3675 cum
383 3612 677 3675 mercibus
720 3618 780 3673 et
817 3611 951 3672 sine
1007 3607 1302 3670 mercibus
1346 3605 1484 3670 illuc
1526 3607 1734 3669 delatis
1779 3607 1866 3669 vel
1911 3606 2029 3669 illic
2071 3606 2320 3686 emptis,
2379 3603 2553 3671 cum*

203 3713 317 3776 alio
362 3712 717 3787 deses-endis,
761 3709 1151 3792 personaliter
1193 3709 1281 3770 vel
1314 3709 1580 3780 realiter.

375 3816 519 3878 ltem
563 3814 726 3876 dedit
768 3822 829 3875 et
869 3812 1164 3873 concessit
1205 3810 1265 3872 in
1310 3810 1487 3874 terris
1516 3808 1904 3888 infrascriptis
1933 3818 1992 3871 et
2023 3807 2315 3888 qualibet⁷
2346 3806 2549 3872 earum

205 3916 281 3978 ad
325 3915 570 3979 liberum
616 3905 992 3996 proprietatis
1028 3910 1170 3991 jus⁸
1213 3919 1273 3972 et
1315 3909 1580 3984 dominii,
1626 3909 1688 3970 in
1732 3913 1912 3982 Anca,
1959 3908 2242 3980 SimirriS,
2287 3908 2347 3971 in
2394 3907 2548 3971 Lan-

208 4016 435 4092 dimuti,
479 4026 539 4079 et
581 4016 687 4079 Dei
733 4014 1132 4077 misericordia
1178 4013 1239 4074 in
1284 4010 1818 4092 Constantinopoli,
1862 4018 1923 4073 et
1963 4011 2024 4072 in
2070 4009 2337 4090 partibus
2372 4011 2548 4073 Saro-

342 4248 363 4277 ³
417 4251 670 4316 uuo-nge:
710 4256 876 4309 sancti.
1083 4247 1104 4278 ⁴
1160 4251 1319 4300 idem:
1371 4257 1414 4300 et
1447 4254 1604 4313 malr.
1810 4245 1830 4275 ⁸
1886 4247 2047 4299 ldem:
2100 4254 2259 4300 eontra
2295 4262 2382 4312 pro
2419 4264 2548 4312 coqu.

205 4335 227 4364 ⁸
263 4337 433 4386 Forte:
474 4343 532 4387 et.
567 4395 578 4399 ,
669 4335 686 4363 ⁷
722 4339 977 4401 Ducange:
1016 4338 1220 4389 οιιόιὶϋει.
1345 4332 1367 4361 “
1403 4334 1567 4385 Idem:
1598 4335 1741 4398 juris.
