2900 4950
1110 275 1228 337 Imp.
1264 273 1412 324 Alexii
1450 273 1697 323 Comneni.
2450 261 2563 324 351

241 419 407 488 κατὰ
459 418 578 509 τὴν
636 420 1288 488 ἷουστινιάνειον
1342 421 1637 508 νεαρὰνζ
1697 421 1757 489 εἰ
1809 419 1899 509 μὴ
1957 420 2143 506 παρὰ
2183 423 2577 508 ταβελλίωνι

237 523 533 589 τελοῖντο
600 525 709 589 καὶ
778 522 1092 610 συνήθεις
1146 522 1576 610 ἐπιφέροιντο
1631 521 1962 609 κόμπλας,
2035 525 2573 609 διατεινομένων·
2664 539 2674 546 “

237 626 368 689 τῶν
413 624 487 690 δὲ
525 622 647 703 τὰς
689 620 1085 712 ὑπογραφάς
1125 628 1258 692 τῶν
1300 625 1758 711 ταβελλιώνων
1803 619 2023 712 άρκεῒν
2068 625 2389 713 λεγόντων
2420 619 2569 711 ἆγο-

238 734 398 810 ραῒα
438 724 524 791 τὰ
553 725 847 814 ἕγγραφα
876 729 1208 808 συνιστᾶν,
1254 721 1374 794 κᾶν
1400 726 1490 813 μὴ
1521 729 2137 812 κεκομπλατευμένα
2164 726 2539 814 τυγχάνοιεν
2556 748 2572 763 ·

238 825 497 915 ἐδέησεν
543 827 945 913 εἰσαγώγιμα
988 829 1071 895 τὰ
1099 832 1218 916 τῆς
1245 824 1642 909 ὑποθέσεως
1668 831 1775 895 καὶ
1808 829 2013 897 πάλιν
2041 834 2357 915 γενέσθαι
2387 828 2575 914 παρὰ

234 930 314 1016 τῇ
359 929 668 1017 βασιλείᾳ
708 953 857 1013 μου,
902 933 1009 997 καὶ
1057 928 1133 1016 δὴ
1179 932 1285 996 καὶ
1333 928 1756 1018 εἰσήχθησαν,
1802 934 1909 998 καὶ
1957 934 2089 997 τῶν
2123 925 2573 1016 ἆνακυψασῶν

219 1024 660 1116 ·ἆμφιβολιῶν
704 1029 1074 1117 ἐπηκροᾶτο
1118 1029 1194 1097 τὸ
1239 1030 1476 1117 κράτος
1520 1028 1721 1118 ἡμῶν,
1768 1035 1885 1098 τοῦ
1927 1032 2214 1119 μεγάλου
2248 1032 2573 1121 ἐπιφανε-

237 1129 517 1198 στάτου“
568 1131 1082 1217 κουροπαλάτου·
1125 1136 1234 1199 καὶ
1290 1131 1577 1218 μεγάλου
1636 1134 2064 1220 δρουγγαρίου
2121 1134 2241 1212 τός
2301 1159 2375 1201 τε
2437 1140 2572 1202 τῶν

239 1231 564 1299 δικαστῶν
606 1227 1132 1321 ἀμφισβητήσεις
1172 1234 1280 1300 καὶ
1324 1234 1443 1313 τὰς
1485 1238 1618 1300 τῶν
1659 1237 1878 1321 μερῶν
1923 1235 2242 1320 ἑκατέρων
2284 1237 2391 1301 καὶ
2437 1238 2572 1301 τῶν

236 1332 765 1420 συνηγορούντων
810 1330 1035 1414 αὐτοῖς
1078 1336 1594 1421 διευκρινοῦντος
1635 1339 1715 1422 τῇ
1758 1337 2066 1423 βασιλείᾳ
2106 1360 2254 1420 μου.
2346 1330 2481 1401 ἀλλ’
2533 1330 2571 1400 ὅ

233 1438 314 1522 τῇ
361 1432 557 1522 ἅννῃ
604 1435 1082 1524 συνηγορεύων,
1127 1439 1244 1523 τῆς
1290 1436 1595 1520 κόμπλας
1637 1437 1714 1502 τό
1757 1460 1830 1522 γε
1873 1439 1985 1504 νῦν
2032 1437 2176 1520 ἕχον
2221 1430 2567 1524 ἀφέμενος,

234 1535 780 1623 ἐνστατικώτερον
835 1538 1008 1624 πρὸς
1047 1537 1167 1618 τὰς
1210 1536 1579 1624 συγκρίσεις
1623 1533 2026 1618 ἀνθίστατο,
2058 1615 2063 1622 Ι
2092 1532 2182 1617 ῶς
2226 1532 2299 1603 ού
2347 1539 2569 1605 δεκταὶ

231 1641 327 1727 τῷ
369 1637 551 1726 νόμῳ
593 1641 760 1727 μηδὲ
806 1639 1071 1723 ἔχουσαι
1112 1637 1190 1706 τὸ
1248 1639 1639 1725 ἔνδύναμον,
1703 1636 1809 1707 ὅτι
1859 1639 2093 1727 πόῤῥω
2146 1642 2265 1706 τοῦ
2310 1663 2571 1725 νενομι-

234 1746 474 1826 σμένου
527 1744 759 1826 καιροῦ
805 1741 877 1808 αῐ
919 1739 1172 1808 τούτων
1213 1744 1606 1827 παραγωγαὶ
1653 1741 2129 1830 δεδραμήκασι·
2173 1741 2252 1807 τὸ
2284 1742 2355 1807 δὲ
2387 1738 2571 1808 ἀντί-

232 1848 435 1910 θετον
476 1849 676 1928 μέρος
717 1844 825 1910 καὶ
869 1842 1036 1909 κατὰ
1077 1842 1305 1928 καιρὸν
1347 1849 1665 1928 γενέσθαι
1706 1843 1822 1928 τὴν
1868 1843 2221 1929 σύγκρισιν,
2294 1843 2406 1909 καὶ
2449 1845 2567 1908 τοῦ

231 1935 699 2029 νενομισμένου
739 1943 977 2027 χρόνου
1021 1943 1204 2023 ἐντὸς
1246 1943 1423 2011 πάνυ
1470 1945 1964 2029 διϊσχυρίζοντο.
2051 1948 2159 2011 καὶ
2204 1944 2422 2031 δῆλον,
2478 1939 2570 2022 ῶς

231 2045 682 2132 ἐπεγέγραπτο
736 2047 830 2131 τῷ
883 2043 1121 2130 χάρτῃ,
1182 2045 1249 2111 ἐν
1293 2035 1348 2131 ᾧ
1393 2045 1464 2112 αἱ
1506 2048 1639 2111 τῶν
1683 2041 2091 2132 ὑπογραφῶν
2135 2047 2267 2110 τῶν
2310 2040 2567 2131 ὑποσηᾳ

229 2153 619 2235 μηναμένων
661 2149 756 2232 τῷ
800 2139 955 2231 παρ’
1005 2141 1221 2212 αὐτῶν
1255 2147 1794 2233 προκομιζομένῳ
1826 2151 2171 2233 πρατηρίῳ
2201 2152 2569 2232 συγκρίσεις

230 2254 625 2330 συνείχοντο,
672 2245 859 2331 παρά
900 2272 974 2314 τε
1012 2250 1130 2312 τοῦ
1175 2248 1504 2333 προέδρου
1549 2251 1654 2316 καὶ
1699 2252 1923 2335 κριτοῦ
1968 2250 2085 2314 τοῦ
2122 2241 2567 2332 αύτωρεια-

229 2351 372 2415 νοῦ
414 2350 520 2415 καὶ
565 2351 684 2414 τοῦ
711 2354 1076 2434 μαγίστρου
1106 2349 1537 2434 θεοδώρου
1566 2354 1673 2437 καὶ
1704 2354 1929 2436 κριτοῦ
1958 2353 2074 2417 τοῦ
2107 2346 2566 2435 σμυρναίου

233 2445 270 2517 ὖ
325 2450 581 2536 καιρὸς,
638 2445 791 2518 καθ’
853 2448 928 2516 ὂν
986 2439 1179 2530 οὗτος
1236 2459 1698 2541 προεκομίσθη
1756 2447 2001 2532 αὐτοῖς.
2093 2446 2261 2520 ἀλλὰ
2317 2454 2425 2519 καὶ
2469 2453 2565 2538 τῷ

225 2559 616 2639 κοιαίστωρι
669 2552 1161 2639 ἐμπροθέσμως
1215 2549 1441 2621 οὑτοσὶ
1490 2554 2026 2640 προκεκόμισται.
2118 2549 2322 2632 εὐθὺς
2365 2542 2481 2619 οὖν
2526 2545 2564 2618 ὃ

223 2650 580 2738 κοιαίστωρ
636 2654 803 2722 κατὰ
855 2654 971 2741 τὴν
1013 2652 1392 2722 τελευταίαν
1433 2652 1678 2743 ἡμέραν
1720 2660 1838 2735 τῗς
1881 2655 2194 2743 τριμήνου
2241 2678 2566 2740 προκομι-

226 2759 478 2844 σθῆναι
518 2749 696 2841 abug}
739 2755 855 2841 τὴν
901 2757 1244 2842 λεγομένην
1288 2763 1604 2842 γενέσθαι
1648 2758 1983 2842 σύγκρισιν
2029 2757 2205 2843 ἔλεγε
2248 2757 2420 2842 πρὸς
2448 2755 2565 2843 τὴν

222 2857 571 2943 βασιλείαν
624 2880 784 2939 μου,
843 2855 1366 2944 ἐσφραγισμένην
1424 2849 1628 2924 οὖσαν
1673 2858 1938 2924 ἄνωθεν
1981 2857 2169 2943 παρὰ
2210 2861 2327 2924 τοῦ
2377 2858 2564 2938 δεξα-

221 2962 422 3042 μένου
464 2953 583 3042 τὴν
627 2954 960 3042 σύγκρισιν
1004 2956 1432 3045 ποιήσασθαι
1474 2960 1931 3043 ταβελλίωνος,
1977 2961 2086 3024 καὶ
2125 2957 2244 3037 τὰς
2289 2958 2565 3043 ἐπιγρα-

225 3057 360 3146 φὰς
403 3062 734 3144 φέρουσαν
776 3060 909 3122 τῶν
956 3058 1389 3143 δηλωθέντων
1435 3061 1780 3145 δικαστῶν.
1872 3059 1943 3138 ἐξ
1985 3049 2062 3124 οὗ
2108 3059 2562 3144 διεγινώσκετο

220 3162 453 3240 τοῦτο,
514 3153 605 3237 ὥς
660 3153 812 3225 οὐδὲ
870 3152 1057 3223 αὐτοὶ
1115 3153 1196 3224 ἂν
1255 3158 1486 3226 εἰδεῖεν
1534 3160 1599 3226 οἱ
1643 3161 1978 3240 δικασταϊ,
2038 3166 2189 3226 τίνα
2230 3159 2315 3225 τὰ
2359 3159 2565 3242 ἐμπε-

221 3263 651 3350 ριειλημμένα
702 3263 796 3347 τῷ
849 3258 1085 3347 χάρτῃ,
1149 3256 1319 3327 ἀλλὰ
1358 3256 1517 3347 μηδ’
1568 3257 1766 3330 αὐτὸν
1823 3263 2192 3348 δυνηθῆναι
2249 3258 2564 3345 διαμηνύ-

223 3370 485 3431 σασθαι
538 3360 712 3447 πρὸς
764 3359 843 3427 τὸ
898 3365 1031 3428 τῶν
1088 3356 1525 3429 ἆδικούντων7
1577 3369 1807 3449 μέρος,
1868 3360 1983 3431 ἅτε
2025 3365 2143 3449 τῆς
2185 3360 2564 3440 τελευταίας

220 3461 466 3553 ἡμέρας
522 3464 617 3543 εἰς
671 3463 898 3532 στενὸν
940 3462 1026 3530 τὰ
1066 3467 1220 3551 περὶ
1264 3468 1382 3551 τῆς
1427 3465 1842 3552 διαγνώσεως
1884 3464 2134 3532 τούτων
2180 3461 2564 3547 συγκλεισά-

223 3591 357 3653 σης.
449 3566 755 3633 ἐντεῦθεν
811 3559 927 3632 οὐκ
983 3561 1166 3651 ὀλίγη
1222 3566 1433 3651 λόγων
1481 3565 1726 3653 ἅμιλλα
1771 3566 2268 3654 ἐπεισέφρησεν.
2361 3560 2396 3629 ὃ
2439 3566 2561 3649 μὲν

220 3668 342 3753 γὰρ
371 3673 451 3756 τῇ
483 3664 677 3755 ἄννῃ
711 3671 1085 3755 συνηγορῶν
1116 3663 1151 3733 ὅ
1180 3668 1648 3756 μυστογράφος
1674 3665 2196 3754 ἆρτάβασδος
2228 3662 2263 3733 ὅ
2294 3692 2562 3734 πανα-

218 3766 450 3859 γίτης
490 3769 569 3836 τὸ
614 3764 960 3854 ἆνίσχυρον
988 3774 1106 3835 τοῦ
1135 3769 1226 3857 μὴ
1260 3772 1588 3855 συνέδρων
1620 3766 2061 3855 εὐποροῦντος
2098 3768 2561 3855 σημειώματος

101 3866 107 3872 ’
223 3871 678 3960 ἐπεισέφερεν,
727 3870 785 3938 εἰ
825 3873 933 3938 καὶ
981 3870 1373 3959 ἐμφέροιντο
1418 3869 1631 3956 τούτῳ
1674 3869 1759 3935 τὰ
1801 3865 1957 3955 παρ’
2006 3866 2401 3956 ἀμφοτέρων
2446 3861 2561 3933 άν-

220 3971 606 4059 τιλεγὸμενα
647 3975 781 4039 τῶν
823 3975 1069 4058 μερῶν,
1115 3967 1236 4038 κάκ
1277 3969 1515 4038 τούτου
1557 3970 1674 4057 τὴν
1720 3969 2094 4056 ἐπιγραφὴν
2134 3972 2267 4034 τῶν
2308 3969 2477 4055 μηδὲ
2522 3965 2560 4034 ὅ

220 4099 291 4140 τι
351 4079 718 4162 γέγραπται
782 4073 851 4142 έν
910 4076 1004 4160 τῷ
1064 4072 1269 4160 χάρτῃ
1329 4070 1601 4140 εἰδότων
1656 4065 1790 4139 ἀντ’
1852 4066 2118 4150 οὐδενὸς
2174 4070 2560 4156 λογίζεσθαι

431 4236 512 4241 m-
569 4234 712 4242 0-—0—.-

357 4307 377 4337 ⁸
413 4312 542 4362 idem
579 4313 742 4364 laudat
774 4315 886 4365 Nov.
920 4313 1174 4364 lastiniani
1211 4312 1278 4363 44
1314 4320 1361 4361 et
1395 4311 1477 4362 49.
1673 4310 1695 4340 ⁸
1730 4311 1924 4361 Leuncl.
1963 4315 2009 4360 in
2044 4326 2187 4374 marg.
2222 4308 2550 4379 μεγαλεπιφ.

223 4397 384 4446 Recte.
523 4393 542 4421 ⁷
573 4395 694 4447 lbid.
731 4390 1171 4447 ἀντιδικούντων.
1246 4397 1402 4448 Malim
1437 4403 1595 4447 tamen
1633 4387 1941 4445 ἀντιδίκων.
2018 4397 2088 4447 Cf.
2124 4405 2222 4447 not.
2264 4398 2340 4447 11.
