2900 4950
367 202 492 265 256
1207 212 1325 264 Coll.
1363 213 1443 264 111.
1516 211 1629 262 Nov.
1664 212 1739 264 vl.
1775 212 1869 262 vn.

369 364 688 454 δημόσιον
747 359 1018 451 ὄφλημα
1081 354 1124 448 ἢ
1177 360 1256 427 τὸ
1313 360 1629 428 ἔπιτεθὲν
1685 358 1892 447 βάρος
1946 352 1989 445 ἢ
2041 357 2156 446 τὴν
2216 354 2718 444 ὗποσχεθεῒσαν

367 476 615 551 προῖκα
671 464 739 532 ἒν
797 473 1119 551 κινητοῖς,
1182 465 1292 529 καὶ
1352 453 1465 528 διὰ
1518 460 1759 549 ταύτην
1803 459 1921 547 τὴν
1966 460 2184 527 αἰτίαν
2231 460 2568 530 δύνασθαι
2612 463 2722 532 ἐκ·

367 574 640 655 ποίησιν
695 571 1011 651 γενέσθαι
1068 564 1136 632 ἐκ
1189 567 1322 631 τῶν
1380 558 1703 650 ἀκινήτων
1716 614 1735 643 ,
1793 561 1998 648 μόνον
2051 567 2279 646 μέντοι
2337 563 2510 650 πρὸς
2558 564 2720 644 τοὺς

369 673 787 755 συγχωρίτας,
833 661 878 753 ἢ
922 667 992 747 ἐξ
1035 663 1313 752 ἀνάγκης
1356 663 1529 750 πρὸς
1569 665 1655 731 τὰ
1696 660 1832 731 ὑπὸ
1873 663 1989 751 τὴν
2020 658 2220 749 αὐτὴν
2248 673 2719 752 μητροκωμίαν

364 776 574 858 χωρία
631 767 780 855 ἤτοι
839 766 975 835 ὕπὸ
1034 767 1149 855 τὴν
1207 761 1407 853 αὐτὴν
1462 765 1908 854 κωμητούραν.
2000 765 2113 831 διὰ
2167 764 2285 832 τὸν
2341 762 2540 834 αὐτὸν
2596 757 2716 834 οὖν

367 871 639 959 τρόπον,
686 874 794 937 καὶ
842 872 1121 937 δυνατοῦ
1152 868 1527 956 προσώπου
1558 868 2059 955 πιπράσκοντος
2086 861 2129 954 ἢ
2159 865 2377 947 ἄλλως
2405 868 2719 937 ἐκποιου-

368 979 570 1059 μένου
617 971 1009 1059 συνεωράθη
1054 974 1530 1057 προτιμᾶσθαι
1558 969 1713 1049 τοὺς
1750 975 2054 1054 χωρίτας,
2103 968 2170 1035 ἐν
2209 965 2310 1049 οἷς
2355 972 2523 1038 εἰσιν
2553 966 2719 1038 ἅνα-

368 1080 862 1159 κεκοινωμένοι,
909 1067 950 1160 ἢ
992 1072 1193 1158 χωρὶς
1234 1076 1351 1159 τῆς
1396 1071 1645 1138 ἐκείνου
1691 1074 1892 1158 νομῆς
1934 1064 1977 1156 ἢ
2018 1074 2152 1138 τῶν
2198 1067 2455 1140 ὑδάτων
2495 1067 2540 1160 ἢ
2580 1076 2716 1139 τῶν

372 1173 577 1262 ὀρέων
623 1172 699 1242 οὗ
745 1174 1058 1242 δύνανται
1102 1175 1531 1241 διοικεῖσθαι.
1622 1168 1790 1256 ὖπὲρ
1838 1173 1910 1239 δὲ
1953 1175 2071 1238 τοῦ
2118 1167 2487 1258 άγοραστοῦ
2539 1183 2715 1243 νοεῖ-

369 1303 514 1358 ται,
562 1273 642 1343 ἵν’
693 1276 805 1344 ἐὰν
851 1279 1018 1363 θέλῃ
1064 1279 1260 1342 τοῦτο
1304 1274 1508 1360 μόνον
1553 1284 2035 1361 παρακρατεῒν,
2079 1277 2211 1340 τῶν
2259 1275 2329 1342 δὲ
2375 1270 2713 1343 άνακεκοι-

367 1386 675 1464 νωμένων
731 1378 1065 1465 ἐκστῆναι,
1126 1377 1232 1464 ἔχῃ
1294 1375 1615 1455 ἐξουσίαν.
1707 1376 1764 1443 εί
1822 1377 1895 1443 δὲ
1947 1375 2016 1444 ἐκ
2069 1379 2187 1443 τοῦ
2235 1376 2708 1461 ἐκποιουμένου

369 1481 695 1569 κτήματος
752 1480 896 1546 ἐστί
947 1506 1016 1545 τι
1069 1480 1177 1545 καὶ
1237 1476 1731 1559 ι’διοσύστατον,
1800 1471 1843 1565 ἢ
1898 1477 1977 1543 τὸ
2034 1473 2187 1546 ὅλον
2244 1473 2717 1564 ἀναγκάζονται

372 1580 698 1670 ἀγοράσαι
739 1576 782 1668 ἢ
824 1583 942 1647 τοῦ
990 1576 1147 1646 ὅλου
1196 1578 1612 1658 ἐξίστασθαι.
1675 1578 1997 1663 ἐχέτωσαν
2035 1580 2106 1647 δὲ
2148 1582 2259 1647 καὶ
2288 1587 2716 1666 προθεσμίαν

369 1686 593 1771 μηνῶν
640 1682 693 1749 δ’
745 1682 838 1760 εἷς
883 1681 1270 1761 ἕπισύναξιν
1300 1684 1417 1747 τοῦ
1448 1680 1835 1768 τιμήματος,
1883 1676 2136 1748 ὁπόσον
2168 1683 2387 1766 ἕτερος
2417 1682 2715 1762 δίδωσιν,

370 1781 414 1872 ἢ
454 1786 706 1870 μᾶλλον
753 1780 1009 1851 ὁπόσου
1043 1784 1451 1868 διατιμᾶται,
1500 1783 1691 1869 εἴπερ
1722 1786 1918 1849 τοῦτο
1954 1783 2019 1849 οἱ
2051 1782 2482 1868 ἐξωνούμενοι
2510 1790 2716 1871 πένη-

369 1913 476 1966 τες
521 1886 974 1965 ἐπιλέξωνται.

548 1987 815 2054 Τούτων
862 1983 1073 2066 οὕτως
1114 1985 1301 2072 παρὰ
1343 1987 1462 2072 τῆς
1503 1986 1847 2071 βασιλείας
1902 1981 2087 2072 ἡμῶν
2131 1986 2713 2071 δογματισθέντων

368 2094 478 2158 καὶ
525 2094 1137 2176 νομοθετηθέντων,
1183 2086 1527 2171 κελεύομέν
1573 2110 1684 2152 σοι
1724 2082 2193 2172 ὑπαναγνῶναι
2236 2090 2411 2155 πᾶσι
2456 2100 2600 2168 τοῖς
2642 2090 2712 2157 ἐν

369 2196 464 2278 τῷ
507 2198 760 2275 θέματι
803 2190 921 2277 τὴν
964 2189 1274 2277 τοιαύτην
1317 2184 1501 2275 ἡμῶν
1535 2186 1903 2275 ἐπιφώνησιν
1946 2187 2059 2255 καὶ
2098 2195 2525 2274 νομοθεσίαν,
2571 2186 2712 2258 άπό

369 2319 443 2361 τε
499 2294 792 2360 δυνατῶν
849 2290 1237 2377 προσώπων
1293 2293 1405 2357 καὶ
1463 2289 1587 2367 ἕως
1642 2288 1918 2372 ἐσχάτου
1971 2292 2082 2357 καὶ
2127 2292 2536 2364 τελευταίου·
2601 2297 2714 2361 καὶ

370 2394 538 2463 κατὰ
580 2393 697 2483 τὴν
740 2393 981 2481 ταύτης
1023 2390 1338 2480 περιοχὴν
1381 2392 1489 2457 καὶ
1537 2388 1811 2475 δύναμιν
1854 2395 1962 2458 καὶ
2012 2391 2331 2475 ἐξετάζειν
2373 2392 2485 2462 καὶ
2540 2395 2713 2463 διοι-

371 2509 507 2568 κεῒν
552 2499 709 2582 περὶ
753 2499 886 2563 τῶν
930 2496 1212 2578 πτωχῶν
1257 2491 1368 2561 καὶ
1412 2495 1547 2559 τῶν
1593 2493 1887 2562 δυνατῶν
1904 2497 1961 2560 ¹⁸.

1227 2710 1569 2719 -μ--ῇ-μη--
1638 2712 1751 2718 .—--.-.
1786 2711 1844 2718 --

1365 2903 1538 2964 Nov.
1587 2902 1703 2963 VH.

852 3025 1000 3105 Imp.
1047 3021 1544 3085 Constantini
1588 3020 2223 3102 porphyrogeniti

441 3132 515 3193 de
560 3126 858 3210 sportulis,
905 3136 964 3189 et
1006 3127 1080 3188 de
1124 3124 1495 3186 testamentis
1537 3123 1892 3203 aperiendis,
1939 3135 1999 3185 et
2041 3132 2103 3187 ut
2144 3126 2636 3190 consuetudinum

554 3230 764 3293 modus
807 3230 868 3289 in
914 3227 1073 3289 omui
1112 3226 1336 3306 judicio
1380 3225 1658 3287 definitus
1702 3225 1830 3293 sit¹.
1921 3225 2106 3302 (Inter
2146 3230 2528 3305 945-959.)

372 3397 623 3493 Νεαρά
656 3391 1073 3489 νομοθεσία
1107 3399 1267 3465 τοῦ
1301 3421 1346 3465 α
1367 3391 1630 3480 ὐτοῦ,
1676 3391 1769 3488 ἢν
1804 3390 2257 3494 ὑπηγόρευσε
2299 3397 2654 3493 θεόφιλος
2676 3404 2707 3446 ²

371 3516 752 3612 πατρίκιος
803 3512 928 3587 καὶ
979 3510 1400 3603 κοιαίστωρ.
1507 3509 1669 3606 περὶ
1722 3512 2256 3611 ἐκταγιατικιῦν
2269 3569 2319 3605 ,,
2365 3513 2492 3588 καὶ
2540 3516 2707 3607 περὶ

953 3676 1084 3685 -———-

375 3683 538 3692 ἢ--

504 3752 543 3783 ¹⁸
581 3756 630 3804 ln
667 3752 792 3816 Epit.
827 3751 1022 3815 saepius
1057 3749 1248 3800 laudata
1276 3749 1496 3800 additur:
1538 3743 1856 3817 ὁρισθείσης
1890 3750 1968 3811 (al.
2004 3743 2239 3817 αἱρίσθη)
2275 3744 2352 3805 εἷς·
2382 3751 2534 3818 μῆνα
2564 3747 2705 3819 μάρ-

369 3856 491 3892 τιον
527 3833 630 3890 lvd.
670 3833 729 3889 ε’.

506 3923 519 3951 ¹
561 3927 687 3975 Haec
724 3921 915 3974 Novella
949 3927 1077 3971 extat
1111 3921 1158 3970 in
1197 3921 1464 3984 appendice
1501 3920 1776 3985 synopseos
1812 3919 1860 3969 in
1897 3920 1956 3969 el.
1986 3921 2026 3970 11
2063 3927 2110 3969 et
2146 3921 2226 3970 111.
2298 3920 2509 3971 Eandem
2529 3921 2575 3971 iu
2603 3923 2705 3985 epi·

370 4019 531 4062 tomen
569 4017 861 4061 contractam
899 4015 946 4056 et
979 4007 1028 4055 in
1063 4004 1321 4070 particulas
1358 4007 1554 4056 divisam
1590 4011 1802 4068 praestat
1835 4019 1944 4070 app.
1983 4007 2094 4070 Syn.
2131 4005 2191 4056 cl.
2229 4005 2246 4055 1
2301 4011 2350 4055 et
2397 4021 2452 4056 ex
2501 4021 2557 4055 ea
2593 4006 2707 4056 Pro-

371 4096 556 4145 ehirum
604 4100 796 4143 auctum
843 4093 892 4140 in
938 4091 1203 4154 paratinis3
1259 4090 1470 4153 singulus
1517 4089 1751 4152 epitomas
1800 4104 1888 4140 suo
1938 4104 2180 4154 quamque
2226 4088 2335 4139 loco
2372 4089 2704 4141 indicabimus.

372 4180 605 4239 {ntegrum
643 4176 792 4226 edidit
827 4175 1076 4225 Labbaeus
1111 4189 1159 4238 p.
1195 4174 1259 4223 52
1296 4175 1359 4234 (is
1394 4175 1535 4224 simul
1572 4174 1787 4224 rubricas
1823 4175 2009 4225 illarum
2042 4175 2358 4238 epitoniorum
2385 4175 2586 4237 siugulis
2611 4176 2705 4226 No-

368 4261 516 4312 vellae
552 4261 788 4324 capitibus
823 4259 1098 4322 apposuit);
1136 4258 1369 4321 epitomas
1406 4274 1462 4309 ex
1500 4259 1611 4322 Syn.
1649 4258 1708 4307 cl.
1747 4259 1763 4307 1
1801 4258 2110 4309 Leuuclavius
2148 4267 2258 4323 post
2294 4260 2405 4323 Syn.
2438 4275 2484 4323 p.
2504 4260 2569 4311 23
2596 4275 2703 4324 sqq.

371 4354 418 4395 et
455 4346 502 4394 in
537 4346 661 4396 JGR.
697 4345 736 4394 11
774 4358 821 4407 p.
847 4344 1065 4405 ¹51sqq.
1200 4339 1221 4367 ³
1256 4343 1307 4391 ln
1347 4342 1464 4392 Cod.
1503 4341 1650 4393 Paris,
1694 4342 1822 4393 1338
1858 4341 2030 4404 legitur
2063 4337 2360 4408 θεόδωρος.
