2900 4950
1084 239 1199 303 imp.
1236 239 1403 289 macti
1442 240 1622 303 Angeti.
1928 206 1934 211 ⁴
2376 206 2521 290 “543

193 388 636 465 „memorandis
678 388 1161 475 imperatoribus,
1223 390 1465 452 domino
1507 389 1704 451 Alexio
1762 390 2065 452 Comueno
2121 402 2175 452 vt
2236 393 2352 453 mio
2399 393 2528 472 ejus

195 490 738 571 „porphyrogenito
781 491 1021 551 domino
1073 491 1361 565 Jobanni,
1417 510 1489 552 ac
1544 501 1753 570 patruo
1810 492 2045 572 imperii
2104 492 2234 572 ejus
2288 493 2527 554 domino

191 591 506 666 „Manueli,
551 601 718 670 pacta
765 602 921 653 sunt.
1011 591 1087 654 Et
1128 593 1239 653 hec
1281 593 1477 653 omnia
1530 592 1751 672 jurabit
1808 594 1934 673 ipsa
1992 602 2254 672 potestas
2304 605 2360 655 et
2408 614 2530 655 me-

191 693 409 767 „liores
453 711 521 753 ac
562 691 756 771 ipsum
802 712 1114 754 commune
1158 694 1401 755 civitatis
1431 694 1662 767 pisane,
1709 705 1768 756 et
1810 694 2150 775 hujusmodi
2195 712 2529 755 sacramen-

189 804 356 866 „tum
414 793 716 853 annuatim
773 794 1167 868 renovabunt,
1229 797 1553 857 secundum
1612 795 1767 876 quod
1826 796 2160 874 specialiter
2203 797 2276 855 de
2321 796 2526 874 hujus·

190 895 393 968 „modi
436 894 691 973 capitulo
735 906 968 974 paetum
1014 907 1104 957 est
1147 916 1178 956 a
1226 897 1452 958 civitate
1497 908 1558 959 et
1597 907 1753 958 terra
1799 908 1997 958 nostra
2035 898 2106 957 ad
2140 916 2376 976 semper
2406 916 2528 957 me-

188 996 578 1069 „morandum
625 995 1058 1075 imperatorem,
1104 999 1406 1059 dominum
1453 997 1847 1058 Manuelem.“

359 1097 802 1157 Sacramentum
849 1117 1047 1159 verum
1093 1118 1296 1160 eorum
1341 1118 1525 1178 super
1566 1099 1677 1159 hec
1720 1099 1935 1159 lactum
1979 1097 2155 1158 habet
2197 1097 2312 1158 sic:

358 1196 539 1271 „Nos
584 1197 754 1275 legati
800 1199 1044 1260 civitatis
1076 1208 1134 1260 et
1166 1199 1581 1272 terre-pisane,
1630 1199 1936 1259 Rainerius
1969 1198 2210 1259 Gaetani
2244 1209 2302 1258 et
2339 1197 2524 1277 judex

189 1298 525 1377 „Sigerius,
583 1300 745 1360 missi
791 1301 864 1360 ad
909 1299 1253 1361 altissimum
1299 1300 1712 1381 imperatorem
1758 1300 2112 1360 Romeorum
2170 1309 2228 1359 et
2284 1318 2520 1379 semper

192 1409 546 1479 „augustum
591 1401 893 1461 domiuum
943 1399 1231 1462 lsaakium
1277 1401 1593 1479 Angelum,
1641 1421 1671 1462 a
1718 1400 1986 1473 Tedicio,
2030 1409 2319 1479 potestate
2366 1400 2527 1461 Pisa-

189 1520 465 1574 „norum,
512 1502 739 1562 comitis
785 1502 1011 1580 Ugolini
1060 1500 1207 1574 tilia,
1254 1521 1323 1563 ex
1369 1502 1666 1563 communi
1711 1501 1958 1563 consilio
2003 1501 2249 1562 civitatis
2294 1501 2523 1576 Pisane,

190 1612 368 1681 „post
409 1601 654 1663 multum
701 1611 1008 1664 tractatum
1056 1603 1412 1664 desistentes
1453 1602 1528 1663 ab
1584 1603 1656 1663 iis
1700 1621 1817 1682 que
1861 1622 1932 1662 ex
1972 1603 2348 1683 impositione
2393 1622 2526 1682 pre-

188 1703 385 1776 „dicte
427 1704 738 1783 potestatis
779 1711 838 1764 et
880 1704 1214 1766 communis
1256 1704 1485 1767 consilii
1529 1703 1773 1766 civitatis
1818 1722 1925 1783 pro
1964 1704 2263 1765 communi
2308 1714 2365 1765 et
2395 1703 2527 1783 qui-

187 1804 476 1877 „busdam
522 1804 762 1885 privatis
805 1806 1076 1884 personis
1119 1806 1484 1885 petebamu3‚
1530 1825 1645 1885 que
1690 1813 1749 1866 et
1788 1804 1848 1865 iu
1880 1805 2100 1884 scripto
2145 1805 2204 1865 in
2237 1823 2354 1883 quo
2385 1804 2523 1865 sub-

186 1906 574 1984 „scripsimus
619 1905 1013 1978 continentur,
1061 1916 1120 1967 et
1161 1906 1648 1968 restaurationem
1694 1924 1805 1984 pro
1846 1905 1917 1964 iis
1959 1906 2167 1965 factam
2201 1904 2372 1965 nobis
2401 1904 2524 1983 pla-

190 2014 461 2080 „centem
519 2006 872 2085 recipientes
927 2006 1250 2066 secundum
1305 2006 1464 2085 quod
1526 2026 1633 2067 nos
1693 2005 2020 2085 injunctum
2080 2005 2440 2067 habebamus
2489 2026 2519 2066 a

186 2114 518 2186 „potestate
562 2115 621 2167 et
666 2107 960 2167 communi
1007 2106 1254 2168 consilio
1297 2107 1544 2169 civitatis
1588 2107 1664 2168 de
1708 2106 1919 2185 placito
1963 2116 2200 2167 nostro:
2250 2105 2521 2185 juramus

187 2226 412 2286 „super
453 2217 653 2268 sancta
699 2207 801 2267 Dei
848 2207 1178 2287 evangelia,
1231 2227 1416 2288 super
1456 2208 1858 2269 honorabilem
1905 2217 1965 2270 et
2006 2208 2345 2268 vivificatam
2389 2227 2521 2269 cru-

186 2327 377 2382 „cem,
422 2309 580 2388 quod
628 2308 887 2387 predicta
932 2318 1193 2389 potestas
1238 2309 1536 2370 communi
1580 2309 1826 2370 consilio
1856 2310 2103 2371 civitatis
2131 2309 2204 2369 de
2235 2307 2328 2369 bis
2369 2309 2521 2370 sacto

183 2410 390 2486 „dedit
433 2408 604 2470 nobis
646 2410 986 2471 mandatum
1025 2409 1263 2490 jurandi
1308 2428 1492 2492 super
1534 2411 1788 2474 animam
1834 2430 2020 2485 suam,
2068 2409 2519 2471 conventionem

183 2530 258 2585 „a
316 2512 527 2574 Pisana
583 2511 808 2573 civitate
868 2522 929 2575 et
981 2522 1136 2574 terra
1195 2513 1405 2575 Pisana
1464 2531 1701 2593 semper
1755 2513 2137 2574 memorando
2181 2512 2519 2592 imperatori

183 2614 465 2686 „domino
510 2613 760 2676 Manueli
809 2615 1015 2675 saetam
1076 2614 1412 2694 imperatori
1458 2615 1811 2675 Romeorum
1869 2625 1929 2677 et
1981 2633 2220 2693 semper
2274 2624 2522 2693 augusto

182 2715 465 2787 „domino
512 2715 736 2776 lsaakio
781 2716 1019 2794 Angelo,
1065 2716 1390 2776 secundum
1438 2717 1593 2795 quod
1641 2725 1699 2776 et
1742 2714 1821 2776 illi
1870 2716 1977 2776 tuit
2011 2717 2226 2795 jurata,
2272 2726 2331 2778 et
2361 2717 2517 2796 quod

161 2834 293 2890 „ea
341 2834 456 2894 que
500 2833 608 2893 pro
653 2816 949 2876 communi
995 2824 1055 2876 et
1097 2816 1444 2893 quibusdam
1492 2816 1621 2877 aliis
1665 2816 1941 2895 personis
1982 2817 2357 2895 petebamus,
2404 2837 2521 2898 que

185 2924 290 2988 „et
343 2915 403 2976 in
462 2915 681 2994 scripto
737 2916 800 2976 in
856 2935 973 2995 quo
1031 2915 1488 2995 subscripsimus
1545 2917 1953 2989 continentur,
2020 2937 2088 2976 ex
2146 2917 2521 2996 impositione

185 3015 494 3094 „ejusdem
540 3016 846 3096 potestatis
889 3026 946 3077 et
989 3016 1215 3078 consilii
1273 3017 1540 3096 ejusdem
1600 3017 1845 3078 civitatis
1902 3017 2230 3078 dimisimus
2275 3036 2384 3095 pro
2427 3036 2521 3077 re·

183 3116 587 3191 „stauratione
610 3118 907 3178 communi
935 3117 1104 3179 sacta.
1194 3118 1336 3178 ltem
1364 3117 1654 3197 juramus,
1688 3136 1868 3197 super
1889 3117 2144 3179 animam
2173 3116 2325 3177 dicte
2358 3127 2521 3196 pote-

183 3217 413 3291 ‚,statiS,
461 3218 617 3297 quod
658 3226 715 3278 et
749 3218 938 3297 ipsam
965 3218 1410 3290 conventionem
1435 3218 1757 3298 predictam
1792 3219 2132 3298 adimplebit
2162 3229 2220 3279 et
2249 3218 2520 3279 obsewa-

185 3318 314 3394 „bit
343 3319 534 3399 ipsum
567 3338 879 3380 commune
923 3319 1167 3381 civitatis
1210 3319 1448 3381 domino
1495 3319 1721 3380 lsaakio
1760 3320 2110 3381 Romeorum
2158 3319 2517 3399 imperatori,

181 3420 542 3495 „heredibus
586 3430 644 3482 et
686 3422 1127 3483 successoribus
1183 3421 1343 3502 ejus,
1403 3421 1633 3501 ipsique
1693 3421 1975 3483 Romanie
2032 3421 2091 3482 in
2149 3429 2516 3501 perpetuum,

181 3522 353 3596 „sine
399 3522 602 3583 fraude
645 3532 705 3584 et
749 3523 900 3584 malo
945 3523 1199 3602 ingenio·
1289 3523 1365 3585 Et
1407 3523 1559 3585 sicut
1601 3524 1713 3584 hec
1748 3523 2019 3602 juramus
2064 3523 2137 3588 de
2183 3519 2333 3585 bona
2380 3524 2515 3596 fide,

181 3622 354 3697 „sine
397 3624 601 3685 fraude
646 3635 705 3686 et
748 3626 900 3687 malo
943 3625 1212 3706 ingenio,
1277 3625 1364 3687 sic
1420 3625 1578 3686 Deus
1636 3644 1746 3687 nos
1799 3623 2035 3705 adjuvet
2077 3636 2137 3686 et
2179 3626 2366 3706 ipsam
2411 3645 2519 3705 po-

181 3734 496 3798 „testatem
542 3735 602 3788 et
643 3727 836 3805 ipsum
883 3746 1192 3789 commune
1236 3727 1483 3790 civitatis
1539 3726 1749 3787 Pisane
1793 3736 1853 3787 et
1907 3726 1966 3786 in
2012 3727 2275 3804 presenti
2319 3725 2520 3787 seculo

178 3844 256 3899 „e
522 3834 582 3888 .“

258 3834 283 3887 ²
325 3828 653 3990 ῐζίιξὲἵῐεεῑε
699 3943 838 3987 vero
883 3925 1227 4005 chrysobola
1273 3927 1443 3989 verba
1489 3926 1738 3999 babent,
1792 3926 2115 3987 secundum
2162 3926 2319 4006 quod
2366 3927 2518 3988 noti·

179 4028 465 4090 ficabitur.

355 4101 729 4208 Imperatoris
774 4128 1009 4209 quidem
1056 4127 1323 4189 videlicet
1365 4127 1585 4188 domini
1632 4128 1831 4200 Alexii,
1879 4128 1994 4189 sic:

350 4230 703 4305 „Quoniam
743 4230 1049 4294 multoties
1094 4233 1348 4292 nuncios
1391 4231 1471 4292 ad
1516 4229 1846 4311 Imperium
1895 4242 2177 4293 nostrum
2216 4236 2516 4297 miserunt

180 4329 598 4406 „habitatores
642 4345 808 4396 terre
849 4346 1062 4398 nostre
1103 4344 1280 4414 atque
1324 4331 1543 4395 Pisone
1598 4336 1859 4395 civitatis
1917 4351 2051 4395 cam
2095 4331 2315 4396 litteris
2359 4339 2511 4414 wis,
