<?xml version="1.0" encoding="UTF-8"?>
<!DOCTYPE html PUBLIC "-//W3C//DTD XHTML 1.0 Transitional//EN"
    "http://www.w3.org/TR/xhtml1/DTD/xhtml1-transitional.dtd">
<html xmlns="http://www.w3.org/1999/xhtml" xml:lang="en" lang="en">
 <head>
  <title>
</title>
<meta http-equiv="Content-Type" content="text/html;charset=utf-8" />
  <meta name='ocr-system' content='tesseract 3.04.00' />
  <meta name='ocr-capabilities' content='ocr_page ocr_carea ocr_par ocr_line ocrx_word'/>
</head>
<body>
  <div class='ocr_page' id='page_1' title='image "./jusgraecoromanu00linggoog_0406.png"; bbox 0 0 2900 4950; ppageno 0'>
   <div class='ocr_carea' id='block_1_1' title="bbox 341 161 1871 246">
    <p class='ocr_par' dir='ltr' id='par_1_1' title="bbox 341 161 1871 246">
     <span class='ocr_line' id='line_1_1' title="bbox 341 161 1871 246; baseline 0.001 -3"><span class='ocrx_word' id='word_1_1' title='bbox 341 181 464 244; x_wconf 71' lang='lat'><strong><em>354</em></strong></span> <span class='ocrx_word' id='word_1_2' title='bbox 859 161 876 168; x_wconf 71' lang='grc'><strong>’</strong></span> <span class='ocrx_word' id='word_1_3' title='bbox 1140 196 1257 246; x_wconf 83' lang='lat' dir='ltr'>eon.</span> <span class='ocrx_word' id='word_1_4' title='bbox 1294 197 1366 246; x_wconf 82' lang='grc' dir='ltr'><strong><em>ιν.</em></strong></span> <span class='ocrx_word' id='word_1_5' title='bbox 1434 196 1551 246; x_wconf 65' lang='lat' dir='ltr'><strong><em>nov.</em></strong></span> <span class='ocrx_word' id='word_1_6' title='bbox 1584 195 1699 246; x_wconf 71' lang='lat' dir='ltr'>xxt.</span> <span class='ocrx_word' id='word_1_7' title='bbox 1734 195 1871 246; x_wconf 83' lang='lat' dir='ltr'>xxn.</span> 
     </span>
    </p>
   </div>
   <div class='ocr_carea' id='block_1_2' title="bbox 226 314 2755 2356">
    <p class='ocr_par' dir='ltr' id='par_1_2' title="bbox 226 314 2755 2356">
     <span class='ocr_line' id='line_1_2' title="bbox 226 314 2686 432; baseline 0.001 -22"><span class='ocrx_word' id='word_1_8' title='bbox 226 314 231 318; x_wconf 94' lang='lat'>.</span> <span class='ocrx_word' id='word_1_9' title='bbox 339 344 462 430; x_wconf 80' lang='grc' dir='ltr'><strong><em>γὰρ</em></strong></span> <span class='ocrx_word' id='word_1_10' title='bbox 518 345 689 430; x_wconf 80' lang='grc' dir='ltr'><strong><em>πρὸς</em></strong></span> <span class='ocrx_word' id='word_1_11' title='bbox 743 338 1070 430; x_wconf 83' lang='grc' dir='ltr'><strong><em>ἀναβολὴν</em></strong></span> <span class='ocrx_word' id='word_1_12' title='bbox 1128 332 1325 410; x_wconf 77' lang='grc' dir='ltr'><strong><em>αὗται</em></strong></span> <span class='ocrx_word' id='word_1_13' title='bbox 1369 336 1888 431; x_wconf 85' lang='grc' dir='ltr'><strong><em>ἀπενεμήθησαν</em></strong></span> <span class='ocrx_word' id='word_1_14' title='bbox 1906 363 1922 379; x_wconf 89' lang='grc'><em>·</em></span> <span class='ocrx_word' id='word_1_15' title='bbox 1976 342 2132 422; x_wconf 83' lang='grc' dir='ltr'><strong><em>τοὺς</em></strong></span> <span class='ocrx_word' id='word_1_16' title='bbox 2171 342 2296 430; x_wconf 79' lang='grc' dir='ltr'><strong><em>γὰρ</em></strong></span> <span class='ocrx_word' id='word_1_17' title='bbox 2341 344 2686 432; x_wconf 84' lang='grc' dir='ltr'><strong><em>παράγον-</em></strong></span> 
     </span>
     <span class='ocr_line' id='line_1_3' title="bbox 339 438 2684 533; baseline 0.003 -24"><span class='ocrx_word' id='word_1_18' title='bbox 339 469 460 523; x_wconf 84' lang='grc' dir='ltr'><strong><em>τας</em></strong></span> <span class='ocrx_word' id='word_1_19' title='bbox 516 439 632 512; x_wconf 78' lang='grc' dir='ltr'><strong><em>οὐκ</em></strong></span> <span class='ocrx_word' id='word_1_20' title='bbox 677 438 1078 533; x_wconf 77' lang='grc' dir='ltr'><strong><em>ὠφελοῦσιν,</em></strong></span> <span class='ocrx_word' id='word_1_21' title='bbox 1140 441 1199 511; x_wconf 81' lang='grc' dir='ltr'><strong><em>εἰ</em></strong></span> <span class='ocrx_word' id='word_1_22' title='bbox 1240 442 1329 530; x_wconf 90' lang='grc' dir='ltr'><strong><em>μή</em></strong></span> <span class='ocrx_word' id='word_1_23' title='bbox 1372 467 1447 529; x_wconf 89' lang='grc' dir='ltr'><strong><em>γε</em></strong></span> <span class='ocrx_word' id='word_1_24' title='bbox 1489 442 1568 530; x_wconf 84' lang='grc' dir='ltr'><strong><em>δὴ</em></strong></span> <span class='ocrx_word' id='word_1_25' title='bbox 1612 447 1719 511; x_wconf 84' lang='grc' dir='ltr'><strong><em>καὶ</em></strong></span> <span class='ocrx_word' id='word_1_26' title='bbox 1766 449 2205 530; x_wconf 78' lang='grc' dir='ltr'><strong><em>συντρίβουσι.</em></strong></span> <span class='ocrx_word' id='word_1_27' title='bbox 2296 445 2468 531; x_wconf 88' lang='grc' dir='ltr'><strong><em>πρὸς</em></strong></span> <span class='ocrx_word' id='word_1_28' title='bbox 2512 446 2684 515; x_wconf 84' lang='grc' dir='ltr'><strong><em>ἐκεί-</em></strong></span> 
     </span>
     <span class='ocr_line' id='line_1_4' title="bbox 340 539 2685 632; baseline 0.002 -21"><span class='ocrx_word' id='word_1_29' title='bbox 340 571 471 613; x_wconf 89' lang='grc' dir='ltr'><strong><em>νων</em></strong></span> <span class='ocrx_word' id='word_1_30' title='bbox 525 544 648 632; x_wconf 84' lang='grc' dir='ltr'><strong><em>γὰρ</em></strong></span> <span class='ocrx_word' id='word_1_31' title='bbox 706 544 786 611; x_wconf 89' lang='grc' dir='ltr'><strong><em>τὸ</em></strong></span> <span class='ocrx_word' id='word_1_32' title='bbox 842 549 1245 631; x_wconf 86' lang='grc' dir='ltr'><strong><em>παραχρῆμα</em></strong></span> <span class='ocrx_word' id='word_1_33' title='bbox 1293 544 1464 630; x_wconf 85' lang='grc' dir='ltr'><strong><em>μετὰ</em></strong></span> <span class='ocrx_word' id='word_1_34' title='bbox 1526 543 1644 631; x_wconf 89' lang='grc' dir='ltr'><strong><em>τὴν</em></strong></span> <span class='ocrx_word' id='word_1_35' title='bbox 1699 547 1833 612; x_wconf 84' lang='grc' dir='ltr'><strong><em>τῶν</em></strong></span> <span class='ocrx_word' id='word_1_36' title='bbox 1889 539 2259 614; x_wconf 85' lang='grc' dir='ltr'><strong><em>ἀντιθέτων</em></strong></span> <span class='ocrx_word' id='word_1_37' title='bbox 2314 541 2685 616; x_wconf 74' lang='grc' dir='ltr'><strong><em>ἀπείθειαν</em></strong></span> 
     </span>
     <span class='ocr_line' id='line_1_5' title="bbox 337 642 2687 736; baseline 0.002 -22"><span class='ocrx_word' id='word_1_38' title='bbox 337 646 491 726; x_wconf 82' lang='grc' dir='ltr'><strong><em>τοὺς</em></strong></span> <span class='ocrx_word' id='word_1_39' title='bbox 547 642 764 716; x_wconf 77' lang='grc' dir='ltr'><strong><em>αὐτῶν</em></strong></span> <span class='ocrx_word' id='word_1_40' title='bbox 818 647 1152 733; x_wconf 88' lang='grc' dir='ltr'><strong><em>μάρτυρας</em></strong></span> <span class='ocrx_word' id='word_1_41' title='bbox 1193 645 1584 733; x_wconf 83' lang='grc' dir='ltr'><strong><em>ἐρωτᾶσθαι</em></strong></span> <span class='ocrx_word' id='word_1_42' title='bbox 1625 645 1814 733; x_wconf 85' lang='grc' dir='ltr'><strong><em>παρὰ</em></strong></span> <span class='ocrx_word' id='word_1_43' title='bbox 1855 650 1949 734; x_wconf 79' lang='grc' dir='ltr'><strong><em>τῷ</em></strong></span> <span class='ocrx_word' id='word_1_44' title='bbox 1996 647 2271 736; x_wconf 80' lang='grc' dir='ltr'><strong><em>δικαστῇ</em></strong></span> <span class='ocrx_word' id='word_1_45' title='bbox 2314 648 2484 716; x_wconf 81' lang='grc' dir='ltr'><strong><em>κατὰ</em></strong></span> <span class='ocrx_word' id='word_1_46' title='bbox 2523 649 2687 730; x_wconf 80' lang='grc' dir='ltr'><strong><em>τοὺς</em></strong></span> 
     </span>
     <span class='ocr_line' id='line_1_6' title="bbox 338 742 2682 840; baseline 0.002 -24"><span class='ocrx_word' id='word_1_47' title='bbox 338 749 581 835; x_wconf 91' lang='grc' dir='ltr'><strong><em>νόμους</em></strong></span> <span class='ocrx_word' id='word_1_48' title='bbox 631 757 739 830; x_wconf 81' lang='grc' dir='ltr'><strong><em>καὶ</em></strong></span> <span class='ocrx_word' id='word_1_49' title='bbox 786 742 1229 816; x_wconf 80' lang='grc' dir='ltr'><strong><em>ἀπολύεσθαι.</em></strong></span> <span class='ocrx_word' id='word_1_50' title='bbox 1319 748 1493 834; x_wconf 88' lang='grc' dir='ltr'><strong><em>πρὸς</em></strong></span> <span class='ocrx_word' id='word_1_51' title='bbox 1532 751 1743 816; x_wconf 81' lang='grc' dir='ltr'><strong><em>ταῦτα</em></strong></span> <span class='ocrx_word' id='word_1_52' title='bbox 1786 743 1902 815; x_wconf 76' lang='grc' dir='ltr'><strong><em>οὐκ</em></strong></span> <span class='ocrx_word' id='word_1_53' title='bbox 1945 742 2227 835; x_wconf 84' lang='grc' dir='ltr'><strong><em>ἀγεννῶς</em></strong></span> <span class='ocrx_word' id='word_1_54' title='bbox 2270 743 2682 840; x_wconf 73' lang='grc' dir='ltr'><strong><em>ἀπαντήσειν</em></strong></span> 
     </span>
     <span class='ocr_line' id='line_1_7' title="bbox 339 848 2683 938; baseline 0.002 -22"><span class='ocrx_word' id='word_1_55' title='bbox 339 851 406 917; x_wconf 78' lang='grc' dir='ltr'><strong><em>οἱ</em></strong></span> <span class='ocrx_word' id='word_1_56' title='bbox 461 853 618 938; x_wconf 82' lang='grc' dir='ltr'><strong><em>περὶ</em></strong></span> <span class='ocrx_word' id='word_1_57' title='bbox 668 849 785 917; x_wconf 85' lang='grc' dir='ltr'><strong><em>τὸν</em></strong></span> <span class='ocrx_word' id='word_1_58' title='bbox 842 850 1213 918; x_wconf 86' lang='grc' dir='ltr'><strong><em>ἐπίσκοπον</em></strong></span> <span class='ocrx_word' id='word_1_59' title='bbox 1265 849 1601 935; x_wconf 78' lang='grc' dir='ltr'><strong><em>δικολόγοι</em></strong></span> <span class='ocrx_word' id='word_1_60' title='bbox 1656 850 2045 936; x_wconf 83' lang='grc' dir='ltr'><strong><em>διεβοῶντο,</em></strong></span> <span class='ocrx_word' id='word_1_61' title='bbox 2103 848 2228 918; x_wconf 89' lang='grc' dir='ltr'><strong><em>κάκ</em></strong></span> <span class='ocrx_word' id='word_1_62' title='bbox 2281 853 2415 918; x_wconf 82' lang='grc' dir='ltr'><strong><em>τῶν</em></strong></span> <span class='ocrx_word' id='word_1_63' title='bbox 2458 851 2683 937; x_wconf 85' lang='grc' dir='ltr'><strong><em>νόμων</em></strong></span> 
     </span>
     <span class='ocr_line' id='line_1_8' title="bbox 340 945 2680 1043; baseline 0 -23"><span class='ocrx_word' id='word_1_64' title='bbox 340 945 555 1020; x_wconf 79' lang='grc' dir='ltr'><strong><em>αῧτῶν</em></strong></span> <span class='ocrx_word' id='word_1_65' title='bbox 610 955 1046 1038; x_wconf 77' lang='grc' dir='ltr'><strong><em>παραγαγεῖν,</em></strong></span> <span class='ocrx_word' id='word_1_66' title='bbox 1106 949 1149 1018; x_wconf 80' lang='grc' dir='ltr'><strong><em>ἃ</em></strong></span> <span class='ocrx_word' id='word_1_67' title='bbox 1201 950 1321 1030; x_wconf 88' lang='grc' dir='ltr'><strong><em>τὰς</em></strong></span> <span class='ocrx_word' id='word_1_68' title='bbox 1364 945 1582 1018; x_wconf 74' lang='grc' dir='ltr'><strong><em>αὐτῶν</em></strong></span> <span class='ocrx_word' id='word_1_69' title='bbox 1626 950 1964 1031; x_wconf 77' lang='grc' dir='ltr'><strong><em>ἐνστάσεις</em></strong></span> <span class='ocrx_word' id='word_1_70' title='bbox 2006 947 2123 1019; x_wconf 76' lang='grc' dir='ltr'><strong><em>οὐκ</em></strong></span> <span class='ocrx_word' id='word_1_71' title='bbox 2167 948 2555 1040; x_wconf 87' lang='grc' dir='ltr'><strong><em>ἀνευλόγους</em></strong></span> <span class='ocrx_word' id='word_1_72' title='bbox 2595 957 2680 1043; x_wconf 82' lang='grc' dir='ltr'><strong><em>τῇ</em></strong></span> 
     </span>
     <span class='ocr_line' id='line_1_9' title="bbox 337 1048 2683 1140; baseline 0.002 -21"><span class='ocrx_word' id='word_1_73' title='bbox 337 1054 645 1140; x_wconf 80' lang='grc' dir='ltr'><strong><em>βασιλείᾳ</em></strong></span> <span class='ocrx_word' id='word_1_74' title='bbox 686 1076 814 1138; x_wconf 94' lang='grc' dir='ltr'><strong><em>μου</em></strong></span> <span class='ocrx_word' id='word_1_75' title='bbox 859 1048 1310 1133; x_wconf 79' lang='grc' dir='ltr'><strong><em>ἀποδείξουσι.</em></strong></span> <span class='ocrx_word' id='word_1_76' title='bbox 1370 1058 1662 1139; x_wconf 86' lang='grc' dir='ltr'><strong><em>κέκριται</em></strong></span> <span class='ocrx_word' id='word_1_77' title='bbox 1688 1058 1909 1120; x_wconf 82' lang='grc' dir='ltr'><strong><em>τοίνυν</em></strong></span> <span class='ocrx_word' id='word_1_78' title='bbox 1940 1052 2498 1139; x_wconf 80' lang='grc' dir='ltr'><strong><em>ἐπαγωνίσασθαι</em></strong></span> <span class='ocrx_word' id='word_1_79' title='bbox 2524 1055 2683 1123; x_wconf 85' lang='grc' dir='ltr'><strong><em>τού-</em></strong></span> 
     </span>
     <span class='ocr_line' id='line_1_10' title="bbox 336 1148 2755 1242; baseline 0.002 -22"><span class='ocrx_word' id='word_1_80' title='bbox 336 1178 511 1234; x_wconf 86' lang='grc' dir='ltr'><strong><em>τους,</em></strong></span> <span class='ocrx_word' id='word_1_81' title='bbox 581 1151 671 1233; x_wconf 79' lang='grc' dir='ltr'><strong><em>ιῦς</em></strong></span> <span class='ocrx_word' id='word_1_82' title='bbox 715 1148 794 1221; x_wconf 75' lang='grc' dir='ltr'><strong><em>ἂν</em></strong></span> <span class='ocrx_word' id='word_1_83' title='bbox 840 1148 1264 1232; x_wconf 79' lang='grc' dir='ltr'><strong><em>ἀποδείξαιεν</em></strong></span> <span class='ocrx_word' id='word_1_84' title='bbox 1321 1153 1445 1232; x_wconf 80' lang='grc' dir='ltr'><strong><em>ἔξω</em></strong></span> <span class='ocrx_word' id='word_1_85' title='bbox 1489 1156 1606 1219; x_wconf 83' lang='grc' dir='ltr'><strong><em>τοῦ</em></strong></span> <span class='ocrx_word' id='word_1_86' title='bbox 1651 1159 2134 1238; x_wconf 87' lang='grc' dir='ltr'><strong><em>νενομισμένως</em></strong></span> <span class='ocrx_word' id='word_1_87' title='bbox 2177 1148 2678 1242; x_wconf 86' lang='grc' dir='ltr'><strong><em>ἀπονεμομένου</em></strong></span> <span class='ocrx_word' id='word_1_88' title='bbox 2751 1222 2755 1226; x_wconf 78' lang='grc'><strong><em>,</em></strong></span> 
     </span>
     <span class='ocr_line' id='line_1_11' title="bbox 336 1248 2683 1346; baseline 0.002 -24"><span class='ocrx_word' id='word_1_89' title='bbox 336 1266 487 1334; x_wconf 78' lang='grc' dir='ltr'><strong><em>ταῒς</em></strong></span> <span class='ocrx_word' id='word_1_90' title='bbox 527 1266 958 1342; x_wconf 74' lang='grc' dir='ltr'><strong><em>παραγωγαῖς</em></strong></span> <span class='ocrx_word' id='word_1_91' title='bbox 998 1259 1132 1322; x_wconf 83' lang='grc' dir='ltr'><strong><em>τῶν</em></strong></span> <span class='ocrx_word' id='word_1_92' title='bbox 1172 1257 1551 1341; x_wconf 84' lang='grc' dir='ltr'><strong><em>μαρτυριῶν</em></strong></span> <span class='ocrx_word' id='word_1_93' title='bbox 1590 1248 1635 1339; x_wconf 80' lang='grc' dir='ltr'><em>ἢ</em></span> <span class='ocrx_word' id='word_1_94' title='bbox 1675 1264 1826 1333; x_wconf 77' lang='grc' dir='ltr'><strong><em>ταῖς</em></strong></span> <span class='ocrx_word' id='word_1_95' title='bbox 1870 1254 2231 1326; x_wconf 78' lang='grc' dir='ltr'><strong><em>συστάσεσι</em></strong></span> <span class='ocrx_word' id='word_1_96' title='bbox 2271 1261 2406 1325; x_wconf 83' lang='grc' dir='ltr'><strong><em>τῶν</em></strong></span> <span class='ocrx_word' id='word_1_97' title='bbox 2451 1257 2683 1346; x_wconf 85' lang='grc' dir='ltr'><strong><em>ἐγγρά-</em></strong></span> 
     </span>
     <span class='ocr_line' id='line_1_12' title="bbox 342 1351 2678 1444; baseline 0.002 -21"><span class='ocrx_word' id='word_1_98' title='bbox 342 1382 488 1444; x_wconf 86' lang='grc' dir='ltr'><strong><em>φων</em></strong></span> <span class='ocrx_word' id='word_1_99' title='bbox 530 1360 762 1443; x_wconf 80' lang='grc' dir='ltr'><strong><em>καιροῦ</em></strong></span> <span class='ocrx_word' id='word_1_100' title='bbox 805 1356 925 1436; x_wconf 84' lang='grc' dir='ltr'><strong><em>τὰς</em></strong></span> <span class='ocrx_word' id='word_1_101' title='bbox 992 1356 1065 1424; x_wconf 84' lang='grc' dir='ltr'><strong><em>ιε’</em></strong></span> <span class='ocrx_word' id='word_1_102' title='bbox 1113 1351 1359 1442; x_wconf 83' lang='grc' dir='ltr'><strong><em>ἡμέρας</em></strong></span> <span class='ocrx_word' id='word_1_103' title='bbox 1420 1355 1542 1434; x_wconf 86' lang='grc' dir='ltr'><strong><em>τὰς</em></strong></span> <span class='ocrx_word' id='word_1_104' title='bbox 1586 1355 1699 1424; x_wconf 77' lang='grc' dir='ltr'><strong><em>ἐπὶ</em></strong></span> <span class='ocrx_word' id='word_1_105' title='bbox 1744 1359 1821 1444; x_wconf 81' lang='grc' dir='ltr'><strong><em>τῇ</em></strong></span> <span class='ocrx_word' id='word_1_106' title='bbox 1869 1357 2359 1444; x_wconf 80' lang='grc' dir='ltr'><strong><em>διακηρυκεύσει</em></strong></span> <span class='ocrx_word' id='word_1_107' title='bbox 2398 1363 2517 1427; x_wconf 86' lang='grc' dir='ltr'><strong><em>τοῦ</em></strong></span> <span class='ocrx_word' id='word_1_108' title='bbox 2563 1355 2678 1428; x_wconf 88' lang='grc' dir='ltr'><strong><em>ἀν-</em></strong></span> 
     </span>
     <span class='ocr_line' id='line_1_13' title="bbox 335 1453 2678 1547; baseline 0.001 -22"><span class='ocrx_word' id='word_1_109' title='bbox 335 1463 813 1542; x_wconf 86' lang='grc' dir='ltr'><strong><em>τιμαχουμένου</em></strong></span> <span class='ocrx_word' id='word_1_110' title='bbox 855 1463 1096 1544; x_wconf 79' lang='grc' dir='ltr'><strong><em>μέρους</em></strong></span> <span class='ocrx_word' id='word_1_111' title='bbox 1138 1453 1648 1545; x_wconf 89' lang='grc' dir='ltr'><strong><em>ἀφορισθείσας.</em></strong></span> <span class='ocrx_word' id='word_1_112' title='bbox 1708 1459 1815 1524; x_wconf 74' lang='grc' dir='ltr'><strong><em>καὶ</em></strong></span> <span class='ocrx_word' id='word_1_113' title='bbox 1863 1456 1923 1525; x_wconf 81' lang='grc' dir='ltr'><strong><em>εἰ</em></strong></span> <span class='ocrx_word' id='word_1_114' title='bbox 1962 1458 2083 1542; x_wconf 80' lang='grc' dir='ltr'><strong><em>μὲν</em></strong></span> <span class='ocrx_word' id='word_1_115' title='bbox 2126 1462 2323 1525; x_wconf 82' lang='grc' dir='ltr'><strong><em>τοῦτο</em></strong></span> <span class='ocrx_word' id='word_1_116' title='bbox 2354 1460 2423 1528; x_wconf 83' lang='grc' dir='ltr'><strong><em>ἐκ</em></strong></span> <span class='ocrx_word' id='word_1_117' title='bbox 2456 1460 2678 1547; x_wconf 91' lang='grc' dir='ltr'><strong><em>νόμων</em></strong></span> 
     </span>
     <span class='ocr_line' id='line_1_14' title="bbox 338 1554 2672 1647; baseline 0.001 -22"><span class='ocrx_word' id='word_1_118' title='bbox 338 1555 554 1626; x_wconf 79' lang='grc' dir='ltr'><strong><em>αὐτῶν</em></strong></span> <span class='ocrx_word' id='word_1_119' title='bbox 599 1554 1041 1639; x_wconf 81' lang='grc' dir='ltr'><strong><em>ἀποδείξαιεν,</em></strong></span> <span class='ocrx_word' id='word_1_120' title='bbox 1091 1560 1310 1626; x_wconf 74' lang='grc' dir='ltr'><strong><em>ἔκτοτε</em></strong></span> <span class='ocrx_word' id='word_1_121' title='bbox 1341 1560 1769 1645; x_wconf 80' lang='grc' dir='ltr'><strong><em>σκοπηθῆναι</em></strong></span> <span class='ocrx_word' id='word_1_122' title='bbox 1798 1557 1984 1645; x_wconf 83' lang='grc' dir='ltr'><strong><em>παρὰ</em></strong></span> <span class='ocrx_word' id='word_1_123' title='bbox 2011 1562 2128 1647; x_wconf 82' lang='grc' dir='ltr'><strong><em>τῆς</em></strong></span> <span class='ocrx_word' id='word_1_124' title='bbox 2152 1561 2496 1645; x_wconf 77' lang='grc' dir='ltr'><strong><em>βασιλείας</em></strong></span> <span class='ocrx_word' id='word_1_125' title='bbox 2519 1587 2672 1646; x_wconf 89' lang='grc' dir='ltr'><strong><em>μου,</em></strong></span> 
     </span>
     <span class='ocr_line' id='line_1_15' title="bbox 339 1658 2681 1749; baseline 0.002 -23"><span class='ocrx_word' id='word_1_126' title='bbox 339 1661 403 1726; x_wconf 72' lang='grc' dir='ltr'><strong><em>εἴ</em></strong></span> <span class='ocrx_word' id='word_1_127' title='bbox 431 1685 505 1746; x_wconf 89' lang='grc' dir='ltr'><strong><em>γε</em></strong></span> <span class='ocrx_word' id='word_1_128' title='bbox 546 1661 763 1739; x_wconf 84' lang='grc' dir='ltr'><strong><em>καλῶς</em></strong></span> <span class='ocrx_word' id='word_1_129' title='bbox 805 1661 876 1726; x_wconf 76' lang='grc' dir='ltr'><strong><em>αἱ</em></strong></span> <span class='ocrx_word' id='word_1_130' title='bbox 921 1666 1285 1745; x_wconf 77' lang='grc' dir='ltr'><strong><em>συγκρίσεις</em></strong></span> <span class='ocrx_word' id='word_1_131' title='bbox 1340 1661 1447 1727; x_wconf 83' lang='grc' dir='ltr'><strong><em>καὶ</em></strong></span> <span class='ocrx_word' id='word_1_132' title='bbox 1504 1658 1671 1726; x_wconf 87' lang='grc' dir='ltr'><strong><em>κατὰ</em></strong></span> <span class='ocrx_word' id='word_1_133' title='bbox 1721 1658 1963 1745; x_wconf 87' lang='grc' dir='ltr'><strong><em>νόμους</em></strong></span> <span class='ocrx_word' id='word_1_134' title='bbox 2019 1666 2395 1749; x_wconf 82' lang='grc' dir='ltr'><strong><em>προέβησαν</em></strong></span> <span class='ocrx_word' id='word_1_135' title='bbox 2447 1666 2557 1730; x_wconf 83' lang='grc' dir='ltr'><strong><em>καὶ</em></strong></span> <span class='ocrx_word' id='word_1_136' title='bbox 2605 1664 2681 1745; x_wconf 80' lang='grc' dir='ltr'><strong><em>ἐξ</em></strong></span> 
     </span>
     <span class='ocr_line' id='line_1_16' title="bbox 340 1750 2679 1850; baseline 0.003 -24"><span class='ocrx_word' id='word_1_137' title='bbox 340 1750 432 1828; x_wconf 79' lang='grc' dir='ltr'><strong><em>ὦν</em></strong></span> <span class='ocrx_word' id='word_1_138' title='bbox 487 1760 868 1846; x_wconf 90' lang='grc' dir='ltr'><strong><em>νενόμισται</em></strong></span> <span class='ocrx_word' id='word_1_139' title='bbox 923 1761 1265 1849; x_wconf 75' lang='grc' dir='ltr'><strong><em>ἐγγράφων</em></strong></span> <span class='ocrx_word' id='word_1_140' title='bbox 1322 1761 1443 1840; x_wconf 87' lang='grc' dir='ltr'><strong><em>τὰς</em></strong></span> <span class='ocrx_word' id='word_1_141' title='bbox 1497 1766 1760 1840; x_wconf 87' lang='grc' dir='ltr'><strong><em>πίστεις</em></strong></span> <span class='ocrx_word' id='word_1_142' title='bbox 1815 1760 2151 1841; x_wconf 85' lang='grc' dir='ltr'><strong><em>ἐδέξαντο·</em></strong></span> <span class='ocrx_word' id='word_1_143' title='bbox 2212 1762 2269 1829; x_wconf 79' lang='grc' dir='ltr'><strong><em>εἰ</em></strong></span> <span class='ocrx_word' id='word_1_144' title='bbox 2323 1763 2397 1830; x_wconf 87' lang='grc' dir='ltr'><strong><em>δέ</em></strong></span> <span class='ocrx_word' id='word_1_145' title='bbox 2450 1788 2524 1850; x_wconf 89' lang='grc' dir='ltr'><strong><em>γε</em></strong></span> <span class='ocrx_word' id='word_1_146' title='bbox 2564 1768 2679 1834; x_wconf 85' lang='grc' dir='ltr'><strong><em>καὶ</em></strong></span> 
     </span>
     <span class='ocr_line' id='line_1_17' title="bbox 337 1857 2679 1952; baseline 0.001 -22"><span class='ocrx_word' id='word_1_147' title='bbox 337 1860 508 1948; x_wconf 86' lang='grc' dir='ltr'><strong><em>πρὸς</em></strong></span> <span class='ocrx_word' id='word_1_148' title='bbox 549 1860 627 1949; x_wconf 82' lang='grc' dir='ltr'><strong><em>ἣν</em></strong></span> <span class='ocrx_word' id='word_1_149' title='bbox 672 1862 1066 1951; x_wconf 84' lang='grc' dir='ltr'><strong><em>ἐξῃτήσαντο</em></strong></span> <span class='ocrx_word' id='word_1_150' title='bbox 1113 1857 1461 1942; x_wconf 83' lang='grc' dir='ltr'><strong><em>ἀπόδειξιν</em></strong></span> <span class='ocrx_word' id='word_1_151' title='bbox 1506 1858 1923 1949; x_wconf 88' lang='grc' dir='ltr'><strong><em>ἀτονήσαιεν,</em></strong></span> <span class='ocrx_word' id='word_1_152' title='bbox 1990 1863 2145 1942; x_wconf 80' lang='grc' dir='ltr'><strong><em>τοὺς</em></strong></span> <span class='ocrx_word' id='word_1_153' title='bbox 2186 1866 2340 1949; x_wconf 83' lang='grc' dir='ltr'><strong><em>περὶ</em></strong></span> <span class='ocrx_word' id='word_1_154' title='bbox 2384 1863 2502 1952; x_wconf 84' lang='grc' dir='ltr'><strong><em>τὴν</em></strong></span> <span class='ocrx_word' id='word_1_155' title='bbox 2546 1863 2679 1933; x_wconf 74' lang='grc' dir='ltr'><strong><em>ἄν·</em></strong></span> 
     </span>
     <span class='ocr_line' id='line_1_18' title="bbox 336 1959 2678 2052; baseline 0.002 -22"><span class='ocrx_word' id='word_1_156' title='bbox 336 1989 477 2031; x_wconf 85' lang='grc' dir='ltr'><strong><em>ναν</em></strong></span> <span class='ocrx_word' id='word_1_157' title='bbox 536 1965 1009 2052; x_wconf 84' lang='grc' dir='ltr'><strong><em>δικαιωθῆναι,</em></strong></span> <span class='ocrx_word' id='word_1_158' title='bbox 1068 1971 1175 2032; x_wconf 82' lang='grc' dir='ltr'><strong><em>καὶ</em></strong></span> <span class='ocrx_word' id='word_1_159' title='bbox 1221 1964 1307 2030; x_wconf 84' lang='grc' dir='ltr'><strong><em>τὰ</em></strong></span> <span class='ocrx_word' id='word_1_160' title='bbox 1349 1964 1687 2051; x_wconf 87' lang='grc' dir='ltr'><strong><em>νικητήρια</em></strong></span> <span class='ocrx_word' id='word_1_161' title='bbox 1731 1970 2026 2049; x_wconf 86' lang='grc' dir='ltr'><strong><em>νομίμως</em></strong></span> <span class='ocrx_word' id='word_1_162' title='bbox 2067 1966 2341 2045; x_wconf 81' lang='grc' dir='ltr'><strong><em>τούτους</em></strong></span> <span class='ocrx_word' id='word_1_163' title='bbox 2385 1959 2678 2034; x_wconf 85' lang='grc' dir='ltr'><strong><em>ἀποίσα-</em></strong></span> 
     </span>
     <span class='ocr_line' id='line_1_19' title="bbox 337 2062 2670 2156; baseline 0.001 -24"><span class='ocrx_word' id='word_1_164' title='bbox 337 2070 526 2132; x_wconf 87' lang='grc' dir='ltr'><strong><em>σθαι.</em></strong></span> <span class='ocrx_word' id='word_1_165' title='bbox 615 2066 675 2133; x_wconf 81' lang='grc' dir='ltr'><strong><em>εἷ</em></strong></span> <span class='ocrx_word' id='word_1_166' title='bbox 715 2067 838 2152; x_wconf 85' lang='grc' dir='ltr'><strong><em>γὰρ</em></strong></span> <span class='ocrx_word' id='word_1_167' title='bbox 886 2066 1128 2151; x_wconf 72' lang='grc' dir='ltr'><strong><em>ἔξωρος</em></strong></span> <span class='ocrx_word' id='word_1_168' title='bbox 1167 2062 1206 2153; x_wconf 83' lang='grc' dir='ltr'><em>ἧ</em></span> <span class='ocrx_word' id='word_1_169' title='bbox 1252 2068 1371 2154; x_wconf 86' lang='grc' dir='ltr'><strong><em>τῆς</em></strong></span> <span class='ocrx_word' id='word_1_170' title='bbox 1414 2071 1811 2152; x_wconf 81' lang='grc' dir='ltr'><strong><em>συγκρίσεως</em></strong></span> <span class='ocrx_word' id='word_1_171' title='bbox 1853 2072 2259 2154; x_wconf 87' lang='grc' dir='ltr'><strong><em>καταφανείη</em></strong></span> <span class='ocrx_word' id='word_1_172' title='bbox 2291 2068 2670 2156; x_wconf 81' lang='grc' dir='ltr'><strong><em>παραγωγὴ,</em></strong></span> 
     </span>
     <span class='ocr_line' id='line_1_20' title="bbox 336 2162 2674 2255; baseline 0.002 -23"><span class='ocrx_word' id='word_1_173' title='bbox 336 2165 498 2254; x_wconf 76' lang='grc' dir='ltr'><strong><em>ἄλλη</em></strong></span> <span class='ocrx_word' id='word_1_174' title='bbox 542 2166 645 2246; x_wconf 77' lang='grc' dir='ltr'><strong><em>τὶς</em></strong></span> <span class='ocrx_word' id='word_1_175' title='bbox 689 2163 803 2251; x_wconf 81' lang='grc' dir='ltr'><strong><em>οὐχ</em></strong></span> <span class='ocrx_word' id='word_1_176' title='bbox 845 2164 1322 2234; x_wconf 78' lang='grc' dir='ltr'><strong><em>ὑπολέλειπται</em></strong></span> <span class='ocrx_word' id='word_1_177' title='bbox 1371 2166 1652 2255; x_wconf 85' lang='grc' dir='ltr'><strong><em>ζήτησις,</em></strong></span> <span class='ocrx_word' id='word_1_178' title='bbox 1707 2162 1865 2233; x_wconf 79' lang='grc' dir='ltr'><strong><em>ὅσον</em></strong></span> <span class='ocrx_word' id='word_1_179' title='bbox 1911 2166 2023 2234; x_wconf 82' lang='grc' dir='ltr'><strong><em>ἐπὶ</em></strong></span> <span class='ocrx_word' id='word_1_180' title='bbox 2069 2171 2149 2255; x_wconf 85' lang='grc' dir='ltr'><strong><em>τῇ</em></strong></span> <span class='ocrx_word' id='word_1_181' title='bbox 2197 2168 2513 2240; x_wconf 83' lang='grc' dir='ltr'><strong><em>συστάσει</em></strong></span> <span class='ocrx_word' id='word_1_182' title='bbox 2553 2173 2674 2237; x_wconf 77' lang='grc' dir='ltr'><strong><em>τοῦ</em></strong></span> 
     </span>
     <span class='ocr_line' id='line_1_21' title="bbox 336 2267 1093 2356; baseline -0.003 -21"><span class='ocrx_word' id='word_1_183' title='bbox 336 2275 703 2356; x_wconf 88' lang='grc' dir='ltr'><strong><em>πρατηρίου</em></strong></span> <span class='ocrx_word' id='word_1_184' title='bbox 748 2267 1093 2355; x_wconf 76' lang='grc' dir='ltr'><strong><em>ἐγγράφου.</em></strong></span> 
     </span>
    </p>
   </div>
   <div class='ocr_carea' id='block_1_3' title="bbox 328 2436 2675 3473">
    <p class='ocr_par' dir='ltr' id='par_1_3' title="bbox 1019 2436 1976 2535">
     <span class='ocr_line' id='line_1_22' title="bbox 1019 2436 1976 2535; baseline -0.003 -22"><span class='ocrx_word' id='word_1_185' title='bbox 1019 2436 1464 2535; x_wconf 79' lang='grc' dir='ltr'><strong><em>Παρεκβολὴ</em></strong></span> <span class='ocrx_word' id='word_1_186' title='bbox 1513 2445 1643 2534; x_wconf 82' lang='grc' dir='ltr'><strong><em>τῆς</em></strong></span> <span class='ocrx_word' id='word_1_187' title='bbox 1694 2438 1976 2535; x_wconf 83' lang='grc' dir='ltr'><strong><em>ψήφου.</em></strong></span> 
     </span>
    </p>

    <p class='ocr_par' dir='ltr' id='par_1_4' title="bbox 328 2568 2675 3473">
     <span class='ocr_line' id='line_1_23' title="bbox 481 2568 2674 2661; baseline 0.001 -23"><span class='ocrx_word' id='word_1_188' title='bbox 481 2568 789 2657; x_wconf 84' lang='grc' dir='ltr'><strong><em>Ἐπείπερ</em></strong></span> <span class='ocrx_word' id='word_1_189' title='bbox 821 2568 961 2639; x_wconf 78' lang='grc' dir='ltr'><strong><em>ἅνν</em></strong></span> <span class='ocrx_word' id='word_1_190' title='bbox 980 2597 1040 2653; x_wconf 93' lang='grc' dir='ltr'><strong><em>α,</em></strong></span> <span class='ocrx_word' id='word_1_191' title='bbox 1072 2568 1112 2660; x_wconf 81' lang='grc' dir='ltr'><em>ἢ</em></span> <span class='ocrx_word' id='word_1_192' title='bbox 1140 2574 1259 2638; x_wconf 82' lang='grc' dir='ltr'><strong><em>τοῦ</em></strong></span> <span class='ocrx_word' id='word_1_193' title='bbox 1288 2571 1795 2660; x_wconf 78' lang='grc' dir='ltr'><strong><em>τελευτήσαντος</em></strong></span> <span class='ocrx_word' id='word_1_194' title='bbox 1820 2572 2314 2659; x_wconf 88' lang='grc' dir='ltr'><strong><em>μητροπολίτου</em></strong></span> <span class='ocrx_word' id='word_1_195' title='bbox 2344 2598 2674 2661; x_wconf 80' lang='grc' dir='ltr'><strong><em>νικομη-</em></strong></span> 
     </span>
     <span class='ocr_line' id='line_1_24' title="bbox 336 2667 2672 2760; baseline 0.001 -21"><span class='ocrx_word' id='word_1_196' title='bbox 336 2675 564 2751; x_wconf 87' lang='grc' dir='ltr'><strong><em>δείας</em></strong></span> <span class='ocrx_word' id='word_1_197' title='bbox 603 2675 1043 2758; x_wconf 85' lang='grc' dir='ltr'><strong><em>βασιλείου</em></strong></span> <span class='ocrx_word' id='word_1_198' title='bbox 1089 2667 1367 2758; x_wconf 83' lang='grc' dir='ltr'><strong><em>ἀνεψιὰ,</em></strong></span> <span class='ocrx_word' id='word_1_199' title='bbox 1395 2679 1638 2760; x_wconf 50' lang='grc' dir='ltr'><strong><em>,τρίτον</em></strong></span> <span class='ocrx_word' id='word_1_200' title='bbox 1679 2678 1878 2760; x_wconf 84' lang='grc' dir='ltr'><strong><em>μέρος</em></strong></span> <span class='ocrx_word' id='word_1_201' title='bbox 1920 2676 2039 2739; x_wconf 82' lang='grc' dir='ltr'><strong><em>τοῦ</em></strong></span> <span class='ocrx_word' id='word_1_202' title='bbox 2085 2673 2269 2740; x_wconf 82' lang='grc' dir='ltr'><strong><em>οἴκου</em></strong></span> <span class='ocrx_word' id='word_1_203' title='bbox 2312 2678 2430 2741; x_wconf 81' lang='grc' dir='ltr'><strong><em>τοῦ</em></strong></span> <span class='ocrx_word' id='word_1_204' title='bbox 2475 2682 2672 2742; x_wconf 84' lang='grc' dir='ltr'><strong><em>θείου</em></strong></span> 
     </span>
     <span class='ocr_line' id='line_1_25' title="bbox 335 2768 2674 2863; baseline 0.001 -23"><span class='ocrx_word' id='word_1_205' title='bbox 335 2769 532 2860; x_wconf 76' lang='grc' dir='ltr'><strong><em>αὐτῆς</em></strong></span> <span class='ocrx_word' id='word_1_206' title='bbox 577 2775 1007 2855; x_wconf 80' lang='grc' dir='ltr'><strong><em>διεκδικοῦσα,</em></strong></span> <span class='ocrx_word' id='word_1_207' title='bbox 1055 2774 1380 2861; x_wconf 86' lang='grc' dir='ltr'><strong><em>πρότερον</em></strong></span> <span class='ocrx_word' id='word_1_208' title='bbox 1423 2776 1542 2859; x_wconf 78' lang='grc' dir='ltr'><strong><em>μὲν</em></strong></span> <span class='ocrx_word' id='word_1_209' title='bbox 1588 2768 1729 2841; x_wconf 86' lang='grc' dir='ltr'><strong><em>ἀπὸ</em></strong></span> <span class='ocrx_word' id='word_1_210' title='bbox 1774 2775 2190 2863; x_wconf 87' lang='grc' dir='ltr'><strong><em>στεφάνου</em></strong></span> <span class='ocrx_word' id='word_1_211' title='bbox 2222 2780 2338 2843; x_wconf 83' lang='grc' dir='ltr'><strong><em>τοῦ</em></strong></span> <span class='ocrx_word' id='word_1_212' title='bbox 2369 2776 2521 2843; x_wconf 88' lang='grc' dir='ltr'><strong><em>τότε</em></strong></span> <span class='ocrx_word' id='word_1_213' title='bbox 2550 2800 2674 2843; x_wconf 87' lang='grc' dir='ltr'><strong><em>πε·-</em></strong></span> 
     </span>
     <span class='ocr_line' id='line_1_26' title="bbox 332 2870 2671 2964; baseline 0.002 -23"><span class='ocrx_word' id='word_1_214' title='bbox 332 2875 507 2962; x_wconf 86' lang='grc' dir='ltr'><strong><em>ριόντ</em></strong></span> <span class='ocrx_word' id='word_1_215' title='bbox 518 2900 591 2955; x_wconf 90' lang='grc' dir='ltr'><strong><em>ος</em></strong></span> <span class='ocrx_word' id='word_1_216' title='bbox 613 2872 986 2943; x_wconf 76' lang='grc' dir='ltr'><strong><em>ἐπισκόπου</em></strong></span> <span class='ocrx_word' id='word_1_217' title='bbox 1007 2903 1045 2943; x_wconf 88' lang='grc' dir='ltr'><strong><em>κ</em></strong></span> <span class='ocrx_word' id='word_1_218' title='bbox 1060 2902 1102 2943; x_wconf 88' lang='grc' dir='ltr'><strong><em>α</em></strong></span> <span class='ocrx_word' id='word_1_219' title='bbox 1119 2903 1143 2943; x_wconf 93' lang='grc' dir='ltr'><strong><em>ι</em></strong></span> <span class='ocrx_word' id='word_1_220' title='bbox 1162 2900 1308 2962; x_wconf 90' lang='grc' dir='ltr'><strong><em>σαρ</em></strong></span> <span class='ocrx_word' id='word_1_221' title='bbox 1327 2902 1358 2943; x_wconf 88' lang='grc' dir='ltr'><strong><em>ε</em></strong></span> <span class='ocrx_word' id='word_1_222' title='bbox 1374 2873 1531 2956; x_wconf 89' lang='grc' dir='ltr'><strong><em>ίας,</em></strong></span> <span class='ocrx_word' id='word_1_223' title='bbox 1555 2873 1831 2962; x_wconf 71' lang='grc' dir='ltr'><strong><em>ὕστερον</em></strong></span> <span class='ocrx_word' id='word_1_224' title='bbox 1855 2877 1928 2944; x_wconf 84' lang='grc' dir='ltr'><strong><em>δὲ</em></strong></span> <span class='ocrx_word' id='word_1_225' title='bbox 1951 2870 2090 2944; x_wconf 84' lang='grc' dir='ltr'><strong><em>ἀπὸ</em></strong></span> <span class='ocrx_word' id='word_1_226' title='bbox 2110 2880 2229 2943; x_wconf 84' lang='grc' dir='ltr'><strong><em>τοῦ</em></strong></span> <span class='ocrx_word' id='word_1_227' title='bbox 2260 2901 2671 2964; x_wconf 81' lang='grc' dir='ltr'><strong><em>πρωτοσπα-</em></strong></span> 
     </span>
     <span class='ocr_line' id='line_1_27' title="bbox 331 2973 2675 3066; baseline 0.001 -22"><span class='ocrx_word' id='word_1_228' title='bbox 331 2974 578 3065; x_wconf 80' lang='grc' dir='ltr'><strong><em>θαρίου</em></strong></span> <span class='ocrx_word' id='word_1_229' title='bbox 621 2977 922 3065; x_wconf 85' lang='grc' dir='ltr'><strong><em>μιχαὴλ</em></strong></span> <span class='ocrx_word' id='word_1_230' title='bbox 965 2980 1072 3045; x_wconf 83' lang='grc' dir='ltr'><strong><em>καὶ</em></strong></span> <span class='ocrx_word' id='word_1_231' title='bbox 1115 2977 1737 3066; x_wconf 85' lang='grc' dir='ltr'><strong><em>ταγματοφύλακος,</em></strong></span> <span class='ocrx_word' id='word_1_232' title='bbox 1787 2975 1997 3063; x_wconf 76' lang='grc' dir='ltr'><strong><em>ὃς-τῷ</em></strong></span> <span class='ocrx_word' id='word_1_233' title='bbox 2045 2978 2116 3058; x_wconf 79' lang='grc' dir='ltr'><strong><em>ἐξ</em></strong></span> <span class='ocrx_word' id='word_1_234' title='bbox 2158 2973 2523 3049; x_wconf 83' lang='grc' dir='ltr'><strong><em>ἀδιαθέτου</em></strong></span> <span class='ocrx_word' id='word_1_235' title='bbox 2570 2980 2675 3046; x_wconf 88' lang='grc' dir='ltr'><strong><em>δι-</em></strong></span> 
     </span>
     <span class='ocr_line' id='line_1_28' title="bbox 330 3076 2673 3168; baseline 0 -21"><span class='ocrx_word' id='word_1_236' title='bbox 330 3087 494 3168; x_wconf 78' lang='grc' dir='ltr'><strong><em>καίῳ</em></strong></span> <span class='ocrx_word' id='word_1_237' title='bbox 536 3079 938 3167; x_wconf 85' lang='grc' dir='ltr'><strong><em>κληρονόμος</em></strong></span> <span class='ocrx_word' id='word_1_238' title='bbox 979 3083 1097 3146; x_wconf 84' lang='grc' dir='ltr'><strong><em>τοῦ</em></strong></span> <span class='ocrx_word' id='word_1_239' title='bbox 1130 3079 1505 3147; x_wconf 81' lang='grc' dir='ltr'><strong><em>ἐπισκόπου</em></strong></span> <span class='ocrx_word' id='word_1_240' title='bbox 1534 3085 1924 3159; x_wconf 87' lang='grc' dir='ltr'><strong><em>καθίστατο,</em></strong></span> <span class='ocrx_word' id='word_1_241' title='bbox 1975 3080 2386 3159; x_wconf 81' lang='grc' dir='ltr'><strong><em>δικαστικοὺς</em></strong></span> <span class='ocrx_word' id='word_1_242' title='bbox 2417 3076 2673 3167; x_wconf 80' lang='grc' dir='ltr'><strong><em>ἀγῶνας</em></strong></span> 
     </span>
     <span class='ocr_line' id='line_1_29' title="bbox 328 3178 2670 3268; baseline 0.001 -22"><span class='ocrx_word' id='word_1_243' title='bbox 328 3178 567 3249; x_wconf 75' lang='grc' dir='ltr'><strong><em>ὑπέδυ·</em></strong></span> <span class='ocrx_word' id='word_1_244' title='bbox 613 3183 851 3266; x_wconf 83' lang='grc' dir='ltr'><strong><em>πρῶτα</em></strong></span> <span class='ocrx_word' id='word_1_245' title='bbox 891 3183 1014 3266; x_wconf 83' lang='grc' dir='ltr'><strong><em>μὲν</em></strong></span> <span class='ocrx_word' id='word_1_246' title='bbox 1057 3180 1243 3266; x_wconf 85' lang='grc' dir='ltr'><strong><em>παρὰ</em></strong></span> <span class='ocrx_word' id='word_1_247' title='bbox 1271 3184 1365 3267; x_wconf 79' lang='grc' dir='ltr'><strong><em>τῷ</em></strong></span> <span class='ocrx_word' id='word_1_248' title='bbox 1396 3182 1702 3267; x_wconf 82' lang='grc' dir='ltr'><strong><em>προέδρῳ</em></strong></span> <span class='ocrx_word' id='word_1_249' title='bbox 1732 3187 2095 3268; x_wconf 78' lang='grc' dir='ltr'><strong><em>γεωργίῳ</em></strong></span> <span class='ocrx_word' id='word_1_250' title='bbox 2125 3184 2229 3248; x_wconf 82' lang='grc' dir='ltr'><strong><em>καὶ</em></strong></span> <span class='ocrx_word' id='word_1_251' title='bbox 2262 3188 2670 3268; x_wconf 89' lang='grc' dir='ltr'><strong><em>κοιαίστωρι,</em></strong></span> 
     </span>
     <span class='ocr_line' id='line_1_30' title="bbox 332 3276 2675 3371; baseline -0.001 -22"><span class='ocrx_word' id='word_1_252' title='bbox 332 3283 565 3351; x_wconf 68' lang='grc' dir='ltr'><strong><em>ἔπειτα</em></strong></span> <span class='ocrx_word' id='word_1_253' title='bbox 620 3284 693 3350; x_wconf 78' lang='grc' dir='ltr'><strong><em>δὲ</em></strong></span> <span class='ocrx_word' id='word_1_254' title='bbox 734 3284 844 3349; x_wconf 82' lang='grc' dir='ltr'><strong><em>καὶ</em></strong></span> <span class='ocrx_word' id='word_1_255' title='bbox 888 3281 1073 3368; x_wconf 82' lang='grc' dir='ltr'><strong><em>παρὰ</em></strong></span> <span class='ocrx_word' id='word_1_256' title='bbox 1115 3284 1209 3369; x_wconf 74' lang='grc' dir='ltr'><strong><em>τῷ</em></strong></span> <span class='ocrx_word' id='word_1_257' title='bbox 1251 3283 1553 3370; x_wconf 35' lang='grc' dir='ltr'><strong><em>γαληνίῳ,</em></strong></span> <span class='ocrx_word' id='word_1_258' title='bbox 1574 3281 1805 3370; x_wconf 86' lang='grc' dir='ltr'><strong><em>κράτει</em></strong></span> <span class='ocrx_word' id='word_1_259' title='bbox 1846 3276 2061 3371; x_wconf 77' lang='grc' dir='ltr'><strong><em>ἡμῶν·</em></strong></span> <span class='ocrx_word' id='word_1_260' title='bbox 2127 3286 2233 3349; x_wconf 81' lang='grc' dir='ltr'><strong><em>καὶ</em></strong></span> <span class='ocrx_word' id='word_1_261' title='bbox 2281 3284 2346 3348; x_wconf 79' lang='grc' dir='ltr'><strong><em>οἱ</em></strong></span> <span class='ocrx_word' id='word_1_262' title='bbox 2388 3286 2508 3348; x_wconf 83' lang='grc' dir='ltr'><strong><em>τοῦ</em></strong></span> <span class='ocrx_word' id='word_1_263' title='bbox 2550 3278 2675 3348; x_wconf 83' lang='grc' dir='ltr'><strong><em>ἀν-</em></strong></span> 
     </span>
     <span class='ocr_line' id='line_1_31' title="bbox 328 3377 2675 3473; baseline -0 -22"><span class='ocrx_word' id='word_1_264' title='bbox 328 3390 604 3451; x_wconf 83' lang='grc' dir='ltr'><strong><em>τιθέτου</em></strong></span> <span class='ocrx_word' id='word_1_265' title='bbox 660 3388 899 3467; x_wconf 85' lang='grc' dir='ltr'><strong><em>μέρους</em></strong></span> <span class='ocrx_word' id='word_1_266' title='bbox 955 3377 1171 3449; x_wconf 77' lang='grc' dir='ltr'><strong><em>αὐτῶν</em></strong></span> <span class='ocrx_word' id='word_1_267' title='bbox 1189 3387 1229 3419; x_wconf 82' lang='lat'><strong><em>¹⁰</em></strong></span> <span class='ocrx_word' id='word_1_268' title='bbox 1280 3382 1521 3470; x_wconf 88' lang='grc' dir='ltr'><strong><em>χάρτην</em></strong></span> <span class='ocrx_word' id='word_1_269' title='bbox 1578 3383 1945 3472; x_wconf 80' lang='grc' dir='ltr'><strong><em>πρατήριον</em></strong></span> <span class='ocrx_word' id='word_1_270' title='bbox 2002 3384 2494 3473; x_wconf 80' lang='grc' dir='ltr'><strong><em>ἐμφανίζοντες,</em></strong></span> <span class='ocrx_word' id='word_1_271' title='bbox 2557 3384 2675 3451; x_wconf 83' lang='grc' dir='ltr'><strong><em>διὰ</em></strong></span> 
     </span>
    </p>
   </div>
   <div class='ocr_carea' id='block_1_4' title="bbox 331 3479 2799 3572">
    <p class='ocr_par' dir='ltr' id='par_1_5' title="bbox 331 3479 2799 3572">
     <span class='ocr_line' id='line_1_32' title="bbox 331 3479 2799 3572; baseline 0.001 -21"><span class='ocrx_word' id='word_1_272' title='bbox 331 3483 788 3571; x_wconf 86' lang='grc' dir='ltr'><strong><em>σημειώματος</em></strong></span> <span class='ocrx_word' id='word_1_273' title='bbox 831 3486 945 3570; x_wconf 85' lang='grc' dir='ltr'><strong><em>τῆς</em></strong></span> <span class='ocrx_word' id='word_1_274' title='bbox 986 3485 1330 3569; x_wconf 86' lang='grc' dir='ltr'><strong><em>βασιλείας</em></strong></span> <span class='ocrx_word' id='word_1_275' title='bbox 1370 3508 1500 3568; x_wconf 87' lang='grc' dir='ltr'><strong><em>μου</em></strong></span> <span class='ocrx_word' id='word_1_276' title='bbox 1544 3485 1661 3552; x_wconf 89' lang='grc' dir='ltr'><strong><em>τὸν</em></strong></span> <span class='ocrx_word' id='word_1_277' title='bbox 1705 3482 2075 3572; x_wconf 76' lang='grc' dir='ltr'><strong><em>ἁρμόζοντα</em></strong></span> <span class='ocrx_word' id='word_1_278' title='bbox 2104 3496 2251 3565; x_wconf 81' lang='grc' dir='ltr'><strong><em>ταῖς</em></strong></span> <span class='ocrx_word' id='word_1_279' title='bbox 2282 3479 2671 3565; x_wconf 85' lang='grc' dir='ltr'><strong><em>ἀποδείξεσι</em></strong></span> <span class='ocrx_word' id='word_1_280' title='bbox 2782 3498 2799 3512; x_wconf 86' lang='grc'><em>·</em></span> 
     </span>
    </p>
   </div>
   <div class='ocr_carea' id='block_1_5' title="bbox 327 3575 2672 4182">
    <p class='ocr_par' dir='ltr' id='par_1_6' title="bbox 327 3575 2672 4182">
     <span class='ocr_line' id='line_1_33' title="bbox 327 3575 2672 3675; baseline 0 -25"><span class='ocrx_word' id='word_1_281' title='bbox 327 3584 560 3671; x_wconf 85' lang='grc' dir='ltr'><strong><em>χρόνον</em></strong></span> <span class='ocrx_word' id='word_1_282' title='bbox 605 3584 907 3663; x_wconf 81' lang='grc' dir='ltr'><strong><em>ἐδέξαντο</em></strong></span> <span class='ocrx_word' id='word_1_283' title='bbox 955 3585 1048 3665; x_wconf 81' lang='grc' dir='ltr'><strong><em>εἰς</em></strong></span> <span class='ocrx_word' id='word_1_284' title='bbox 1087 3592 1448 3671; x_wconf 88' lang='grc' dir='ltr'><strong><em>βεβαίωσιν</em></strong></span> <span class='ocrx_word' id='word_1_285' title='bbox 1494 3575 1574 3653; x_wconf 75' lang='grc' dir='ltr'><strong><em>οὗ</em></strong></span> <span class='ocrx_word' id='word_1_286' title='bbox 1617 3587 2044 3675; x_wconf 78' lang='grc' dir='ltr'><strong><em>ἐπεφέροντο,</em></strong></span> <span class='ocrx_word' id='word_1_287' title='bbox 2090 3588 2199 3654; x_wconf 78' lang='grc' dir='ltr'><strong><em>καὶ</em></strong></span> <span class='ocrx_word' id='word_1_288' title='bbox 2245 3581 2327 3652; x_wconf 75' lang='grc' dir='ltr'><strong><em>δι’</em></strong></span> <span class='ocrx_word' id='word_1_289' title='bbox 2365 3581 2672 3672; x_wconf 84' lang='grc' dir='ltr'><strong><em>ἀντιγρα-</em></strong></span> 
     </span>
     <span class='ocr_line' id='line_1_34' title="bbox 332 3683 2669 3777; baseline 0.001 -26"><span class='ocrx_word' id='word_1_290' title='bbox 332 3690 462 3775; x_wconf 80' lang='grc' dir='ltr'><strong><em>φῆς</em></strong></span> <span class='ocrx_word' id='word_1_291' title='bbox 514 3688 632 3752; x_wconf 84' lang='grc' dir='ltr'><strong><em>τοῦ</em></strong></span> <span class='ocrx_word' id='word_1_292' title='bbox 688 3685 965 3772; x_wconf 88' lang='grc' dir='ltr'><strong><em>κράτους</em></strong></span> <span class='ocrx_word' id='word_1_293' title='bbox 1018 3683 1203 3774; x_wconf 83' lang='grc' dir='ltr'><strong><em>ἡμῶν</em></strong></span> <span class='ocrx_word' id='word_1_294' title='bbox 1270 3685 1475 3776; x_wconf 76' lang='grc' dir='ltr'><strong><em>ἄμφω</em></strong></span> <span class='ocrx_word' id='word_1_295' title='bbox 1529 3690 1615 3756; x_wconf 88' lang='grc' dir='ltr'><strong><em>τὰ</em></strong></span> <span class='ocrx_word' id='word_1_296' title='bbox 1653 3695 1816 3777; x_wconf 88' lang='grc' dir='ltr'><strong><em>μέρη</em></strong></span> <span class='ocrx_word' id='word_1_297' title='bbox 1863 3688 2034 3775; x_wconf 90' lang='grc' dir='ltr'><strong><em>πρὸς</em></strong></span> <span class='ocrx_word' id='word_1_298' title='bbox 2075 3689 2153 3755; x_wconf 87' lang='grc' dir='ltr'><strong><em>τὸ</em></strong></span> <span class='ocrx_word' id='word_1_299' title='bbox 2202 3686 2669 3775; x_wconf 88' lang='grc' dir='ltr'><strong><em>δρουγγαρικὸν</em></strong></span> 
     </span>
     <span class='ocr_line' id='line_1_35' title="bbox 330 3785 2672 3879; baseline -0.001 -22"><span class='ocrx_word' id='word_1_300' title='bbox 330 3787 749 3877; x_wconf 75' lang='grc' dir='ltr'><strong><em>δικαστήριον</em></strong></span> <span class='ocrx_word' id='word_1_301' title='bbox 794 3795 1405 3879; x_wconf 79' lang='grc' dir='ltr'><strong><em>παρεπέμφθησαν,</em></strong></span> <span class='ocrx_word' id='word_1_302' title='bbox 1453 3787 1547 3871; x_wconf 81' lang='grc' dir='ltr'><strong><em>ὥς</em></strong></span> <span class='ocrx_word' id='word_1_303' title='bbox 1589 3785 1669 3858; x_wconf 77' lang='grc' dir='ltr'><strong><em>ἀν</em></strong></span> <span class='ocrx_word' id='word_1_304' title='bbox 1714 3791 1923 3859; x_wconf 80' lang='grc' dir='ltr'><strong><em>ἐκεῖσε</em></strong></span> <span class='ocrx_word' id='word_1_305' title='bbox 1968 3791 2410 3876; x_wconf 87' lang='grc' dir='ltr'><strong><em>δοκιμασθείη</em></strong></span> <span class='ocrx_word' id='word_1_306' title='bbox 2439 3788 2523 3855; x_wconf 85' lang='grc' dir='ltr'><strong><em>τὰ</em></strong></span> <span class='ocrx_word' id='word_1_307' title='bbox 2552 3791 2672 3875; x_wconf 84' lang='grc' dir='ltr'><strong><em>τῆς</em></strong></span> 
     </span>
     <span class='ocr_line' id='line_1_36' title="bbox 331 3885 2670 3979; baseline -0 -23"><span class='ocrx_word' id='word_1_308' title='bbox 331 3888 739 3971; x_wconf 88' lang='grc' dir='ltr'><strong><em>συστάσεως,</em></strong></span> <span class='ocrx_word' id='word_1_309' title='bbox 797 3885 1106 3961; x_wconf 78' lang='grc' dir='ltr'><strong><em>κάκεῒθεν</em></strong></span> <span class='ocrx_word' id='word_1_310' title='bbox 1162 3892 1276 3959; x_wconf 85' lang='grc' dir='ltr'><strong><em>διὰ</em></strong></span> <span class='ocrx_word' id='word_1_311' title='bbox 1318 3892 1440 3972; x_wconf 84' lang='grc' dir='ltr'><strong><em>τὰς</em></strong></span> <span class='ocrx_word' id='word_1_312' title='bbox 1482 3890 1669 3979; x_wconf 81' lang='grc' dir='ltr'><strong><em>παρὰ</em></strong></span> <span class='ocrx_word' id='word_1_313' title='bbox 1710 3895 1842 3959; x_wconf 82' lang='grc' dir='ltr'><strong><em>τῶν</em></strong></span> <span class='ocrx_word' id='word_1_314' title='bbox 1886 3893 2214 3960; x_wconf 82' lang='grc' dir='ltr'><strong><em>δικαστῶν</em></strong></span> <span class='ocrx_word' id='word_1_315' title='bbox 2260 3885 2670 3978; x_wconf 88' lang='grc' dir='ltr'><strong><em>ἀναφυείσας</em></strong></span> 
     </span>
     <span class='ocr_line' id='line_1_37' title="bbox 331 3987 2670 4082; baseline 0 -25"><span class='ocrx_word' id='word_1_316' title='bbox 331 3987 739 4079; x_wconf 79' lang='grc' dir='ltr'><strong><em>ἀμφιβολίας</em></strong></span> <span class='ocrx_word' id='word_1_317' title='bbox 791 3987 909 4060; x_wconf 87' lang='grc' dir='ltr'><strong><em>κάν</em></strong></span> <span class='ocrx_word' id='word_1_318' title='bbox 965 3998 1058 4082; x_wconf 80' lang='grc' dir='ltr'><strong><em>τῷ</em></strong></span> <span class='ocrx_word' id='word_1_319' title='bbox 1104 3994 1515 4081; x_wconf 86' lang='grc' dir='ltr'><strong><em>προλαβόντι</em></strong></span> <span class='ocrx_word' id='word_1_320' title='bbox 1559 3994 1972 4082; x_wconf 84' lang='grc' dir='ltr'><strong><em>σημειώματι</em></strong></span> <span class='ocrx_word' id='word_1_321' title='bbox 2016 3997 2486 4080; x_wconf 74' lang='grc' dir='ltr'><strong><em>περιεχομένας</em></strong></span> <span class='ocrx_word' id='word_1_322' title='bbox 2531 3990 2670 4058; x_wconf 80' lang='grc' dir='ltr'><strong><em>εἷσ-</em></strong></span> 
     </span>
     <span class='ocr_line' id='line_1_38' title="bbox 333 4091 2666 4182; baseline 0.001 -25"><span class='ocrx_word' id='word_1_323' title='bbox 333 4092 629 4178; x_wconf 82' lang='grc' dir='ltr'><strong><em>αγώγιμα</em></strong></span> <span class='ocrx_word' id='word_1_324' title='bbox 671 4092 755 4160; x_wconf 82' lang='grc' dir='ltr'><strong><em>τὰ</em></strong></span> <span class='ocrx_word' id='word_1_325' title='bbox 796 4097 914 4181; x_wconf 86' lang='grc' dir='ltr'><strong><em>τῆς</em></strong></span> <span class='ocrx_word' id='word_1_326' title='bbox 956 4091 1353 4176; x_wconf 78' lang='grc' dir='ltr'><strong><em>ὑποθέσεως</em></strong></span> <span class='ocrx_word' id='word_1_327' title='bbox 1395 4095 1691 4180; x_wconf 83' lang='grc' dir='ltr'><strong><em>ἐγένοντο</em></strong></span> <span class='ocrx_word' id='word_1_328' title='bbox 1736 4095 1942 4165; x_wconf 89' lang='grc' dir='ltr'><strong><em>πάλιν</em></strong></span> <span class='ocrx_word' id='word_1_329' title='bbox 1969 4094 2144 4182; x_wconf 81' lang='grc' dir='ltr'><strong><em>πρὸς</em></strong></span> <span class='ocrx_word' id='word_1_330' title='bbox 2173 4094 2292 4182; x_wconf 86' lang='grc' dir='ltr'><strong><em>τὴν</em></strong></span> <span class='ocrx_word' id='word_1_331' title='bbox 2318 4095 2666 4180; x_wconf 87' lang='grc' dir='ltr'><strong><em>βασιλείαν</em></strong></span> 
     </span>
    </p>
   </div>
   <div class='ocr_carea' id='block_1_6' title="bbox 466 4307 971 4377">
    <p class='ocr_par' dir='ltr' id='par_1_7' title="bbox 466 4307 971 4377">
     <span class='ocr_line' id='line_1_39' title="bbox 466 4307 971 4377; baseline -0.002 -14"><span class='ocrx_word' id='word_1_332' title='bbox 466 4309 505 4340; x_wconf 79' lang='lat'><strong><em>¹⁰</em></strong></span> <span class='ocrx_word' id='word_1_333' title='bbox 541 4313 753 4377; x_wconf 78' lang='lat' dir='ltr'><strong>Legerim</strong></span> <span class='ocrx_word' id='word_1_334' title='bbox 790 4307 971 4375; x_wconf 74' lang='grc' dir='ltr'><strong><em>αὐτῆς.</em></strong></span> 
     </span>
    </p>
   </div>
  </div>
 </body>
</html>
