2900 4950
1198 248 1317 311 lmp.
1353 247 1545 300 Leonis.
2461 236 2540 298 73

128 389 720 515 ι’τνηηγερμένων
752 395 918 478 θεῷ,
963 395 1081 480 τῆς
1124 393 1195 460 δὲ
1240 395 1393 477 περὶ
1437 393 1593 472 τοὺς
1639 393 1835 517 ἱερεῖς
1860 403 2169 482 χορηγίας
2197 399 2306 464 καὶ
2334 403 2545 484 θερα-

128 503 325 575 πείας
381 491 528 578 οὐχ
586 490 854 579 ὁμοίως
896 493 1083 579 παρὰ
1126 494 1395 562 πάντων
1441 494 1589 573 οἵας
1631 519 1703 561 τε
1748 492 1947 582 ου’σης
1988 503 2331 583 γίνεσθαι,
2378 523 2544 584 συμ-

129 603 347 680 βαίνει
407 594 553 663 διὰ
601 594 731 661 τὸν
763 593 965 677 νόμον
994 594 1149 673 τοὺς
1178 591 1405 680 ὥσπερ
1438 589 1698 662 εἶπον’
1661 604 2125 683 απορωτέρους
2166 600 2339 686 πρὸς
2371 602 2544 669 ἰδιά-

136 699 387 779 ζουσαν
445 698 713 781 ἱερέων
760 691 1093 782 ἀνάληψιν
1125 690 1482 779 άμετόχους
1523 697 1644 780 μὲν
1689 690 1926 775 αὐτοὺς
1967 700 2353 780 πλειστάκις
2397 702 2543 769 δια-

134 806 361 883 μένειν
428 802 597 864 τῶν
648 803 864 863 θείων
906 803 1312 881 μυστηρίων,
1377 794 1911 883 ἀποστερεῖσθαι
1965 800 2036 866 δὲ
2089 800 2201 866 καὶ
2255 802 2340 868 τὰ
2397 803 2541 887 ἱερὰ

138 907 639 984 τεμενίσματα
671 901 805 963 τῶν
837 892 937 964 ἐπ’
975 891 1200 975 αὐτοῖς
1248 891 1652 984 ὀφειλόντων
1684 895 2026 984 ἆγιασμῶν
2056 901 2538 970 ἐπιτελεῖσθαι.

142 999 215 1067 οὗ
263 1001 408 1088 μὴν
466 993 629 1067 ἀλλ’
685 996 856 1076 εἰκὸς
899 1000 1003 1063 καὶ
1048 1003 1279 1080 μνείας
1322 998 1763 1086 ἐφισταμένης
1811 1001 2019 1068 ἐνίοτε
2060 1011 2541 1126 κεκοιμημένων

148 1097 419 1188 ἂπορίᾳ
477 1101 727 1184 ἱερέως
767 1099 884 1185 τὴν
913 1104 1288 1182 παρουσίαν
1318 1103 1435 1186 τῆς
1477 1099 1732 1187 μνήμης
1773 1104 2233 1186 παραδραμεῖν
2279 1101 2544 1192 άνιέρα-

150 1227 289 1282 τον,
342 1199 449 1282 ὥς
504 1201 583 1268 ἐκ
628 1199 868 1266 τούτου
913 1194 989 1267 οὗ
1032 1199 1272 1284 μικρὰν
1316 1211 1461 1278 τοῖς
1502 1226 1575 1267 τε
1615 1204 1876 1285 βιοῦσιν
1912 1201 2205 1270 ἐνταῦθα
2247 1209 2358 1272 καὶ
2398 1218 2544 1285 τοῖς

158 1303 272 1382 οὓς
320 1301 359 1369 ὁ
413 1304 700 1371 ἐκεῖθεν
746 1300 876 1383 ἔχει
916 1307 1062 1385 βίος
1109 1306 1491 1385 συμβαίνειν
1537 1302 1787 1389 ζημίαν.

327 1401 700 1489 ζΟρίζομεν
747 1392 881 1481 οὖν,
928 1400 1003 1468 οὐ
1047 1401 1252 1486 μόνον
1293 1402 1449 1482 τοὺς
1494 1403 1766 1491 ἑκάστης
1807 1405 2168 1492 καθολικῆς
2204 1404 2545 1492 ἐκκλησίας

168 1506 401 1591 ἱερεῖς,
456 1500 641 1571 ἀλλὰ
670 1505 777 1568 καὶ
808 1502 963 1581 τοὺς
994 1503 1281 1582 οἰκείους
1301 1507 1434 1570 τῶν
1469 1505 1728 1589 ἱερέων5
1771 1503 2043 1593 ἑκάστης
2073 1507 2283 1586 οἰκίας
2313 1505 2543 1575 ἄδειαν

168 1607 347 1689 ἔχειν
396 1606 472 1673 ἐν
522 1603 784 1682 πάσαις
824 1615 974 1682 ταῖς
1018 1605 1258 1684 οἰκίαις
1304 1606 1622 1690 ἱερᾶσθαί
1661 1632 1735 1674 τε
1762 1609 1873 1672 καὶ
1912 1619 2381 1694 μυσταγωγεῒν,
2429 1607 2543 1689 οὓς

170 1702 255 1775 ἂν
300 1706 730 1792 προσκαλεῖν
776 1706 1033 1791 αἱροῖτο
1080 1703 1117 1772 ὃ
1162 1706 1436 1794 ἑκάστης
1481 1707 1822 1789 δεσπόζων
1849 1708 2085 1794 ιοἰκίας
2128 1711 2235 1776 καὶ
2281 1709 2543 1779 διδόναι

169 1809 293 1897 τὴν
342 1809 418 1877 ἐν
465 1818 618 1887 τοῖς
664 1808 867 1893 ἱεροῖς
912 1801 1273 1894 εὗκτηρίοις
1314 1808 1614 1893 πάροδον
1654 1812 1763 1876 καὶ
1809 1810 2155 1896 ἱερατείαν.

1231 2145 1402 2208 Nov.
1445 2145 1513 2205 V.

188 2268 269 2330 Ut
312 2267 400 2340 hi,
452 2264 668 2346 quibus
710 2271 847 2345 post
888 2273 1225 2345 susceptum
1282 2263 1669 2326 monasticum
1715 2272 1929 2326 statum
1979 2266 2282 2328 facultates
2327 2286 2545 2348 suppe-

192 2375 361 2441 tunt,
424 2386 547 2428 non
592 2367 653 2427 in
699 2377 885 2428 totum
932 2366 1003 2428 de
1050 2366 1120 2427 iis
1165 2364 1363 2426 testari
1409 2364 1863 2444 prohibeantur,
1915 2367 2018 2428 sed
2063 2367 2112 2429 s'i
2159 2367 2394 2447 quidem
2440 2368 2544 2429 ali-

196 2470 341 2550 quid
388 2479 565 2530 antea
608 2467 713 2529 visi
758 2467 975 2529 fuerint
1017 2466 1283 2528 intulisse
1329 2467 1685 2528 monasterio
1744 2478 1864 2529 tum
1923 2488 2101 2548 quum
2158 2469 2215 2531 id
2274 2469 2542 2549 ingrede-

194 2581 443 2645 rentur,
507 2570 581 2629 de
625 2579 829 2649 postea
876 2567 1175 2648 acquisitis
1220 2567 1550 2629 facultatem
1594 2568 1850 2631 habeant
1906 2571 2400 2651 quemadmodum
2443 2591 2544 2631 vo·-

196 2671 421 2733 lueiint
467 2680 674 2731 cuncta
720 2668 1103 2749 disponendi3
1164 2669 1255 2730 sin
1310 2669 1476 2751 prius
1531 2670 1675 2730 nihil
1719 2670 2052 2746 intulerint,
2111 2670 2254 2752 ipsis
2307 2672 2541 2752 quidem

202 2774 275 2834 de
320 2774 500 2833 hesse
544 2771 836 2833 statuendi
879 2770 1111 2832 licentia
1159 2770 1264 2842 sit,
1328 2772 1749 2832 monasterium
1793 2791 1931 2833 vero
1986 2773 2269 2854 reliquam
2317 2784 2545 2854 partem

1015 2872 1133 2933 sive
1178 2871 1451 2935 trientem
1497 2871 1742 2952 capiat¹.
1799 2864 1806 2871 ’

1059 3022 1568 3096 AIATAZIZ
1612 3014 1688 3092 δ’.

212 3139 404 3236 Περὶ
454 3146 595 3212 τοῦ
644 3135 819 3220 τοὺς
868 3136 1055 3234 μετὰ
1105 3136 1191 3211 τὸ
1256 3136 1612 3211 ὑπελθεῖν
1669 3135 1806 3229 τὴν
1856 3134 2277 3231 μοναδικὴν
2341 3145 2548 3211 πολι-

209 3259 412 3337 τείαν
449 3253 917 3354 πραγμάτων
954 3252 1508 3351 εὐπορήσαντας
1545 3253 1648 3349 μὴ
1684 3256 2021 3327 καθόλου
2060 3252 2548 3352 ἀπείργεσθαι

209 3377 369 3471 περὶ
424 3376 685 3448 αὐτῶν
735 3372 1252 3463 διατίθεσθαι,
1306 3373 1450 3447 ἀλλ’
1514 3377 1573 3445 εἰ
1625 3370 1765 3466 μὲν
1811 3375 2194 3479 ὤφθησάν
2245 3400 2314 3443 τι
2366 3399 2549 3463 προ-

207 3492 846 3590 καταβεβλημένοι
926 3500 1035 3589 τῷ
1099 3490 1577 3588 μοναστηρίῳ
1642 3489 1834 3565 κατὰ
1898 3489 2036 3566 τὸν
2097 3489 2362 3584 καιρὸν
2428 3489 2548 3563 ὅτε

208 3619 455 3709 τούτῳ
529 3619 1079 3708 προσήρχοντο,
1168 3609 1357 3685 εἶναι
1429 3607 1704 3693 αὐτοὺς
1786 3609 1954 3704 περὶ
2013 3618 2168 3684 τῶν
2236 3608 2550 3705 ὕστερον

210 3729 868 3827 προσκατημένων
892 3735 923 3779 2
1014 3728 1318 3827 κυρίους
1391 3727 1656 3810 καθώς
1741 3732 2217 3824 προαιροῒντο
2300 3732 2550 3799 πάντα

340 3931 362 3961 ⁶
392 3934 524 3984 Bais.
561 3932 688 3987 τοῦς
725 3922 898 3997 ἱερεῖς.

338 4019 479 4068 'Est
514 4019 562 4068 in
598 4017 700 4067 Ecl.
740 4018 853 4068 Nov.
890 4018 937 4067 2.
1008 4017 1147 4067 mich.
1180 4017 1322 4067 Attal.
1357 4016 1406 4066 in
1439 4017 1562 4078 App.
1599 4013 1813 4074 (Leuncl.
1847 4012 1972 4061 JGR.
2009 4012 2049 4061 11
2085 4026 2134 4075 p.
2169 4010 2270 4073 79).
2306 4013 2468 4063 Harm.
2497 4014 2552 4073 V,

214 4102 261 4166 4,
293 4102 339 4153 3.
409 4103 549 4153 Extat
597 4117 795 4167 quoque
845 4103 892 4151 in
945 4101 1060 4151 Cod.
1095 4101 1293 4150 vindob.
1345 4101 1510 4148 histor.
1560 4113 1627 4160 gr.
1663 4099 1729 4147 48
1775 4097 1856 4145 sol.
1899 4096 1959 4145 10
1996 4111 2068 4160 sq
2142 4095 2208 4145 tbi
2256 4097 2445 4147 rubrica
2480 4097 2553 4146 in-

219 4188 455 4251 scriptioni
494 4188 822 4252 postponitur.
859 4213 921 4222 —
962 4184 1257 4247 Scrimgerus
1295 4192 1457 4234 notat:
1515 4178 1744 4249 φέρεται
1775 4175 1868 4228 καὶ
1902 4170 2035 4241 αὕτη
2073 4172 2356 4248 ἐπιγραφή
2377 4195 2389 4208 ·
2427 4175 2554 4246 περὶ

216 4271 303 4320 τοῦ
339 4267 705 4323 διατίθεσθαι
739 4264 839 4320 τὸν
869 4264 1196 4337 μονᾶσαντα
1228 4262 1305 4323 εἰς
1321 4262 1390 4317 τὰ
1408 4259 1782 4326 ἐπατηθέντα.
1841 4266 1923 4316 Sic
1947 4273 2020 4316 est
2035 4266 2085 4316 in
2105 4265 2206 4317 Ecl.
2343 4262 2365 4291 ²
2400 4263 2550 4314 Codd.

215 4368 537 4424 πεπατημ·
