2900 4950
307 224 387 285 34
1192 227 1312 278 eun.
1348 228 1387 278 1.
1457 226 1569 279 Now.
1607 228 1743 279 xxn.

308 382 498 460 στὸς
543 379 621 445 ἐν
675 377 978 462 χριστῷ
1032 370 1546 460 ἦμερότατος
1598 380 1990 461 μέγιστος
2044 369 2467 463 εὐεργέτης
2520 376 2641 444 εἰ·

305 480 633 570 ρηνικὸς
664 474 1172 560 ἆλαμανικὸς
1213 475 1613 561 γοτθικὸς
1658 474 2107 564 φραγγικὸς
2145 477 2641 563 γερμανικὸς

305 581 630 659 ἆντικὸς
673 576 1058 656 ἆλανικὸς
1100 573 1648 656 ούανδαλικὸς
1690 573 2152 665 άφρικανὸς
2203 577 2640 662 ἕρουλικὸς

303 681 748 774 γηπεδικὸς
816 676 1157 766 εὐσεβὴς
1235 672 1570 766 εὐτυχὴς
1646 678 1977 757 ενδοξος
2046 677 2381 766 νικητὴς
2448 704 2638 765 τρο-

304 789 707 867 παιοῢχος
762 779 1304 865 ἀεισέβαστος
1359 776 1814 865 αύγουστος
1868 786 2160 866 σεργίῳ
2213 783 2320 867 τῷ
2381 776 2639 879 ἆγιω-

304 888 519 974 τάτῳ
584 887 715 951 καὶ
780 880 1381 968 μακαριωτάτη)
1446 875 2076 968 ἇρχιεπισκόπῳ
2140 880 2442 1002 ταύτης
2500 885 2642 971 τῆς

393 984 890 1069 εὐδαίμονος
933 983 1257 1061 πόλεως
1300 985 1431 1049 καὶ
1479 983 2021 1068 οἶκουμενικῷ
2065 983 2549 1071 πατριάρχῃ.

475 1091 605 1154 Καὶ
650 1097 794 1165 τοῖς
837 1082 1064 1162 ἄλλοις
1104 1082 1508 1169 κατάλληλον
1549 1086 1655 1150 καὶ
1689 1080 2011 1168 ἆρμοδίαν
2043 1082 2421 1170 ἐπάγεσθαι
2455 1084 2642 1163 τάξιν

302 1189 620 1279 χρήσιμόν
663 1214 731 1254 τι
770 1189 877 1253 καὶ
925 1183 1430 1269 ἐπαινούμενον,
1496 1179 1608 1249 οἶα
1649 1187 1766 1269 τῆς
1821 1179 2133 1269 ἀμετρίας
2189 1176 2642 1271 ἐπιθολούσης

308 1287 409 1359 ἀεὶ
455 1293 563 1357 καὶ
605 1287 690 1354 τὰ
731 1289 946 1365 καλῶς
1003 1282 1173 1353 εἶναί
1213 1312 1286 1353 τε
1326 1284 1436 1352 καὶ
1480 1296 1740 1370 κρατεῖν
1787 1280 2140 1373 ὀφείλοντα
2193 1286 2645 1372 ταραττούσης

292 1420 375 1472 ,τε
418 1395 527 1457 καὶ
570 1387 982 1473 διαλυούσης,
1032 1386 1125 1464 εἷς
1169 1381 1440 1473 ἀπρεπῆ
1482 1412 1556 1453 τε
1600 1386 1927 1475 φερούσης
1971 1387 2295 1473 σύγχυσιν,
2340 1390 2446 1459 καὶ
2494 1389 2642 1453 δια-

307 1493 642 1581 φερόντως
683 1490 798 1577 τὴν
847 1487 1026 1573 ἱερὰν
1068 1487 1502 1567 κατάστασιν,
1547 1486 1627 1576 ἢν
1670 1488 1789 1555 ἐπὶ
1833 1488 2181 1577 σεμνότητι
2221 1489 2329 1555 καὶ
2376 1483 2642 1575 εὐταξίᾳ

305 1591 721 1660 συνεστῶσάν
764 1617 836 1656 τε
877 1592 984 1656 καὶ
1032 1588 1103 1668 ἐξ
1144 1584 1342 1675 ἀρχῆς
1386 1588 1454 1655 ἐκ
1483 1596 1684 1669 θείας
1710 1590 2133 1676 ἐξευρημένην
2163 1596 2485 1679 προνοίας
2516 1590 2639 1668 ε’ξω

303 1699 419 1760 τοῦ
464 1696 890 1770 καθεστῶτος
934 1686 1102 1757 εἶναι
1149 1684 1263 1755 οὐκ
1320 1687 1707 1779 ἀσύμφορον
1749 1691 1953 1775 μόνον
1999 1686 2167 1757 ἀλλὰ
2223 1692 2333 1757 καὶ
2377 1690 2642 1778 σφόδρα

305 1795 701 1880 παράλογον.
793 1787 1026 1857 οὐκοῦν
1085 1790 1352 1869 εἰκότως
1412 1795 1518 1858 καὶ
1576 1791 1661 1858 τὰ
1717 1796 1831 1859 νῦν
1898 1793 2391 1876 δοκιμασθέντα
2454 1790 2640 1876 παρὰ

303 1901 418 1984 τῆς
463 1900 580 1983 σῆς
621 1892 1130 1979 μακαριότητος,
1198 1887 1424 1977 ὀρθῶς
1467 1894 1582 1977 τῆς
1624 1919 1696 1959 τε
1740 1890 2115 1960 ἀκολούθου
2159 1892 2407 1972 τάξεως
2452 1892 2639 1959 ἐστο-

297 2002 625 2082 χασμένης
679 1997 785 2060 καὶ
842 1997 975 2059 τῶν
1020 1991 1426 2077 πραγμάτιον
1483 1988 1698 2061 αὐτῶν
1742 1997 1848 2060 καὶ
1896 1992 2126 2078 σχεδόν
2169 2018 2304 2062 που
2348 1993 2519 2078 πρὸς
2560 1992 2638 2060 τὸ

303 2098 667 2185 περιφανὲς
708 2098 826 2180 τῆς
878 2089 1236 2181 ἀμωμήτου
1294 2101 1587 2173 πίστεως
1637 2092 1821 2182 ἡμῶν
1877 2101 2269 2183 φερομένης,
2339 2089 2457 2161 οὔκ
2498 2090 2638 2160 ἇπὸ

299 2199 554 2284 τρόπου
613 2202 1065 2282 προσιέμεθα,
1126 2194 1270 2261 ἐπεὶ
1328 2197 1434 2259 καὶ
1496 2191 1532 2260 ὃ
1586 2195 1808 2262 πάντα
1856 2199 2086 2282 σοφῶς
2128 2199 2234 2263 καὶ
2278 2195 2446 2262 καλὰ
2489 2197 2637 2262 λίαν

300 2298 713 2383 καταστήσας
752 2303 967 2380 μέτρῳ
1013 2292 1146 2361 τινὶ
1188 2292 1273 2360 τὰ
1301 2292 1463 2361 ὄντα
1493 2307 1897 2381 παραγαγεῖν
1929 2292 2291 2384 εὖδόκησεν,
2339 2293 2429 2375 ὥς
2468 2297 2636 2384 μηδὲ

230 2404 235 2409 ’
303 2402 370 2465 ἓν
414 2399 624 2465 ἐνδεῖν
651 2423 718 2463 τι
746 2397 1042 2474 τούτοις3
1082 2396 1249 2482 μηδὲ
1280 2395 1671 2482 προσθήκην
1698 2397 1925 2483 ἑτέραν
1956 2398 2407 2482 ἐπιδέχεσθαι.
2479 2394 2636 2485 ἁνή-

299 2525 456 2587 γαγε
497 2500 617 2586 γὰρ
662 2495 850 2585 ἡμῖν,
907 2497 1062 2576 τοὺς
1118 2496 1186 2564 ἐν
1235 2501 1329 2583 τῷ
1373 2498 1588 2584 κλήρῳ
1646 2502 1764 2585 τῆς
1814 2492 1949 2565 κατ’
2013 2494 2211 2567 αὐτὸν
2267 2497 2634 2588 ἁγιωτάτης

297 2602 579 2688 μεγάλης
624 2600 963 2683 ἐκκλησίας
1008 2594 1555 2685 ἀναφερομένους,
1604 2594 1896 2682 ὁρῶντας
1926 2602 2020 2679 εἰς
2050 2601 2304 2688 πολλὴν
2334 2601 2631 2681 ἐξελθεῖν

300 2698 612 2786 ἀμετρίαν
666 2700 782 2767 τὸν
826 2701 957 2765 τῶν
1012 2693 1304 2784 εὖλαβῶν
1360 2707 1820 2786 πρεσβυτέρων
1876 2706 1984 2768 καὶ
2038 2705 2172 2768 τῶν
2228 2700 2444 2769 ἄλλων
2499 2705 2632 2768 τῶν

300 2803 367 2869 ἐν
413 2801 765 2888 διαφόροις
804 2807 1104 2884 βαθμοῖς
1148 2802 1494 2887 θεοφιλῶν
1537 2803 1855 2889 κληρικῶν
1899 2798 2223 2889 ἀριθμόν,
2283 2801 2456 2870 ὥστε
2496 2807 2629 2869 τῶν

295 2905 417 2988 μὲν
475 2907 937 2988 πρεσβυτέριον
1009 2899 1129 2980 τὰς
1190 2900 1599 2985 συνθρόνους
1657 2910 2220 2989 στενοχωρεῖσθαι
2275 2895 2626 2991 καθέδρας,

298 3000 469 3069 ὥστε
513 3001 833 3080 πολλάκις
861 3001 1048 3079 τινὰς
1074 3003 1179 3067 καὶ
1227 3002 1583 3081 πλείστους
1622 3007 1754 3070 τῶν
1788 3004 2140 3092 ἱερατεύειν
2172 3005 2630 3094 ἐθελησάντων

260 3138 265 3141 ’
294 3100 430 3169 ὑπὸ
483 3107 615 3170 τῶν
670 3102 804 3187 πρὸ
859 3098 1076 3168 αὐτῶν
1133 3103 1631 3186 ἐξωθουμένους
1687 3105 2110 3192 ἓρυθρῶντας
2162 3102 2464 3174 ἇπίεναι·
2521 3111 2629 3174 καὶ

294 3204 410 3292 τὴν
454 3204 687 3271 στάσιν
734 3205 805 3270 δὲ
850 3206 981 3270 τῶν
1027 3198 1319 3290 εὖλαβῶν
1349 3205 1672 3273 διακόνων
1703 3203 1951 3291 ὁμοίως
1992 3217 2136 3284 τοῖς
2178 3208 2482 3273 πλείοσιν
2515 3203 2633 3274 οὐκ

294 3300 551 3425 ἀρκεῖν·
601 3300 743 3372 εἶτα
787 3305 860 3370 δὲ
902 3303 1011 3370 καὶ
1057 3304 1512 3390 λογιζομένους
1538 3306 1624 3375 τὰ
1665 3307 2023 3393 πράγματα
2049 3310 2166 3392 τῆς
2194 3299 2394 3392 αιτῆς
2427 3291 2641 3391 ἁγιω-

291 3405 493 3490 τάτης
535 3404 875 3491 ἐκκλησίας
917 3402 1303 3473 ἐπιδόσεσιν
1330 3402 1903 3493 ὗπερβαλλούσαις
1941 3412 2459 3526 πεφορτισμένοι,
2504 3434 2631 3491 μυ·-

291 3512 470 3590 ρίαις
520 3507 640 3588 μὲν
699 3504 812 3570 διὰ
866 3503 983 3592 τὴν
1028 3502 1204 3591 ω’ρας
1257 3508 1531 3591 ἑκάστης
1591 3513 1932 3593 γινομένην
2000 3501 2231 3595 εὐσεβῆ
2297 3515 2624 3596 χορηγίαν,

294 3606 549 3688 ἑτέ-ραις
592 3606 664 3672 δὲ
706 3605 914 3673 πάλιν
959 3606 1032 3686 ἐξ
1072 3603 1543 3694 άπαραιτήτων
1589 3610 1936 3695 συνθηκῶν
1970 3611 2080 3674 καὶ
2125 3609 2465 3697 διαθηκῶν
2510 3609 2626 3676 ἅλ-

292 3706 423 3771 λων
466 3732 539 3773 τε
578 3708 685 3772 καὶ
733 3706 1074 3794 διαφόρων
1119 3709 1350 3776 αἰτιῶν
1393 3708 1810 3793 προϊούσαις·
1857 3708 1925 3776 ἐν
1967 3710 2343 3795 γράμμασιν
2388 3706 2628 3790 αὐτοὺς

288 3810 395 3872 καὶ
442 3806 839 3894 γραμμάτων
879 3814 1081 3894 χωρὶς
1126 3811 1449 3896 δεηθῆναι
1491 3811 1607 3895 τῆς
1650 3812 1770 3896 σῆς
1816 3810 2329 3897 μακαριότητος,
2385 3811 2627 3900 ταύτην

290 3910 706 3991 περιστεῖλαι
750 3908 864 3993 τὴν
909 3909 1167 3977 ἄδειαν·
1213 3904 1413 3995 αύτην
1456 3935 1529 3976 τε
1555 3921 1702 3989 τοῖς
1730 3911 2074 3997 πράγμασι
2102 3917 2218 4000 τῆς
2260 3911 2628 4002 αγιωτάτης

291 4007 630 4094 εκκλησίας
685 4005 1003 4095 εὖροῦσαν
1071 4006 1149 4075 οὗ
1215 4017 1489 4094 μετρίαν
1548 4015 1744 4078 τοῦτο
1808 4015 2214 4100 συνεισάγειν
2277 4015 2621 4104 βοήθειαν,

292 4103 640 4194 εὐκοσμίαν
684 4137 755 4176 τε
797 4113 1066 4194 μείζονα
1100 4112 1207 4177 καὶ
1253 4107 1554 4189 εὐταξίαν
1585 4118 1679 4202 τῷ
1709 4115 1921 4204 κληρῳ
1954 4123 2459 4203 προσγίνεσθαι,
2506 4116 2623 4205 τὴν

556 4259 655 4265 .-..,-
734 4259 795 4265 ,-
832 4258 1012 4269 μιῇ-..ῃ

422 4326 439 4354 ³
477 4329 613 4391 Apud
652 4328 794 4376 Vovll.
833 4322 908 4381 ὥς
937 4325 1115 4394 μηδὲν
1149 4327 1265 4381 δεῖν
1298 4331 1533 4389 τούτοις.
