2900 4950
1144 230 1265 295 Imp.
1299 230 1524 281 Heraclii.
2417 218 2500 283 43

163 378 403 466 κλησίᾳ
443 371 489 463 ἢ
530 372 876 464 εὗκτηρίῳ,
931 379 1051 444 τοῦ
1095 377 1341 443 λοιποῦ
1380 379 1583 460 χωρὶς
1621 377 1881 465 γνώμης
1920 403 1995 446 τε
2034 382 2140 446 καὶ
2185 380 2501 449 ἐπιστόλ-

162 502 374 565 ματος
436 482 556 546 τοῦ
620 478 788 545 κατὰ
850 477 1081 563 καιρὸν
1147 481 1576 562 προεστῶτος
1634 481 1752 565 τῆς
1817 473 2206 562 εὐδαίμονος
2264 481 2502 569 ταύτης

163 579 429 659 πόλεως
482 582 959 666 πατριαρχικοῦ
1013 574 1269 664 θρόνου
1324 577 1397 645 ἐν
1448 578 1825 668 οἱῳδήποτε
1879 574 2193 666 εύκτηρίῳ
2250 581 2411 667 οἴκῳ
2459 576 2503 666 ἢ

165 680 472 770 ἐκκλησίᾳ
523 686 642 769 τῆς
698 680 965 761 ἐνδόξου
1021 678 1262 766 ταύτης
1314 679 1578 759 πόλεως
1639 674 1683 769 ἢ
1742 683 1861 770 τῆς
1924 674 2124 767 αὐτῆς
2190 679 2505 766 ἐνορίας’”

161 782 728 862 κατατάττεσθαι,
772 778 816 867 ἢ
859 784 1134 866 διαρίων
1178 774 1542 859 ἀξιοῦσθαι
1583 781 1716 850 εἴτε
1758 781 1828 850 ἐκ
1869 784 2003 848 τῶν
2046 787 2258 849 θείων
2301 782 2506 851 οἴκων

162 883 299 951 εἴτε
343 883 412 951 ἐκ
452 886 572 952 τοῦ
619 878 888 968 εὖαγοῦς
932 877 1502 969 ὀρφανοτροφείου
1554 876 1600 970 ἢ
1651 887 1784 949 τῶν
1828 878 2079 968 εῦαγῶν
2121 882 2419 962 ξενώνων
2459 877 2506 969 ἢ

108 986 119 995 “
165 979 445 1070 εὖαγοῦς
498 989 943 1069 μοναστηρίου
1006 977 1050 1070 ἢ
1105 983 1176 1064 ἐξ
1228 984 1452 1069 ἑτέρου
1512 983 1920 1068 οἱουδήτινος
1974 983 2405 1104 πρωοσώπου17
2457 1009 2500 1104 η

164 1081 370 1172 ἄλλης
411 1084 723 1172 τοιαύτης
766 1083 1177 1171 διοικήσεως·
1224 1079 1393 1151 ἀλλὰ
1418 1089 1731 1170 γίνεσθαι
1757 1083 1872 1150 τὸν
1901 1086 2201 1151 τοιοῦτον
2242 1077 2285 1171 ἢ
2314 1082 2501 1169 παρὰ

158 1188 240 1273 τῇ
288 1189 373 1273 σῇ
417 1184 852 1271 μακαριότητι
891 1178 934 1273 ἢ
975 1183 1163 1270 παρὰ
1204 1188 1300 1271 τῷ
1342 1183 1511 1259 κατὰ
1563 1184 1791 1269 καιρὸν
1831 1182 2310 1269 μακαριωτάτῳ
2367 1209 2502 1250 πα-

154 1286 461 1373 τριάρχῃ,
507 1285 754 1354 ἐκεῖνον
798 1288 868 1353 δὲ
913 1284 1234 1365 ἐξετάζειν
1274 1283 1360 1351 τὰ
1401 1283 1561 1366 περὶ
1602 1288 1719 1373 τῆς
1756 1282 2117 1405 ποιότητος
2144 1287 2260 1350 τοῦ
2290 1308 2505 1369 προσ-

158 1387 396 1466 ώπου,
454 1389 562 1453 καὶ
619 1382 828 1465 οὕτως
880 1386 941 1453 εἰ
996 1386 1288 1453 συνείδοι
1338 1385 1874 1457 κατατάττεσθαι
1917 1379 2134 1452 αύτόν.
2221 1384 2387 1470 μήτε
2430 1386 2504 1453 δὲ

154 1487 468 1575 κληρικόν
521 1513 668 1554 τινα
722 1486 896 1572 πρὸς
948 1485 1211 1568 τούτοις
1262 1486 1505 1574 ταύτης
1557 1491 1676 1575 τῆς
1726 1482 2114 1572 εὐδαίμονος
2156 1487 2419 1566 πόλεως
2459 1482 2506 1574 ἢ

155 1594 278 1678 τῆς
321 1590 579 1674 ἐνορίας
621 1582 821 1673 αὐτῆς
864 1588 1265 1676 οἱανδήποτε
1288 1587 1622 1674 τάγματος
1653 1586 1814 1658 ὄντα
1855 1584 1899 1677 ἢ
1940 1593 2214 1675 βαθμοῦ
2260 1589 2355 1668 εἰς
2397 1589 2501 1657 ἐκ·

155 1692 433 1776 κλησίαν
486 1683 532 1776 ἢ
586 1683 919 1776 εῧκτήριον
983 1689 1198 1757 τόπον
1253 1691 1474 1775 ἕτερον
1533 1684 1673 1756 ἀπὸ
1725 1694 1844 1757 τοῦ
1900 1690 2235 1777 παρόντος
2297 1716 2504 1775 μετα-

159 1796 497 1878 φέρεσθαι
538 1786 582 1877 ἢ
620 1789 1157 1874 μετατάττεσθαι
1199 1789 1747 1875 ἐπιστάλματος“ι
1794 1794 1995 1875 χωρὶς
2049 1796 2166 1878 τῆς
2210 1795 2330 1878 σῆς
2370 1817 2501 1876 μα-

163 1891 577 1976 καριότητος·
644 1885 797 1958 οὐδὲ
858 1890 987 1978 μὴν
1053 1892 1121 1959 ἐν
1178 1890 1295 1957 δύο
1352 1890 1721 1978 ἐκκλησίαις
1771 1886 1815 1978 ἢ
1871 1887 2232 1978 εύκτηρίοις
2293 1893 2505 1971 οἴκοις

157 1988 313 2058 καθ’
363 1991 757 2080 οἶονδήποτε
799 1993 1053 2077 τρόπον
1095 1990 1435 2073 τετάχθαι.
1524 1990 1639 2057 τὸν
1697 1993 1771 2058 δὲ
1822 1985 2266 2076 ἀνασχόμενον
2311 1993 2501 2073 δέξα-

164 2098 337 2160 σθαι
377 2087 420 2179 ἢ
460 2092 887 2161 κατατάττειν
929 2087 971 2180 ἢ
1014 2096 1409 2178 μεταφέρειν
1451 2085 1495 2175 ἢ
1540 2097 2000 2176 καταπέμπειν
2046 2091 2200 2159 ἄνευ
2243 2092 2506 2180 γνώμης

156 2197 267 2261 καὶ
313 2194 684 2281 ἐπιτροπῆς
724 2198 840 2282 τῆς
884 2196 1002 2278 σῆς
1042 2190 1552 2277 μακαριότητος,
1600 2184 1643 2277 ἢ
1685 2193 1793 2256 καὶ
1839 2185 1980 2257 ἀπὸ
2024 2191 2364 2279 ἐκκλησίας
2408 2193 2503 2272 εἰς

158 2293 502 2382 ἐκκλησίαν
542 2301 955 2382 μεταφέρειν,
1002 2290 1044 2381 ἢ
1084 2295 1193 2360 καὶ
1239 2291 1306 2360 ἐν
1353 2291 1469 2359 δύο
1516 2291 1886 2380 ἐκκλησίαις
1926 2291 2042 2360 τὸν
2075 2285 2273 2360 αύτὸν
2300 2319 2505 2360 κατα-

155 2395 441 2478 τάττειν,
484 2402 686 2464 πέντε
724 2404 994 2483 χρυσίου
1039 2397 1279 2482 λιτρῶν
1323 2398 1527 2483 ποινῇ
1570 2390 1999 2476 ὑποκεῖσθαι,
2047 2394 2219 2481 πρὸς
2260 2399 2354 2483 τῷ
2389 2399 2500 2463 καὶ

158 2494 400 2582 ἄκυρον
457 2493 628 2566 εἶναι
682 2502 795 2566 καὶ
850 2497 1064 2585 πάντη
1083 2500 1126 2532 ¹⁰
1190 2491 1537 2582 άνίσχυρον
1599 2497 1679 2564 τὸ
1737 2492 1893 2584 παρ’
1956 2492 2159 2565 αὐτοῦ
2214 2498 2498 2584 γεγονός.

155 2601 273 2666 καὶ
315 2594 511 2668 αὐτὸν
566 2600 640 2667 δὲ
692 2598 807 2667 τὸν
864 2600 1276 2686 ἐγχειροῦντα
1332 2599 1653 2686 δεχθῆναι
1705 2594 1749 2687 ἢ
1790 2603 2235 2687 καταταγῆναι
2275 2595 2318 2686 ἢ
2360 2594 2503 2667 άπὸ

158 2700 501 2787 ἐκκλησίας
558 2701 653 2780 εἰς
713 2702 1054 2788 ἐκκλησίαν
1108 2704 1559 2789 μετατεθῆναι
1612 2694 1656 2787 ἢ
1705 2700 1774 2768 ἐν
1818 2702 1936 2768 δύο
1983 2701 2351 2789 ἐκκλησίαις
2393 2727 2506 2771 τε-

154 2800 412 2885 τάχθαι
449 2801 540 2888 μὴ
584 2801 787 2885 μόνον
833 2803 1179 2870 ἐκπίπτειν
1223 2806 1338 2889 τῆς
1382 2802 1630 2880 οἰκείας
1672 2801 2124 2891 ἐγχειρήσεως,
2180 2799 2347 2871 ἀλλὰ
2389 2807 2499 2871 καὶ

154 2905 275 2990 τῆς
332 2903 737 2987 λειτουργίας
792 2898 991 2990 αὐτῆς
1045 2903 1169 2983 ἔξω
1234 2908 1705 2969 καθίστασθαι
1757 2901 1869 2969 ἐπὶ
1927 2915 2106 2988 τρεῖς
2161 2904 2501 2984 ἐνιαυτοὺς

152 3006 271 3071 καὶ
314 3005 447 3067 τῶν
493 3001 892 3085 εἰθισμένων
938 3003 1260 3068 δίδοσθαι
1315 3001 1501 3086 παρὰ
1556 3005 1673 3086 τῆς
1724 3027 1843 3067 κατ
1907 2998 2108 3069 αὐτὸν
2161 3004 2502 3093 ἐκκλησίας

156 3107 460 3189 διαρίων,
505 3103 612 3169 καὶ
645 3100 897 3187 πρόσγε
923 3112 1291 3179 κανονικοῖς
1322 3099 1688 3200 ἐπιτιμίοις
1715 3097 2275 3186 ὑποβαλλόμενον,
2323 3107 2503 3172 δοκι-

155 3201 491 3290 μαζούσης
543 3205 754 3269 ταῦτα
820 3207 935 3291 τῆς
991 3206 1111 3290 σῆς
1171 3201 1672 3289 μακαριότητος.
1759 3204 1872 3268 καὶ
1925 3197 2164 3280 αὐτοὺς
2221 3204 2293 3270 δὲ
2348 3203 2504 3282 τοὺς

160 3306 683 3390 συλλειτουργεῒν
740 3306 1170 3391 αἱρουμένους
1223 3297 1267 3390 ἤ
1321 3304 1650 3383 δέξασθαι
1690 3300 1807 3370 τόν
1855 3301 2045 3388 παρὰ
2085 3303 2346 3392 γνώμην
2388 3308 2506 3393 τῆς

162 3410 283 3495 σῆς
323 3405 806 3494 μακαριότητος
846 3404 1445 3491 καταπεμπόμενον
1491 3404 1857 3490 ἐπιτιμίοις
1909 3400 2158 3489 ὁμοίως
2202 3402 2504 3496 ὑποβάλ-

162 3509 423 3587 λεσθαι,
473 3504 633 3586 053„
676 3502 754 3574 ἂν
796 3503 836 3595 ἡ
884 3507 965 3597 σὴ
1012 3506 1334 3595 δοκιμάσῃ
1378 3506 1798 3596 μακαριότης.

330 3607 995 3698 Παραφυλαττόντων
1053 3609 1362 3696 διηνεκῶς
1415 3609 1500 3677 τὰ
1555 3609 1991 3697 παραστάντα
2013 3605 2209 3730 Ηῆμῒν
2233 3613 2345 3677 καὶ
2388 3610 2501 3677 διὰ

161 3710 355 3777 τοῦδε
396 3712 514 3775 τοῦ
556 3715 753 3777 θείου
798 3709 1163 3797 δηλούμενα
1204 3717 1662 3796 πραγματικοῦ
1707 3712 1924 3778 τύπου
1966 3715 2082 3795 τῆς
2126 3714 2247 3798 σῆς
2289 3736 2502 3794 μακα·

163 3810 466 3899 ριότητος
507 3816 617 3878 καὶ
659 3814 790 3876 τῶν
832 3805 967 3894 μετ’
1017 3806 1217 3899 αὐτὴν
1246 3810 1361 3878 τὸν
1391 3815 1507 3897 τῆς
1552 3808 1939 3896 εὐδαίμονος
1943 3810 2212 3931 ταύτης
2241 3810 2504 3888 πόλεως

162 3911 635 3999 πατριαρχικὸν
679 3912 1335 4000 παραλαμβανόντων
1386 3911 1672 3998 θρόνον,
1728 3916 1838 3979 καὶ
1880 3915 2014 3978 τῶν
2059 3909 2501 3996 προεστώτων

296 4081 336 4111 ¹⁸
371 4085 523 4135 Verba
559 4082 653 4143 τῆς
686 4077 909 4141 ἐνδόξου
930 4078 1233 4151 -ἐνορὶας
1265 4085 1394 4149 apud
1430 4084 1576 4134 Voell.
1615 4085 1707 4133 hoc
1742 4084 1849 4133 loco
1886 4083 2233 4149 desiderantur,
2270 4093 2316 4135 et
2341 4087 2500 4135 minus

165 4177 275 4233 apte
308 4167 454 4232 paulo
490 4175 599 4218 ante
635 4175 745 4231 post
778 4159 1044 4238 εῦκτηρίῳ
1080 4170 1239 4233 posita
1273 4178 1401 4220 sunt.
1579 4166 1614 4194 '⁷
1652 4169 1851 4220 Verbum
1886 4164 2184 4235 προσώπου
2220 4171 2364 4221 voell.
2403 4187 2500 4221 non

164 4254 325 4304 habet.
396 4252 467 4302 Cf.
504 4266 648 4316 supra
684 4261 783 4303 not.
824 4253 902 4304 10.
1097 4252 1137 4281 ¹⁸
1173 4254 1319 4304 Voell.
1354 4245 1739 4319 ἐπιτάγματος.
1949 4252 1988 4281 ¹⁹
2022 4256 2167 4305 Voell.
2202 4250 2493 4309 παντοίως.

164 4333 206 4362 ²⁰
241 4336 386 4387 Voell.
422 4327 509 4389 ὥς.
