<?xml version="1.0" encoding="UTF-8"?>
<!DOCTYPE html PUBLIC "-//W3C//DTD XHTML 1.0 Transitional//EN"
    "http://www.w3.org/TR/xhtml1/DTD/xhtml1-transitional.dtd">
<html xmlns="http://www.w3.org/1999/xhtml" xml:lang="en" lang="en">
 <head>
  <title>
</title>
<meta http-equiv="Content-Type" content="text/html;charset=utf-8" />
  <meta name='ocr-system' content='tesseract 3.04.00' />
  <meta name='ocr-capabilities' content='ocr_page ocr_carea ocr_par ocr_line ocrx_word'/>
</head>
<body>
  <div class='ocr_page' id='page_1' title='image "./jusgraecoromanu00linggoog_0052.png"; bbox 0 0 2900 4950; ppageno 0'>
   <div class='ocr_carea' id='block_1_1' title="bbox 352 213 1835 275">
    <p class='ocr_par' dir='ltr' id='par_1_1' title="bbox 352 213 1835 275">
     <span class='ocr_line' id='line_1_1' title="bbox 352 213 1835 275; baseline -0.002 -1"><span class='ocrx_word' id='word_1_1' title='bbox 352 213 431 275; x_wconf 78' lang='grc'>14</span> <span class='ocrx_word' id='word_1_2' title='bbox 1213 225 1332 275; x_wconf 76' lang='lat' dir='ltr'>con.</span> <span class='ocrx_word' id='word_1_3' title='bbox 1372 226 1406 274; x_wconf 87' lang='grc' dir='ltr'>ι.</span> <span class='ocrx_word' id='word_1_4' title='bbox 1477 223 1590 273; x_wconf 67' lang='lat' dir='ltr'>mov.</span> <span class='ocrx_word' id='word_1_5' title='bbox 1628 223 1701 273; x_wconf 79' lang='lat' dir='ltr'>vt.</span> <span class='ocrx_word' id='word_1_6' title='bbox 1742 223 1835 272; x_wconf 87' lang='lat' dir='ltr'>vn.</span> 
     </span>
    </p>
   </div>
   <div class='ocr_carea' id='block_1_2' title="bbox 339 373 2702 3800">
    <p class='ocr_par' dir='ltr' id='par_1_2' title="bbox 344 373 2702 1957">
     <span class='ocr_line' id='line_1_2' title="bbox 348 373 2696 457; baseline -0.002 -18"><span class='ocrx_word' id='word_1_7' title='bbox 348 393 736 457; x_wconf 77' lang='lat' dir='ltr'><strong>properamus</strong></span> <span class='ocrx_word' id='word_1_8' title='bbox 782 393 1094 445; x_wconf 84' lang='lat' dir='ltr'>renovare,</span> <span class='ocrx_word' id='word_1_9' title='bbox 1158 385 1374 454; x_wconf 87' lang='lat' dir='ltr'>quanta</span> <span class='ocrx_word' id='word_1_10' title='bbox 1434 374 1493 435; x_wconf 87' lang='lat' dir='ltr'>in</span> <span class='ocrx_word' id='word_1_11' title='bbox 1554 373 1697 435; x_wconf 88' lang='lat' dir='ltr'>locis</span> <span class='ocrx_word' id='word_1_12' title='bbox 1755 374 2104 454; x_wconf 80' lang='lat' dir='ltr'><strong>opportunis</strong></span> <span class='ocrx_word' id='word_1_13' title='bbox 2158 382 2298 435; x_wconf 83' lang='lat' dir='ltr'>sunt</span> <span class='ocrx_word' id='word_1_14' title='bbox 2343 375 2696 447; x_wconf 85' lang='lat' dir='ltr'>necessaria,</span> 
     </span>
     <span class='ocr_line' id='line_1_3' title="bbox 347 473 2702 556; baseline -0.001 -17"><span class='ocrx_word' id='word_1_15' title='bbox 347 487 407 540; x_wconf 83' lang='lat' dir='ltr'>et</span> <span class='ocrx_word' id='word_1_16' title='bbox 451 477 701 539; x_wconf 79' lang='lat' dir='ltr'>maxime</span> <span class='ocrx_word' id='word_1_17' title='bbox 746 494 854 556; x_wconf 91' lang='lat' dir='ltr'>pro</span> <span class='ocrx_word' id='word_1_18' title='bbox 898 475 1133 538; x_wconf 88' lang='lat' dir='ltr'>tributis</span> <span class='ocrx_word' id='word_1_19' title='bbox 1177 485 1353 554; x_wconf 89' lang='lat' dir='ltr'>atque</span> <span class='ocrx_word' id='word_1_20' title='bbox 1400 474 1715 548; x_wconf 87' lang='lat' dir='ltr'>reditibus,</span> <span class='ocrx_word' id='word_1_21' title='bbox 1767 476 1897 537; x_wconf 89' lang='lat' dir='ltr'>sine</span> <span class='ocrx_word' id='word_1_22' title='bbox 1941 474 2155 555; x_wconf 84' lang='lat' dir='ltr'>quibus</span> <span class='ocrx_word' id='word_1_23' title='bbox 2200 473 2561 555; x_wconf 82' lang='lat' dir='ltr'>impossibile</span> <span class='ocrx_word' id='word_1_24' title='bbox 2604 486 2702 537; x_wconf 89' lang='lat' dir='ltr'>est</span> 
     </span>
     <span class='ocr_line' id='line_1_4' title="bbox 346 575 2696 659; baseline -0.001 -20"><span class='ocrx_word' id='word_1_25' title='bbox 346 576 565 659; x_wconf 88' lang='lat' dir='ltr'>aliquid</span> <span class='ocrx_word' id='word_1_26' title='bbox 598 595 771 656; x_wconf 84' lang='lat' dir='ltr'>agere</span> <span class='ocrx_word' id='word_1_27' title='bbox 817 596 1188 657; x_wconf 81' lang='lat' dir='ltr'>prospemm.</span> <span class='ocrx_word' id='word_1_28' title='bbox 1278 575 1583 655; x_wconf 84' lang='lat' dir='ltr'>Suggessit</span> <span class='ocrx_word' id='word_1_29' title='bbox 1609 585 1803 638; x_wconf 88' lang='lat' dir='ltr'>autem</span> <span class='ocrx_word' id='word_1_30' title='bbox 1847 585 1944 637; x_wconf 88' lang='lat' dir='ltr'>tua</span> <span class='ocrx_word' id='word_1_31' title='bbox 1976 577 2338 657; x_wconf 75' lang='lat' dir='ltr'>magnitudo,</span> <span class='ocrx_word' id='word_1_32' title='bbox 2385 575 2696 637; x_wconf 79' lang='lat' dir='ltr'>maximam</span> 
     </span>
     <span class='ocr_line' id='line_1_5' title="bbox 347 676 2700 760; baseline -0.001 -19"><span class='ocrx_word' id='word_1_33' title='bbox 347 688 573 760; x_wconf 83' lang='lat' dir='ltr'>partem</span> <span class='ocrx_word' id='word_1_34' title='bbox 621 697 1032 758; x_wconf 87' lang='lat' dir='ltr'>possessorum</span> <span class='ocrx_word' id='word_1_35' title='bbox 1078 677 1382 738; x_wconf 77' lang='lat' dir='ltr'><strong>Africanae</strong></span> <span class='ocrx_word' id='word_1_36' title='bbox 1427 676 1760 756; x_wconf 87' lang='lat' dir='ltr'>provinciae</span> <span class='ocrx_word' id='word_1_37' title='bbox 1791 678 2063 758; x_wconf 83' lang='lat' dir='ltr'>precihus</span> <span class='ocrx_word' id='word_1_38' title='bbox 2108 677 2232 738; x_wconf 86' lang='lat' dir='ltr'>suis</span> <span class='ocrx_word' id='word_1_39' title='bbox 2275 676 2546 739; x_wconf 88' lang='lat' dir='ltr'>intimare</span> <span class='ocrx_word' id='word_1_40' title='bbox 2591 678 2700 739; x_wconf 89' lang='lat' dir='ltr'>de-</span> 
     </span>
     <span class='ocr_line' id='line_1_6' title="bbox 347 778 2701 860; baseline -0.001 -17"><span class='ocrx_word' id='word_1_41' title='bbox 347 780 567 843; x_wconf 88' lang='lat' dir='ltr'>solatos</span> <span class='ocrx_word' id='word_1_42' title='bbox 614 799 786 858; x_wconf 78' lang='lat' dir='ltr'>agros</span> <span class='ocrx_word' id='word_1_43' title='bbox 830 778 1206 853; x_wconf 79' lang='lat' dir='ltr'>remansisse,</span> <span class='ocrx_word' id='word_1_44' title='bbox 1252 796 1432 858; x_wconf 80' lang='lat' dir='ltr'>quum</span> <span class='ocrx_word' id='word_1_45' title='bbox 1478 778 1669 840; x_wconf 87' lang='lat' dir='ltr'>divina</span> <span class='ocrx_word' id='word_1_46' title='bbox 1716 778 1847 840; x_wconf 79' lang='lat' dir='ltr'>lex&#39;</span> <span class='ocrx_word' id='word_1_47' title='bbox 1889 778 2252 860; x_wconf 84' lang='lat' dir='ltr'>promulgata</span> <span class='ocrx_word' id='word_1_48' title='bbox 2284 778 2508 850; x_wconf 80' lang='lat' dir='ltr'>fuisset,</span> <span class='ocrx_word' id='word_1_49' title='bbox 2553 799 2701 840; x_wconf 90' lang='lat' dir='ltr'>con-</span> 
     </span>
     <span class='ocr_line' id='line_1_7' title="bbox 346 878 2697 960; baseline -0.001 -16"><span class='ocrx_word' id='word_1_50' title='bbox 346 883 600 944; x_wconf 88' lang='lat' dir='ltr'>stituens</span> <span class='ocrx_word' id='word_1_51' title='bbox 643 889 874 943; x_wconf 86' lang='lat' dir='ltr'>creatos</span> <span class='ocrx_word' id='word_1_52' title='bbox 918 899 989 942; x_wconf 82' lang='lat' dir='ltr'>ex</span> <span class='ocrx_word' id='word_1_53' title='bbox 1042 878 1224 941; x_wconf 85' lang='lat' dir='ltr'>libera</span> <span class='ocrx_word' id='word_1_54' title='bbox 1284 889 1469 942; x_wconf 83' lang='lat' dir='ltr'>matre</span> <span class='ocrx_word' id='word_1_55' title='bbox 1527 889 1588 942; x_wconf 90' lang='lat' dir='ltr'>et</span> <span class='ocrx_word' id='word_1_56' title='bbox 1639 881 2001 960; x_wconf 81' lang='lat' dir='ltr'>adscriptitia</span> <span class='ocrx_word' id='word_1_57' title='bbox 2047 880 2256 942; x_wconf 83' lang='lat' dir='ltr'>marito</span> <span class='ocrx_word' id='word_1_58' title='bbox 2302 879 2518 942; x_wconf 88' lang='lat' dir='ltr'>liberos</span> <span class='ocrx_word' id='word_1_59' title='bbox 2561 901 2697 943; x_wconf 89' lang='lat' dir='ltr'>esse</span> 
     </span>
     <span class='ocr_line' id='line_1_8' title="bbox 347 980 2700 1063; baseline -0 -19"><span class='ocrx_word' id='word_1_60' title='bbox 347 983 531 1063; x_wconf 88' lang='lat' dir='ltr'>(quod</span> <span class='ocrx_word' id='word_1_61' title='bbox 577 981 934 1043; x_wconf 85' lang='lat' dir='ltr'>contrarium</span> <span class='ocrx_word' id='word_1_62' title='bbox 979 990 1071 1044; x_wconf 89' lang='lat' dir='ltr'>est</span> <span class='ocrx_word' id='word_1_63' title='bbox 1113 981 1340 1061; x_wconf 81' lang='lat' dir='ltr'>legibus</span> <span class='ocrx_word' id='word_1_64' title='bbox 1384 980 1673 1063; x_wconf 74' lang='lat' dir='ltr'><strong>antiquis,</strong></span> <span class='ocrx_word' id='word_1_65' title='bbox 1739 1000 1919 1062; x_wconf 84' lang='lat' dir='ltr'>qnam</span> <span class='ocrx_word' id='word_1_66' title='bbox 1966 981 2097 1044; x_wconf 88' lang='lat' dir='ltr'>illae</span> <span class='ocrx_word' id='word_1_67' title='bbox 2143 981 2448 1043; x_wconf 77' lang='lat' dir='ltr'>manifeste</span> <span class='ocrx_word' id='word_1_68' title='bbox 2491 984 2700 1043; x_wconf 86' lang='lat' dir='ltr'>decre·</span> 
     </span>
     <span class='ocr_line' id='line_1_9' title="bbox 347 1081 2700 1163; baseline -0 -18"><span class='ocrx_word' id='word_1_69' title='bbox 347 1093 573 1157; x_wconf 84' lang='lat' dir='ltr'>verunt,</span> <span class='ocrx_word' id='word_1_70' title='bbox 620 1084 794 1145; x_wconf 86' lang='lat' dir='ltr'>talem</span> <span class='ocrx_word' id='word_1_71' title='bbox 841 1082 1102 1145; x_wconf 85' lang='lat' dir='ltr'>sobolem</span> <span class='ocrx_word' id='word_1_72' title='bbox 1150 1083 1571 1163; x_wconf 88' lang='lat' dir='ltr'>adscriptitiam</span> <span class='ocrx_word' id='word_1_73' title='bbox 1606 1084 1794 1157; x_wconf 84' lang='lat' dir='ltr'>esse):</span> <span class='ocrx_word' id='word_1_74' title='bbox 1842 1103 1913 1144; x_wconf 84' lang='lat' dir='ltr'>ex</span> <span class='ocrx_word' id='word_1_75' title='bbox 1943 1083 2056 1144; x_wconf 89' lang='lat' dir='ltr'>hac</span> <span class='ocrx_word' id='word_1_76' title='bbox 2084 1082 2240 1144; x_wconf 90' lang='lat' dir='ltr'>enim</span> <span class='ocrx_word' id='word_1_77' title='bbox 2271 1081 2501 1145; x_wconf 91' lang='lat' dir='ltr'>licentia</span> <span class='ocrx_word' id='word_1_78' title='bbox 2535 1083 2638 1145; x_wconf 84' lang='lat' dir='ltr'>filii</span> <span class='ocrx_word' id='word_1_79' title='bbox 2661 1089 2700 1126; x_wconf 84' lang='grc'>*</span> 
     </span>
     <span class='ocr_line' id='line_1_10' title="bbox 347 1184 2698 1266; baseline -0 -19"><span class='ocrx_word' id='word_1_80' title='bbox 347 1185 844 1264; x_wconf 72' lang='lat' dir='ltr'>adscriptitiorum</span> <span class='ocrx_word' id='word_1_81' title='bbox 891 1184 1148 1266; x_wconf 85' lang='lat' dir='ltr'>praedia,</span> <span class='ocrx_word' id='word_1_82' title='bbox 1196 1184 1254 1245; x_wconf 92' lang='lat' dir='ltr'>in</span> <span class='ocrx_word' id='word_1_83' title='bbox 1303 1185 1518 1264; x_wconf 90' lang='lat' dir='ltr'>quibus</span> <span class='ocrx_word' id='word_1_84' title='bbox 1563 1184 1684 1246; x_wconf 89' lang='lat' dir='ltr'>nati</span> <span class='ocrx_word' id='word_1_85' title='bbox 1730 1195 1887 1261; x_wconf 67' lang='lat' dir='ltr'>synt,</span> <span class='ocrx_word' id='word_1_86' title='bbox 1933 1184 2311 1259; x_wconf 77' lang='lat' dir='ltr'>dimittenteS,</span> <span class='ocrx_word' id='word_1_87' title='bbox 2357 1195 2416 1246; x_wconf 89' lang='lat' dir='ltr'>et</span> <span class='ocrx_word' id='word_1_88' title='bbox 2457 1184 2516 1245; x_wconf 91' lang='lat' dir='ltr'>in</span> <span class='ocrx_word' id='word_1_89' title='bbox 2563 1184 2698 1246; x_wconf 85' lang='lat' dir='ltr'>aliis</span> 
     </span>
     <span class='ocr_line' id='line_1_11' title="bbox 345 1285 2694 1365; baseline -0.001 -16"><span class='ocrx_word' id='word_1_90' title='bbox 345 1287 679 1350; x_wconf 79' lang='lat' dir='ltr'>habitantes</span> <span class='ocrx_word' id='word_1_91' title='bbox 737 1285 914 1359; x_wconf 87' lang='lat' dir='ltr'>locis,</span> <span class='ocrx_word' id='word_1_92' title='bbox 979 1295 1097 1347; x_wconf 88' lang='lat' dir='ltr'>tam</span> <span class='ocrx_word' id='word_1_93' title='bbox 1156 1287 1361 1346; x_wconf 80' lang='lat' dir='ltr'>[iseum</span> <span class='ocrx_word' id='word_1_94' title='bbox 1422 1303 1598 1364; x_wconf 89' lang='lat' dir='ltr'>quam</span> <span class='ocrx_word' id='word_1_95' title='bbox 1657 1286 1929 1347; x_wconf 88' lang='lat' dir='ltr'>dominos</span> <span class='ocrx_word' id='word_1_96' title='bbox 1974 1285 2347 1365; x_wconf 88' lang='lat' dir='ltr'>praediorum</span> <span class='ocrx_word' id='word_1_97' title='bbox 2406 1286 2694 1348; x_wconf 88' lang='lat' dir='ltr'>minuere.</span> 
     </span>
     <span class='ocr_line' id='line_1_12' title="bbox 346 1386 2693 1467; baseline -0.001 -17"><span class='ocrx_word' id='word_1_98' title='bbox 346 1388 423 1451; x_wconf 90' lang='lat' dir='ltr'>Et</span> <span class='ocrx_word' id='word_1_99' title='bbox 465 1390 613 1451; x_wconf 89' lang='lat' dir='ltr'>haec</span> <span class='ocrx_word' id='word_1_100' title='bbox 657 1389 923 1450; x_wconf 88' lang='lat' dir='ltr'>dicentes</span> <span class='ocrx_word' id='word_1_101' title='bbox 966 1386 1444 1466; x_wconf 84' lang='lat' dir='ltr'>supplicaverunt</span> <span class='ocrx_word' id='word_1_102' title='bbox 1484 1386 1780 1465; x_wconf 81' lang='lat' dir='ltr'>corrigere</span> <span class='ocrx_word' id='word_1_103' title='bbox 1823 1386 1938 1449; x_wconf 88' lang='lat' dir='ltr'>hoc</span> <span class='ocrx_word' id='word_1_104' title='bbox 1971 1386 2314 1467; x_wconf 74' lang='lat' dir='ltr'>capitulum-</span> <span class='ocrx_word' id='word_1_105' title='bbox 2334 1389 2486 1467; x_wconf 90' lang='lat' dir='ltr'>apud</span> <span class='ocrx_word' id='word_1_106' title='bbox 2535 1387 2693 1449; x_wconf 86' lang='lat' dir='ltr'>illam</span> 
     </span>
     <span class='ocr_line' id='line_1_13' title="bbox 345 1487 2693 1570; baseline -0 -19"><span class='ocrx_word' id='word_1_107' title='bbox 345 1489 727 1570; x_wconf 83' lang='lat' dir='ltr'>provinciam,</span> <span class='ocrx_word' id='word_1_108' title='bbox 774 1489 925 1551; x_wconf 89' lang='lat' dir='ltr'>sicut</span> <span class='ocrx_word' id='word_1_109' title='bbox 968 1496 1028 1549; x_wconf 90' lang='lat' dir='ltr'>et</span> <span class='ocrx_word' id='word_1_110' title='bbox 1070 1497 1239 1568; x_wconf 88' lang='lat' dir='ltr'>pater</span> <span class='ocrx_word' id='word_1_111' title='bbox 1270 1496 1473 1549; x_wconf 90' lang='lat' dir='ltr'>noster</span> <span class='ocrx_word' id='word_1_112' title='bbox 1502 1489 1833 1567; x_wconf 79' lang='lat' dir='ltr'>praedictae</span> <span class='ocrx_word' id='word_1_113' title='bbox 1864 1487 2007 1567; x_wconf 88' lang='lat' dir='ltr'>legis</span> <span class='ocrx_word' id='word_1_114' title='bbox 2039 1489 2187 1550; x_wconf 91' lang='lat' dir='ltr'>lator</span> <span class='ocrx_word' id='word_1_115' title='bbox 2215 1489 2275 1550; x_wconf 92' lang='lat' dir='ltr'>in</span> <span class='ocrx_word' id='word_1_116' title='bbox 2309 1489 2693 1568; x_wconf 80' lang='lat' dir='ltr'>Illyricianam</span> 
     </span>
     <span class='ocr_line' id='line_1_14' title="bbox 347 1588 2696 1671; baseline 0 -20"><span class='ocrx_word' id='word_1_117' title='bbox 347 1590 705 1671; x_wconf 83' lang='lat' dir='ltr'>provinciam</span> <span class='ocrx_word' id='word_1_118' title='bbox 752 1591 918 1663; x_wconf 79' lang='lat' dir='ltr'>fecit,</span> <span class='ocrx_word' id='word_1_119' title='bbox 965 1588 1367 1652; x_wconf 79' lang='lat' dir='ltr'>constituens³</span> <span class='ocrx_word' id='word_1_120' title='bbox 1411 1588 1592 1663; x_wconf 86' lang='lat' dir='ltr'>filios,</span> <span class='ocrx_word' id='word_1_121' title='bbox 1652 1591 1749 1670; x_wconf 91' lang='lat' dir='ltr'>qui</span> <span class='ocrx_word' id='word_1_122' title='bbox 1797 1600 2122 1651; x_wconf 88' lang='lat' dir='ltr'>nascuntur</span> <span class='ocrx_word' id='word_1_123' title='bbox 2164 1610 2235 1652; x_wconf 85' lang='lat' dir='ltr'>ex</span> <span class='ocrx_word' id='word_1_124' title='bbox 2279 1590 2457 1651; x_wconf 85' lang='lat' dir='ltr'>libera</span> <span class='ocrx_word' id='word_1_125' title='bbox 2505 1599 2696 1652; x_wconf 87' lang='lat' dir='ltr'>matre</span> 
     </span>
     <span class='ocr_line' id='line_1_15' title="bbox 347 1690 2694 1773; baseline 0 -20"><span class='ocrx_word' id='word_1_126' title='bbox 347 1702 524 1772; x_wconf 87' lang='lat' dir='ltr'>atque</span> <span class='ocrx_word' id='word_1_127' title='bbox 569 1691 931 1773; x_wconf 83' lang='lat' dir='ltr'>adscriptitio</span> <span class='ocrx_word' id='word_1_128' title='bbox 976 1701 1172 1771; x_wconf 86' lang='lat' dir='ltr'>patre,</span> <span class='ocrx_word' id='word_1_129' title='bbox 1237 1690 1454 1752; x_wconf 85' lang='lat' dir='ltr'>liberos</span> <span class='ocrx_word' id='word_1_130' title='bbox 1511 1709 1643 1753; x_wconf 85' lang='lat' dir='ltr'>esse</span> <span class='ocrx_word' id='word_1_131' title='bbox 1700 1711 1834 1752; x_wconf 91' lang='lat' dir='ltr'>cum</span> <span class='ocrx_word' id='word_1_132' title='bbox 1890 1692 2014 1754; x_wconf 89' lang='lat' dir='ltr'>suis</span> <span class='ocrx_word' id='word_1_133' title='bbox 2066 1692 2288 1765; x_wconf 77' lang='lat' dir='ltr'>rebuS,</span> <span class='ocrx_word' id='word_1_134' title='bbox 2333 1692 2436 1753; x_wconf 92' lang='lat' dir='ltr'>sed</span> <span class='ocrx_word' id='word_1_135' title='bbox 2491 1701 2694 1754; x_wconf 88' lang='lat' dir='ltr'>tamen</span> 
     </span>
     <span class='ocr_line' id='line_1_16' title="bbox 346 1791 2694 1874; baseline 0.001 -20"><span class='ocrx_word' id='word_1_136' title='bbox 346 1794 608 1868; x_wconf 80' lang='lat' dir='ltr'>colonoS,</span> <span class='ocrx_word' id='word_1_137' title='bbox 656 1802 720 1855; x_wconf 92' lang='lat' dir='ltr'>ut</span> <span class='ocrx_word' id='word_1_138' title='bbox 764 1813 882 1855; x_wconf 91' lang='lat' dir='ltr'>non</span> <span class='ocrx_word' id='word_1_139' title='bbox 928 1793 1101 1854; x_wconf 89' lang='lat' dir='ltr'>liceat</span> <span class='ocrx_word' id='word_1_140' title='bbox 1144 1791 1411 1867; x_wconf 87' lang='lat' dir='ltr'>terrulas,</span> <span class='ocrx_word' id='word_1_141' title='bbox 1460 1792 1556 1853; x_wconf 90' lang='lat' dir='ltr'>ubi</span> <span class='ocrx_word' id='word_1_142' title='bbox 1605 1792 1724 1854; x_wconf 91' lang='lat' dir='ltr'>nati</span> <span class='ocrx_word' id='word_1_143' title='bbox 1771 1803 1928 1868; x_wconf 87' lang='lat' dir='ltr'>sunt,</span> <span class='ocrx_word' id='word_1_144' title='bbox 1975 1793 2310 1874; x_wconf 84' lang='lat' dir='ltr'>relinquere</span> <span class='ocrx_word' id='word_1_145' title='bbox 2353 1803 2413 1855; x_wconf 90' lang='lat' dir='ltr'>et</span> <span class='ocrx_word' id='word_1_146' title='bbox 2467 1792 2694 1856; x_wconf 87' lang='lat' dir='ltr'>alienas</span> 
     </span>
     <span class='ocr_line' id='line_1_17' title="bbox 344 1895 558 1957; baseline -0.005 0"><span class='ocrx_word' id='word_1_147' title='bbox 344 1895 558 1957; x_wconf 90' lang='lat' dir='ltr'>colere.</span> 
     </span>
    </p>

    <p class='ocr_par' dir='ltr' id='par_1_3' title="bbox 344 1995 2697 2883">
     <span class='ocr_line' id='line_1_18' title="bbox 529 1995 2691 2075; baseline 0 -18"><span class='ocrx_word' id='word_1_148' title='bbox 529 2001 575 2058; x_wconf 91' lang='grc'>1.</span> <span class='ocrx_word' id='word_1_149' title='bbox 605 1996 707 2056; x_wconf 85' lang='lat' dir='ltr'>His</span> <span class='ocrx_word' id='word_1_150' title='bbox 731 1995 908 2075; x_wconf 87' lang='lat' dir='ltr'>igitur</span> <span class='ocrx_word' id='word_1_151' title='bbox 930 2003 1164 2056; x_wconf 87' lang='lat' dir='ltr'>nostrae</span> <span class='ocrx_word' id='word_1_152' title='bbox 1188 1995 1488 2056; x_wconf 86' lang='lat' dir='ltr'>serenitati</span> <span class='ocrx_word' id='word_1_153' title='bbox 1521 1995 1895 2074; x_wconf 84' lang='lat' dir='ltr'>suggestione</span> <span class='ocrx_word' id='word_1_154' title='bbox 1926 2005 2022 2057; x_wconf 89' lang='lat' dir='ltr'>tua</span> <span class='ocrx_word' id='word_1_155' title='bbox 2048 1995 2265 2067; x_wconf 82' lang='lat' dir='ltr'>relatis,</span> <span class='ocrx_word' id='word_1_156' title='bbox 2292 1997 2691 2058; x_wconf 88' lang='lat' dir='ltr'>necessarium</span> 
     </span>
     <span class='ocr_line' id='line_1_19' title="bbox 346 2096 2696 2178; baseline 0 -20"><span class='ocrx_word' id='word_1_157' title='bbox 346 2115 480 2159; x_wconf 88' lang='lat' dir='ltr'>esse</span> <span class='ocrx_word' id='word_1_158' title='bbox 546 2097 955 2178; x_wconf 83' lang='lat' dir='ltr'>perspeximus</span> <span class='ocrx_word' id='word_1_159' title='bbox 1016 2116 1394 2177; x_wconf 86' lang='lat' dir='ltr'>possessores</span> <span class='ocrx_word' id='word_1_160' title='bbox 1461 2096 1758 2177; x_wconf 82' lang='lat' dir='ltr'>subjectos</span> <span class='ocrx_word' id='word_1_161' title='bbox 1822 2108 2057 2159; x_wconf 88' lang='lat' dir='ltr'>nostros</span> <span class='ocrx_word' id='word_1_162' title='bbox 2121 2107 2296 2178; x_wconf 85' lang='lat' dir='ltr'>atque</span> <span class='ocrx_word' id='word_1_163' title='bbox 2360 2098 2696 2159; x_wconf 77' lang='lat' dir='ltr'>functiones</span> 
     </span>
     <span class='ocr_line' id='line_1_20' title="bbox 345 2198 2696 2280; baseline 0 -20"><span class='ocrx_word' id='word_1_164' title='bbox 345 2199 612 2279; x_wconf 86' lang='lat' dir='ltr'>publicas</span> <span class='ocrx_word' id='word_1_165' title='bbox 656 2200 951 2280; x_wconf 83' lang='lat' dir='ltr'>adjuvare.</span> <span class='ocrx_word' id='word_1_166' title='bbox 1042 2198 1209 2259; x_wconf 82' lang='lat' dir='ltr'>Unde</span> <span class='ocrx_word' id='word_1_167' title='bbox 1255 2199 1584 2273; x_wconf 83' lang='lat' dir='ltr'>sancimus,</span> <span class='ocrx_word' id='word_1_168' title='bbox 1641 2198 1702 2259; x_wconf 90' lang='lat' dir='ltr'>in</span> <span class='ocrx_word' id='word_1_169' title='bbox 1746 2198 2014 2259; x_wconf 76' lang='lat' dir='ltr'>Africana</span> <span class='ocrx_word' id='word_1_170' title='bbox 2071 2200 2366 2279; x_wconf 86' lang='lat' dir='ltr'>provincia</span> <span class='ocrx_word' id='word_1_171' title='bbox 2425 2199 2576 2261; x_wconf 78' lang='lat' dir='ltr'>tilios</span> <span class='ocrx_word' id='word_1_172' title='bbox 2622 2220 2696 2261; x_wconf 83' lang='lat' dir='ltr'>ex</span> 
     </span>
     <span class='ocr_line' id='line_1_21' title="bbox 347 2299 2697 2381; baseline 0.001 -20"><span class='ocrx_word' id='word_1_173' title='bbox 347 2299 528 2361; x_wconf 87' lang='lat' dir='ltr'>libera</span> <span class='ocrx_word' id='word_1_174' title='bbox 574 2308 763 2362; x_wconf 88' lang='lat' dir='ltr'>matre</span> <span class='ocrx_word' id='word_1_175' title='bbox 807 2311 867 2361; x_wconf 92' lang='lat' dir='ltr'>et</span> <span class='ocrx_word' id='word_1_176' title='bbox 909 2300 1270 2380; x_wconf 83' lang='lat' dir='ltr'>adscriptitia</span> <span class='ocrx_word' id='word_1_177' title='bbox 1328 2309 1494 2380; x_wconf 86' lang='lat' dir='ltr'>patre</span> <span class='ocrx_word' id='word_1_178' title='bbox 1551 2300 1869 2380; x_wconf 87' lang='lat' dir='ltr'>productos</span> <span class='ocrx_word' id='word_1_179' title='bbox 1911 2300 2130 2362; x_wconf 86' lang='lat' dir='ltr'>liberos</span> <span class='ocrx_word' id='word_1_180' title='bbox 2174 2300 2410 2381; x_wconf 86' lang='lat' dir='ltr'>quidem</span> <span class='ocrx_word' id='word_1_181' title='bbox 2456 2321 2589 2364; x_wconf 90' lang='lat' dir='ltr'>esse</span> <span class='ocrx_word' id='word_1_182' title='bbox 2633 2312 2697 2364; x_wconf 85' lang='lat' dir='ltr'>et</span> 
     </span>
     <span class='ocr_line' id='line_1_22' title="bbox 346 2400 2695 2484; baseline 0.001 -22"><span class='ocrx_word' id='word_1_183' title='bbox 346 2421 444 2463; x_wconf 88' lang='lat' dir='ltr'>res</span> <span class='ocrx_word' id='word_1_184' title='bbox 488 2400 761 2482; x_wconf 88' lang='lat' dir='ltr'>proprias</span> <span class='ocrx_word' id='word_1_185' title='bbox 803 2401 1042 2475; x_wconf 86' lang='lat' dir='ltr'>habere,</span> <span class='ocrx_word' id='word_1_186' title='bbox 1088 2401 1148 2461; x_wconf 91' lang='lat' dir='ltr'>in</span> <span class='ocrx_word' id='word_1_187' title='bbox 1196 2402 1402 2463; x_wconf 88' lang='lat' dir='ltr'>ordine</span> <span class='ocrx_word' id='word_1_188' title='bbox 1447 2412 1642 2464; x_wconf 88' lang='lat' dir='ltr'>tamen</span> <span class='ocrx_word' id='word_1_189' title='bbox 1690 2401 2030 2463; x_wconf 88' lang='lat' dir='ltr'>colonorum</span> <span class='ocrx_word' id='word_1_190' title='bbox 2076 2423 2227 2477; x_wconf 87' lang='lat' dir='ltr'>esse,</span> <span class='ocrx_word' id='word_1_191' title='bbox 2274 2413 2333 2465; x_wconf 88' lang='lat' dir='ltr'>et</span> <span class='ocrx_word' id='word_1_192' title='bbox 2362 2423 2480 2464; x_wconf 89' lang='lat' dir='ltr'>non</span> <span class='ocrx_word' id='word_1_193' title='bbox 2512 2422 2695 2484; x_wconf 85' lang='lat' dir='ltr'>posse</span> 
     </span>
     <span class='ocr_line' id='line_1_23' title="bbox 344 2502 2691 2583; baseline 0.001 -18"><span class='ocrx_word' id='word_1_194' title='bbox 344 2523 450 2565; x_wconf 90' lang='lat' dir='ltr'>eos</span> <span class='ocrx_word' id='word_1_195' title='bbox 496 2504 790 2566; x_wconf 86' lang='lat' dir='ltr'>dimittere</span> <span class='ocrx_word' id='word_1_196' title='bbox 832 2503 1105 2583; x_wconf 89' lang='lat' dir='ltr'>praedia,</span> <span class='ocrx_word' id='word_1_197' title='bbox 1152 2502 1209 2564; x_wconf 90' lang='lat' dir='ltr'>in</span> <span class='ocrx_word' id='word_1_198' title='bbox 1256 2504 1471 2583; x_wconf 88' lang='lat' dir='ltr'>quibus</span> <span class='ocrx_word' id='word_1_199' title='bbox 1516 2505 1635 2565; x_wconf 87' lang='lat' dir='ltr'>nati</span> <span class='ocrx_word' id='word_1_200' title='bbox 1681 2513 1847 2577; x_wconf 87' lang='lat' dir='ltr'>sunt,</span> <span class='ocrx_word' id='word_1_201' title='bbox 1895 2514 1952 2565; x_wconf 90' lang='lat' dir='ltr'>et</span> <span class='ocrx_word' id='word_1_202' title='bbox 1997 2505 2261 2566; x_wconf 82' lang='lat' dir='ltr'>excolere</span> <span class='ocrx_word' id='word_1_203' title='bbox 2306 2506 2527 2580; x_wconf 86' lang='lat' dir='ltr'>aliena,</span> <span class='ocrx_word' id='word_1_204' title='bbox 2585 2507 2691 2568; x_wconf 89' lang='lat' dir='ltr'>sed</span> 
     </span>
     <span class='ocr_line' id='line_1_24' title="bbox 345 2605 2692 2686; baseline 0.001 -20"><span class='ocrx_word' id='word_1_205' title='bbox 345 2606 502 2668; x_wconf 85' lang='lat' dir='ltr'>vicos</span> <span class='ocrx_word' id='word_1_206' title='bbox 548 2607 741 2685; x_wconf 89' lang='lat' dir='ltr'>ipsos,</span> <span class='ocrx_word' id='word_1_207' title='bbox 798 2605 857 2668; x_wconf 91' lang='lat' dir='ltr'>in</span> <span class='ocrx_word' id='word_1_208' title='bbox 905 2605 1119 2686; x_wconf 88' lang='lat' dir='ltr'>quibus</span> <span class='ocrx_word' id='word_1_209' title='bbox 1163 2605 1273 2666; x_wconf 85' lang='lat' dir='ltr'>orti</span> <span class='ocrx_word' id='word_1_210' title='bbox 1320 2619 1490 2678; x_wconf 83' lang='lat' dir='ltr'>sunt,</span> <span class='ocrx_word' id='word_1_211' title='bbox 1553 2625 1685 2667; x_wconf 89' lang='lat' dir='ltr'>cum</span> <span class='ocrx_word' id='word_1_212' title='bbox 1747 2606 2012 2667; x_wconf 86' lang='lat' dir='ltr'>libertate</span> <span class='ocrx_word' id='word_1_213' title='bbox 2057 2606 2280 2680; x_wconf 84' lang='lat' dir='ltr'>colere3</span> <span class='ocrx_word' id='word_1_214' title='bbox 2345 2607 2431 2668; x_wconf 87' lang='lat' dir='ltr'>sio</span> <span class='ocrx_word' id='word_1_215' title='bbox 2473 2608 2692 2669; x_wconf 91' lang='lat' dir='ltr'>etenim</span> 
     </span>
     <span class='ocr_line' id='line_1_25' title="bbox 346 2707 2696 2788; baseline 0.001 -20"><span class='ocrx_word' id='word_1_216' title='bbox 346 2727 458 2768; x_wconf 88' lang='lat' dir='ltr'>nec</span> <span class='ocrx_word' id='word_1_217' title='bbox 505 2709 713 2780; x_wconf 80' lang='lat' dir='ltr'>tiscuS,</span> <span class='ocrx_word' id='word_1_218' title='bbox 760 2727 870 2769; x_wconf 87' lang='lat' dir='ltr'>nec</span> <span class='ocrx_word' id='word_1_219' title='bbox 915 2725 1227 2787; x_wconf 86' lang='lat' dir='ltr'>possessor</span> <span class='ocrx_word' id='word_1_220' title='bbox 1270 2707 1539 2781; x_wconf 85' lang='lat' dir='ltr'>laeditur,</span> <span class='ocrx_word' id='word_1_221' title='bbox 1585 2727 1780 2787; x_wconf 89' lang='lat' dir='ltr'>neque</span> <span class='ocrx_word' id='word_1_222' title='bbox 1825 2707 2104 2788; x_wconf 84' lang='lat' dir='ltr'>praedicti</span> <span class='ocrx_word' id='word_1_223' title='bbox 2151 2708 2527 2784; x_wconf 90' lang='lat' dir='ltr'>minuuntur,</span> <span class='ocrx_word' id='word_1_224' title='bbox 2573 2719 2696 2771; x_wconf 89' lang='lat' dir='ltr'>ter-</span> 
     </span>
     <span class='ocr_line' id='line_1_26' title="bbox 344 2809 1377 2883; baseline 0 -13"><span class='ocrx_word' id='word_1_225' title='bbox 344 2827 461 2882; x_wconf 82' lang='lat' dir='ltr'>raS‚</span> <span class='ocrx_word' id='word_1_226' title='bbox 509 2809 607 2869; x_wconf 91' lang='lat' dir='ltr'>ubi</span> <span class='ocrx_word' id='word_1_227' title='bbox 653 2809 773 2870; x_wconf 89' lang='lat' dir='ltr'>nati</span> <span class='ocrx_word' id='word_1_228' title='bbox 820 2819 977 2883; x_wconf 87' lang='lat' dir='ltr'>sunt,</span> <span class='ocrx_word' id='word_1_229' title='bbox 1025 2809 1377 2871; x_wconf 77' lang='lat' dir='ltr'>excolentes,</span> 
     </span>
    </p>

    <p class='ocr_par' dir='ltr' id='par_1_4' title="bbox 339 2909 2701 3800">
     <span class='ocr_line' id='line_1_27' title="bbox 512 2909 2696 2991; baseline 0 -20"><span class='ocrx_word' id='word_1_230' title='bbox 512 2912 820 2972; x_wconf 87' lang='lat' dir='ltr'>Theodore</span> <span class='ocrx_word' id='word_1_231' title='bbox 864 2930 1081 2991; x_wconf 87' lang='lat' dir='ltr'>parens</span> <span class='ocrx_word' id='word_1_232' title='bbox 1126 2909 1425 2971; x_wconf 86' lang='lat' dir='ltr'>carissime</span> <span class='ocrx_word' id='word_1_233' title='bbox 1458 2919 1633 2989; x_wconf 92' lang='lat' dir='ltr'>atque</span> <span class='ocrx_word' id='word_1_234' title='bbox 1664 2910 2082 2982; x_wconf 83' lang='lat' dir='ltr'>amantissime.</span> <span class='ocrx_word' id='word_1_235' title='bbox 2174 2909 2338 2982; x_wconf 84' lang='lat' dir='ltr'>Quae</span> <span class='ocrx_word' id='word_1_236' title='bbox 2381 2911 2556 2989; x_wconf 88' lang='lat' dir='ltr'>igitur</span> <span class='ocrx_word' id='word_1_237' title='bbox 2583 2930 2696 2990; x_wconf 84' lang='lat' dir='ltr'>per</span> 
     </span>
     <span class='ocr_line' id='line_1_28' title="bbox 346 3011 2693 3092; baseline 0.001 -21"><span class='ocrx_word' id='word_1_238' title='bbox 346 3011 498 3073; x_wconf 77' lang='lat' dir='ltr'>lianc</span> <span class='ocrx_word' id='word_1_239' title='bbox 546 3012 799 3073; x_wconf 80' lang='lat' dir='ltr'>divinam</span> <span class='ocrx_word' id='word_1_240' title='bbox 846 3012 1261 3092; x_wconf 85' lang='lat' dir='ltr'>pragmaticam</span> <span class='ocrx_word' id='word_1_241' title='bbox 1295 3012 1660 3073; x_wconf 87' lang='lat' dir='ltr'>sanctionem</span> <span class='ocrx_word' id='word_1_242' title='bbox 1694 3019 1892 3073; x_wconf 87' lang='lat' dir='ltr'>nostra</span> <span class='ocrx_word' id='word_1_243' title='bbox 1923 3011 2116 3073; x_wconf 85' lang='lat' dir='ltr'>sanxit</span> <span class='ocrx_word' id='word_1_244' title='bbox 2156 3012 2523 3085; x_wconf 80' lang='lat' dir='ltr'>aeternitas⁴,</span> <span class='ocrx_word' id='word_1_245' title='bbox 2569 3024 2693 3074; x_wconf 89' lang='lat' dir='ltr'>tam</span> 
     </span>
     <span class='ocr_line' id='line_1_29' title="bbox 344 3112 2694 3194; baseline 0 -19"><span class='ocrx_word' id='word_1_246' title='bbox 344 3122 441 3175; x_wconf 89' lang='lat' dir='ltr'>tua</span> <span class='ocrx_word' id='word_1_247' title='bbox 491 3114 860 3194; x_wconf 83' lang='lat' dir='ltr'>magnitudo,</span> <span class='ocrx_word' id='word_1_248' title='bbox 931 3134 1104 3193; x_wconf 88' lang='lat' dir='ltr'>quam</span> <span class='ocrx_word' id='word_1_249' title='bbox 1153 3113 1249 3192; x_wconf 87' lang='lat' dir='ltr'>qui</span> <span class='ocrx_word' id='word_1_250' title='bbox 1310 3123 1441 3193; x_wconf 88' lang='lat' dir='ltr'>post</span> <span class='ocrx_word' id='word_1_251' title='bbox 1487 3121 1545 3174; x_wconf 89' lang='lat' dir='ltr'>te</span> <span class='ocrx_word' id='word_1_252' title='bbox 1590 3114 1836 3175; x_wconf 90' lang='lat' dir='ltr'>eandem</span> <span class='ocrx_word' id='word_1_253' title='bbox 1884 3112 2445 3174; x_wconf 88' lang='lat' dir='ltr'>administrationem</span> <span class='ocrx_word' id='word_1_254' title='bbox 2492 3115 2694 3194; x_wconf 87' lang='lat' dir='ltr'>adepti</span> 
     </span>
     <span class='ocr_line' id='line_1_30' title="bbox 345 3214 2698 3295; baseline 0 -20"><span class='ocrx_word' id='word_1_255' title='bbox 345 3215 591 3286; x_wconf 85' lang='lat' dir='ltr'>suerint,</span> <span class='ocrx_word' id='word_1_256' title='bbox 656 3236 771 3277; x_wconf 89' lang='lat' dir='ltr'>una</span> <span class='ocrx_word' id='word_1_257' title='bbox 830 3235 961 3277; x_wconf 88' lang='lat' dir='ltr'>cum</span> <span class='ocrx_word' id='word_1_258' title='bbox 1021 3215 1213 3276; x_wconf 81' lang='lat' dir='ltr'>officio</span> <span class='ocrx_word' id='word_1_259' title='bbox 1271 3235 1379 3276; x_wconf 91' lang='lat' dir='ltr'>suo</span> <span class='ocrx_word' id='word_1_260' title='bbox 1423 3216 1653 3277; x_wconf 83' lang='lat' dir='ltr'>etl&#39;ectui</span> <span class='ocrx_word' id='word_1_261' title='bbox 1702 3215 2037 3294; x_wconf 85' lang='lat' dir='ltr'>mancipare</span> <span class='ocrx_word' id='word_1_262' title='bbox 2081 3214 2507 3294; x_wconf 82' lang='lat' dir='ltr'>observareqne</span> <span class='ocrx_word' id='word_1_263' title='bbox 2551 3235 2698 3295; x_wconf 84' lang='lat' dir='ltr'>pro-</span> 
     </span>
     <span class='ocr_line' id='line_1_31' title="bbox 343 3316 2701 3397; baseline 0 -18"><span class='ocrx_word' id='word_1_264' title='bbox 343 3329 569 3379; x_wconf 72' lang='lat' dir='ltr'>cun-nt.</span> <span class='ocrx_word' id='word_1_265' title='bbox 659 3318 797 3380; x_wconf 90' lang='lat' dir='ltr'>Dat.</span> <span class='ocrx_word' id='word_1_266' title='bbox 851 3318 987 3378; x_wconf 86' lang='lat' dir='ltr'>Kal.</span> <span class='ocrx_word' id='word_1_267' title='bbox 1050 3317 1232 3378; x_wconf 86' lang='lat' dir='ltr'>Mart.</span> <span class='ocrx_word' id='word_1_268' title='bbox 1296 3318 1606 3382; x_wconf 79' lang='lat' dir='ltr'>Constant.</span> <span class='ocrx_word' id='word_1_269' title='bbox 1667 3321 1806 3396; x_wconf 77' lang='lat' dir='ltr'>imp.</span> <span class='ocrx_word' id='word_1_270' title='bbox 1853 3316 1985 3377; x_wconf 90' lang='lat' dir='ltr'>DN.</span> <span class='ocrx_word' id='word_1_271' title='bbox 2033 3317 2148 3379; x_wconf 75' lang='lat' dir='ltr'>PR.</span> <span class='ocrx_word' id='word_1_272' title='bbox 2197 3319 2342 3397; x_wconf 71' lang='lat' dir='ltr'>Any.</span> <span class='ocrx_word' id='word_1_273' title='bbox 2389 3318 2701 3381; x_wconf 76' lang='lat' dir='ltr'>Justim·</span> 
     </span>
     <span class='ocr_line' id='line_1_32' title="bbox 345 3417 2696 3498; baseline 0.001 -19"><span class='ocrx_word' id='word_1_274' title='bbox 345 3438 506 3480; x_wconf 79' lang='lat' dir='ltr'>anuo</span> <span class='ocrx_word' id='word_1_275' title='bbox 556 3417 619 3478; x_wconf 85' lang='lat' dir='ltr'>V.</span> <span class='ocrx_word' id='word_1_276' title='bbox 667 3419 883 3481; x_wconf 80' lang='lat' dir='ltr'>Indict.</span> <span class='ocrx_word' id='word_1_277' title='bbox 934 3417 1050 3478; x_wconf 86' lang='lat'>111.</span> <span class='ocrx_word' id='word_1_278' title='bbox 1143 3419 1225 3480; x_wconf 84' lang='lat' dir='ltr'>Et</span> <span class='ocrx_word' id='word_1_279' title='bbox 1273 3419 1754 3498; x_wconf 77' lang='lat' dir='ltr'>subscriptio</span> <span class='ocrx_word' id='word_1_280' title='bbox 1801 3418 2275 3498; x_wconf 80' lang='lat' dir='ltr'>imperialis:</span> <span class='ocrx_word' id='word_1_281' title='bbox 2331 3417 2465 3480; x_wconf 81' lang='lat' dir='ltr'>Vale</span> <span class='ocrx_word' id='word_1_282' title='bbox 2503 3418 2696 3481; x_wconf 81' lang='lat' dir='ltr'>Theo-</span> 
     </span>
     <span class='ocr_line' id='line_1_33' title="bbox 345 3520 2692 3601; baseline 0.002 -22"><span class='ocrx_word' id='word_1_283' title='bbox 345 3520 493 3579; x_wconf 80' lang='lat' dir='ltr'>dore</span> <span class='ocrx_word' id='word_1_284' title='bbox 555 3535 783 3595; x_wconf 81' lang='lat' dir='ltr'>parens</span> <span class='ocrx_word' id='word_1_285' title='bbox 854 3522 1165 3579; x_wconf 75' lang='lat' dir='ltr'>carissime</span> <span class='ocrx_word' id='word_1_286' title='bbox 1229 3530 1406 3601; x_wconf 80' lang='lat' dir='ltr'>atque</span> <span class='ocrx_word' id='word_1_287' title='bbox 1463 3522 1890 3581; x_wconf 71' lang='lat' dir='ltr'>amantissime.</span> <span class='ocrx_word' id='word_1_288' title='bbox 1991 3520 2100 3583; x_wconf 84' lang='lat' dir='ltr'>Et:</span> <span class='ocrx_word' id='word_1_289' title='bbox 2177 3520 2486 3592; x_wconf 79' lang='lat' dir='ltr'>Quaestor</span> <span class='ocrx_word' id='word_1_290' title='bbox 2555 3521 2692 3601; x_wconf 70' lang='lat' dir='ltr'>leqi‘.</span> 
     </span>
     <span class='ocr_line' id='line_1_34' title="bbox 344 3617 2691 3702; baseline 0.001 -22"><span class='ocrx_word' id='word_1_291' title='bbox 344 3619 484 3680; x_wconf 85' lang='lat' dir='ltr'>Dat.</span> <span class='ocrx_word' id='word_1_292' title='bbox 541 3617 678 3678; x_wconf 86' lang='lat' dir='ltr'>Kal.</span> <span class='ocrx_word' id='word_1_293' title='bbox 743 3617 923 3680; x_wconf 85' lang='lat' dir='ltr'>Mart.</span> <span class='ocrx_word' id='word_1_294' title='bbox 987 3618 1193 3681; x_wconf 82' lang='lat' dir='ltr'>Const.</span> <span class='ocrx_word' id='word_1_295' title='bbox 1251 3626 1390 3700; x_wconf 75' lang='lat' dir='ltr'>imp.</span> <span class='ocrx_word' id='word_1_296' title='bbox 1454 3619 1585 3681; x_wconf 86' lang='lat' dir='ltr'>DN.</span> <span class='ocrx_word' id='word_1_297' title='bbox 1645 3620 1961 3682; x_wconf 72' lang='lat' dir='ltr'>,luscino</span> <span class='ocrx_word' id='word_1_298' title='bbox 2023 3621 2135 3682; x_wconf 84' lang='lat' dir='ltr'>PP.</span> <span class='ocrx_word' id='word_1_299' title='bbox 2202 3626 2345 3702; x_wconf 70' lang='lat' dir='ltr'>Any.</span> <span class='ocrx_word' id='word_1_300' title='bbox 2405 3640 2565 3683; x_wconf 75' lang='lat' dir='ltr'>amm</span> <span class='ocrx_word' id='word_1_301' title='bbox 2626 3621 2691 3683; x_wconf 84' lang='lat' dir='ltr'>V.</span> 
     </span>
     <span class='ocr_line' id='line_1_35' title="bbox 339 3719 1576 3800; baseline 0.002 -18"><span class='ocrx_word' id='word_1_302' title='bbox 339 3730 481 3800; x_wconf 81' lang='lat' dir='ltr'>post</span> <span class='ocrx_word' id='word_1_303' title='bbox 526 3737 688 3781; x_wconf 74' lang='lat' dir='ltr'>cons.</span> <span class='ocrx_word' id='word_1_304' title='bbox 734 3720 995 3781; x_wconf 72' lang='lat' dir='ltr'>et&#39;usdem</span> <span class='ocrx_word' id='word_1_305' title='bbox 1042 3720 1171 3781; x_wconf 88' lang='lat' dir='ltr'>DN.</span> <span class='ocrx_word' id='word_1_306' title='bbox 1219 3740 1381 3784; x_wconf 82' lang='lat' dir='ltr'>anno</span> <span class='ocrx_word' id='word_1_307' title='bbox 1428 3719 1576 3784; x_wconf 66' lang='lat'>17⁵.</span> 
     </span>
    </p>
   </div>
   <div class='ocr_carea' id='block_1_3' title="bbox 348 3853 779 3865">
    <p class='ocr_par' dir='ltr' id='par_1_5' title="bbox 348 3853 779 3865">
     <span class='ocr_line' id='line_1_36' title="bbox 348 3853 779 3865; baseline 0 1085"><span class='ocrx_word' id='word_1_308' title='bbox 348 3853 779 3865; x_wconf 95' lang='lat' dir='ltr'> </span> 
     </span>
    </p>
   </div>
   <div class='ocr_carea' id='block_1_4' title="bbox 782 3854 1051 3864">
    <p class='ocr_par' dir='ltr' id='par_1_6' title="bbox 782 3854 1051 3864">
     <span class='ocr_line' id='line_1_37' title="bbox 782 3854 1051 3864; baseline 0 1086"><span class='ocrx_word' id='word_1_309' title='bbox 782 3854 1051 3864; x_wconf 95' lang='lat' dir='ltr'> </span> 
     </span>
    </p>
   </div>
   <div class='ocr_carea' id='block_1_5' title="bbox 342 3920 2692 4243">
    <p class='ocr_par' dir='ltr' id='par_1_7' title="bbox 342 3920 2692 4243">
     <span class='ocr_line' id='line_1_38' title="bbox 345 3920 2692 3987; baseline 0.005 -20"><span class='ocrx_word' id='word_1_310' title='bbox 345 3920 570 3984; x_wconf 84' lang='lat' dir='ltr'>Cujacins</span> <span class='ocrx_word' id='word_1_311' title='bbox 609 3921 802 3970; x_wconf 75' lang='lat' dir='ltr'>Observ.</span> <span class='ocrx_word' id='word_1_312' title='bbox 841 3922 912 3983; x_wconf 80' lang='lat' dir='ltr'>lv,</span> <span class='ocrx_word' id='word_1_313' title='bbox 950 3921 1031 3986; x_wconf 82' lang='lat'>28,</span> <span class='ocrx_word' id='word_1_314' title='bbox 1081 3923 1255 3973; x_wconf 84' lang='lat' dir='ltr'>deindo</span> <span class='ocrx_word' id='word_1_315' title='bbox 1302 3924 1565 3987; x_wconf 84' lang='lat' dir='ltr'>pleniorem</span> <span class='ocrx_word' id='word_1_316' title='bbox 1614 3924 1820 3975; x_wconf 66' lang='lat' dir='ltr'>miraeus</span> <span class='ocrx_word' id='word_1_317' title='bbox 1857 3925 1902 3975; x_wconf 89' lang='lat' dir='ltr'>iu</span> <span class='ocrx_word' id='word_1_318' title='bbox 1942 3925 2072 3974; x_wconf 86' lang='lat' dir='ltr'>calce</span> <span class='ocrx_word' id='word_1_319' title='bbox 2106 3926 2298 3978; x_wconf 65' lang='lat' dir='ltr'>tuliani.</span> <span class='ocrx_word' id='word_1_320' title='bbox 2333 3953 2400 3964; x_wconf 88' lang='lat'>—</span> <span class='ocrx_word' id='word_1_321' title='bbox 2437 3929 2692 3979; x_wconf 84' lang='lat' dir='ltr'>Caeterum</span> 
     </span>
     <span class='ocr_line' id='line_1_39' title="bbox 344 4003 2692 4076; baseline 0.005 -23"><span class='ocrx_word' id='word_1_322' title='bbox 344 4003 542 4067; x_wconf 86' lang='lat' dir='ltr'>respicit</span> <span class='ocrx_word' id='word_1_323' title='bbox 575 4003 635 4053; x_wconf 89' lang='lat' dir='ltr'>ad</span> <span class='ocrx_word' id='word_1_324' title='bbox 671 4005 792 4054; x_wconf 75' lang='lat' dir='ltr'>lianc</span> <span class='ocrx_word' id='word_1_325' title='bbox 829 4005 1065 4055; x_wconf 81' lang='lat' dir='ltr'>Novellam</span> <span class='ocrx_word' id='word_1_326' title='bbox 1105 4022 1228 4070; x_wconf 84' lang='lat' dir='ltr'>quac</span> <span class='ocrx_word' id='word_1_327' title='bbox 1266 4008 1383 4056; x_wconf 77' lang='lat' dir='ltr'>infra</span> <span class='ocrx_word' id='word_1_328' title='bbox 1422 4016 1496 4057; x_wconf 88' lang='lat' dir='ltr'>cst</span> <span class='ocrx_word' id='word_1_329' title='bbox 1531 4009 1643 4057; x_wconf 84' lang='lat' dir='ltr'>Nov.</span> <span class='ocrx_word' id='word_1_330' title='bbox 1680 4009 1799 4058; x_wconf 81' lang='lat' dir='ltr'>xm.</span> <span class='ocrx_word' id='word_1_331' title='bbox 1941 4007 1961 4034; x_wconf 81' lang='lat'>²</span> <span class='ocrx_word' id='word_1_332' title='bbox 1994 4011 2074 4058; x_wconf 89' lang='lat' dir='ltr'>Sc.</span> <span class='ocrx_word' id='word_1_333' title='bbox 2111 4010 2142 4060; x_wconf 91' lang='lat' dir='ltr'>l.</span> <span class='ocrx_word' id='word_1_334' title='bbox 2180 4011 2246 4060; x_wconf 82' lang='lat'>24</span> <span class='ocrx_word' id='word_1_335' title='bbox 2286 4012 2336 4061; x_wconf 89' lang='lat' dir='ltr'>C.</span> <span class='ocrx_word' id='word_1_336' title='bbox 2376 4016 2432 4062; x_wconf 83' lang='lat' dir='ltr'>de</span> <span class='ocrx_word' id='word_1_337' title='bbox 2469 4016 2692 4076; x_wconf 64' lang='lat' dir='ltr'>agricolis</span> 
     </span>
     <span class='ocr_line' id='line_1_40' title="bbox 343 4088 2692 4160; baseline 0.003 -21"><span class='ocrx_word' id='word_1_338' title='bbox 343 4097 384 4139; x_wconf 79' lang='lat' dir='ltr'>et</span> <span class='ocrx_word' id='word_1_339' title='bbox 411 4091 611 4138; x_wconf 63' lang='grc' dir='ltr'>συνιείης.</span> <span class='ocrx_word' id='word_1_340' title='bbox 749 4088 778 4120; x_wconf 81' lang='grc'>*</span> <span class='ocrx_word' id='word_1_341' title='bbox 817 4089 985 4138; x_wconf 83' lang='lat' dir='ltr'>Forte:</span> <span class='ocrx_word' id='word_1_342' title='bbox 1023 4093 1161 4152; x_wconf 76' lang='lat' dir='ltr'>filios.</span> <span class='ocrx_word' id='word_1_343' title='bbox 1312 4089 1332 4117; x_wconf 80' lang='lat'>³</span> <span class='ocrx_word' id='word_1_344' title='bbox 1370 4093 1553 4141; x_wconf 84' lang='lat' dir='ltr'>Videsis</span> <span class='ocrx_word' id='word_1_345' title='bbox 1586 4094 1976 4143; x_wconf 83' lang='lat' dir='ltr'>constitutionem</span> <span class='ocrx_word' id='word_1_346' title='bbox 2012 4095 2267 4145; x_wconf 74' lang='lat' dir='ltr'>lastiniani</span> <span class='ocrx_word' id='word_1_347' title='bbox 2302 4095 2361 4144; x_wconf 87' lang='lat' dir='ltr'>de</span> <span class='ocrx_word' id='word_1_348' title='bbox 2388 4096 2478 4160; x_wconf 80' lang='lat' dir='ltr'>his,</span> <span class='ocrx_word' id='word_1_349' title='bbox 2516 4099 2598 4160; x_wconf 86' lang='lat' dir='ltr'>qni</span> <span class='ocrx_word' id='word_1_350' title='bbox 2633 4112 2692 4147; x_wconf 81' lang='lat' dir='ltr'>ex</span> 
     </span>
     <span class='ocr_line' id='line_1_41' title="bbox 342 4172 2691 4243; baseline 0.004 -20"><span class='ocrx_word' id='word_1_351' title='bbox 342 4172 641 4235; x_wconf 77' lang='lat' dir='ltr'>adscriptitia</span> <span class='ocrx_word' id='word_1_352' title='bbox 691 4179 825 4235; x_wconf 87' lang='lat' dir='ltr'>patre</span> <span class='ocrx_word' id='word_1_353' title='bbox 874 4180 922 4221; x_wconf 84' lang='lat' dir='ltr'>et</span> <span class='ocrx_word' id='word_1_354' title='bbox 965 4173 1117 4221; x_wconf 85' lang='lat' dir='ltr'>libera</span> <span class='ocrx_word' id='word_1_355' title='bbox 1164 4182 1313 4223; x_wconf 86' lang='lat' dir='ltr'>matre</span> <span class='ocrx_word' id='word_1_356' title='bbox 1360 4182 1704 4239; x_wconf 82' lang='lat' dir='ltr'>procreantur,</span> <span class='ocrx_word' id='word_1_357' title='bbox 1757 4179 1815 4226; x_wconf 88' lang='lat' dir='ltr'>ad</span> <span class='ocrx_word' id='word_1_358' title='bbox 1867 4179 2132 4243; x_wconf 73' lang='lat' dir='ltr'>lllyriorum</span> <span class='ocrx_word' id='word_1_359' title='bbox 2182 4180 2475 4243; x_wconf 77' lang='lat' dir='ltr'>praefectum</span> <span class='ocrx_word' id='word_1_360' title='bbox 2513 4184 2691 4239; x_wconf 75' lang='lat' dir='ltr'>datam,</span> 
     </span>
    </p>
   </div>
   <div class='ocr_carea' id='block_1_6' title="bbox 341 4256 2690 4406">
    <p class='ocr_par' dir='ltr' id='par_1_8' title="bbox 341 4256 2690 4406">
     <span class='ocr_line' id='line_1_42' title="bbox 341 4256 2690 4325; baseline 0.004 -18"><span class='ocrx_word' id='word_1_361' title='bbox 341 4273 483 4322; x_wconf 64' lang='lat' dir='ltr'>quiam</span> <span class='ocrx_word' id='word_1_362' title='bbox 525 4258 726 4305; x_wconf 71' lang='lat' dir='ltr'>Min-aeus</span> <span class='ocrx_word' id='word_1_363' title='bbox 764 4256 945 4320; x_wconf 82' lang='lat' dir='ltr'>primns</span> <span class='ocrx_word' id='word_1_364' title='bbox 982 4258 1129 4306; x_wconf 84' lang='lat' dir='ltr'>edidit</span> <span class='ocrx_word' id='word_1_365' title='bbox 1166 4266 1210 4306; x_wconf 86' lang='lat' dir='ltr'>ct</span> <span class='ocrx_word' id='word_1_366' title='bbox 1249 4260 1484 4309; x_wconf 80' lang='lat' dir='ltr'>editiones</span> <span class='ocrx_word' id='word_1_367' title='bbox 1523 4261 1749 4325; x_wconf 82' lang='lat' dir='ltr'>Corporis</span> <span class='ocrx_word' id='word_1_368' title='bbox 1782 4264 1911 4314; x_wconf 73' lang='lat' dir='ltr'>luris</span> <span class='ocrx_word' id='word_1_369' title='bbox 1947 4264 2047 4315; x_wconf 81' lang='lat' dir='ltr'>sere</span> <span class='ocrx_word' id='word_1_370' title='bbox 2083 4266 2174 4314; x_wconf 85' lang='lat' dir='ltr'>sub</span> <span class='ocrx_word' id='word_1_371' title='bbox 2211 4266 2354 4315; x_wconf 80' lang='lat' dir='ltr'>tinem</span> <span class='ocrx_word' id='word_1_372' title='bbox 2391 4266 2690 4318; x_wconf 85' lang='lat' dir='ltr'>Novellarum</span> 
     </span>
     <span class='ocr_line' id='line_1_43' title="bbox 341 4339 1608 4406; baseline 0.003 -14"><span class='ocrx_word' id='word_1_373' title='bbox 341 4349 599 4406; x_wconf 86' lang='lat' dir='ltr'>praestant.</span> <span class='ocrx_word' id='word_1_374' title='bbox 736 4339 755 4367; x_wconf 82' lang='lat'><strong>⁴</strong></span> <span class='ocrx_word' id='word_1_375' title='bbox 796 4343 948 4402; x_wconf 80' lang='lat' dir='ltr'>Lege:</span> <span class='ocrx_word' id='word_1_376' title='bbox 989 4345 1228 4392; x_wconf 75' lang='lat' dir='ltr'>serenitas.</span> <span class='ocrx_word' id='word_1_377' title='bbox 1367 4341 1387 4369; x_wconf 76' lang='lat'>⁵</span> <span class='ocrx_word' id='word_1_378' title='bbox 1422 4344 1511 4393; x_wconf 73' lang='lat' dir='ltr'>atii</span> <span class='ocrx_word' id='word_1_379' title='bbox 1553 4345 1608 4397; x_wconf 92' lang='grc' dir='ltr'>ΙΙ.</span> 
     </span>
    </p>
   </div>
  </div>
 </body>
</html>
