2900 4950
1224 236 1337 298 Imp.
1376 236 1566 285 Leonis.
2434 195 2558 288 215

215 382 337 461 τὰς
381 381 631 459 οἰκείας
675 381 1043 448 ἐπανέλθοι
1086 377 1396 468 φρέναςῆ
1432 381 1550 469 τὴν
1579 389 1823 466 μανίαν
1853 386 2159 464 νοσοῦσα,
2205 389 2558 471 τηνικαῦτα

219 486 659 550 διασπᾶσθαι
700 481 817 569 τὴν
860 487 1207 549 κοινωνίαν
1248 485 1354 548 καὶ
1400 486 1517 570 τῆς
1549 478 1955 550 ἇνυποίστου
1990 489 2337 573 συμφορᾶς
2380 486 2554 555 ἐλευ-

213 588 603 670 θεροῦσθαι
646 583 761 650 τὸν
808 581 1034 667 ἄνδρα.
1122 587 1442 650 τοσοῦτον
1485 585 2117 670 προσδιοριζομένου
2160 590 2278 653 τοῦ
2310 593 2556 656 θεσπί-

216 709 500 770 σματος,
569 682 740 752 ὥστε
786 679 868 751 δι’
918 683 1179 771 ἐρεύνης
1231 684 1347 772 τὴν
1389 691 1632 768 μανίαν
1674 688 1785 752 καὶ
1829 685 2183 766 ἐξετάσεως
2223 696 2551 775 γίνεσθαι,

214 785 477 873 μήποτε
518 778 655 851 κατ’
706 784 1063 871 ἐπιβουλὴν
1110 783 1314 872 ὤφθη
1363 789 1664 853 συστᾶσα
1705 780 1750 874 ἢ
1801 781 2001 853 αὐτοῦ
2044 812 2115 872 γε
2157 793 2275 855 τοῦ
2320 784 2556 876 ἀνδρὸς

212 882 255 973 ἢ
296 890 431 953 τῶν
476 886 701 973 ἐκείνῳ
756 879 891 952 κατ’
941 886 1310 974 οἰκειότητα
1365 893 1881 972 συναπτομένων
1938 886 1982 976 ἤ
2032 915 2230 956 τινων
2286 891 2553 974 ἑτέρων·

214 984 305 1066 ὥς
350 990 418 1055 εἴ
456 991 565 1073 γε9
605 986 910 1054 τοιοῦτόν
955 1013 1023 1053 τι
1067 995 1440 1075 φωραθείη,
1491 989 1551 1057 εἰ
1594 988 1663 1055 ἐκ
1706 995 2092 1075 κακουργίας
2132 995 2250 1057 τοῦ
2296 986 2550 1077 ἀνδρὸς,

211 1092 449 1155 τοῦτον
510 1085 810 1175 ὁρίζομεν
868 1096 1190 1174 τιμωρίαν
1243 1093 1359 1173 τῆς
1420 1090 1598 1169 ἰδίας
1637 1086 1969 1172 ’ὑποσχεῖν
2024 1099 2252 1170 κακίας
2299 1091 2415 1160 τὸν
2460 1093 2553 1172 εἷς

211 1190 327 1257 τὸν
382 1190 630 1276 μονήρη
686 1196 836 1275 βίον
876 1190 1528 1277 μετασχηματισμὸν,
1596 1193 1704 1256 καὶ
1764 1187 2036 1269 ἄκοντος
2091 1187 2291 1258 αὐτοῦ
2348 1217 2555 1276 μονα-

215 1298 462 1378 στηρίῳ
521 1292 1059 1376 περιοριζομένου
1116 1293 1222 1357 καὶ
1267 1295 1346 1379 τῇ
1394 1291 1463 1359 ἐκ
1506 1295 1638 1358 τῶν
1685 1292 1876 1376 ἱερῶν
1926 1290 2214 1358 κανόνων
2257 1290 2555 1378 ὑποβαλ-

216 1393 496 1476 λομένου
537 1396 653 1481 τῆς
696 1395 909 1480 ψυχῆς
953 1397 1316 1481 θεραπείᾳ·
1376 1394 1436 1460 εί
1483 1388 1546 1458 δ’
1597 1392 1665 1460 ἐκ
1719 1396 1852 1458 τῶν
1898 1397 2220 1479 συγγενῶν
2261 1383 2470 1481 ἦλθεν
2512 1393 2551 1480 ἡ

210 1492 427 1580 βλάβη
483 1488 527 1579 ἢ
580 1494 904 1578 ἑτέρωθεν
963 1500 1183 1561 ποθεν
1238 1497 1345 1560 καὶ
1406 1489 1608 1561 αὐτοῦ
1655 1494 2032 1573 συνειδότος
2073 1498 2190 1560 τοῦ
2237 1490 2473 1580 ἀνδρὸς
2489 1500 2547 1575 ¹⁰,

214 1592 375 1672 τοὺς
413 1595 533 1677 μὲν
577 1591 975 1682 αὐτουργοὺς
1016 1599 1132 1682 τῆς
1175 1602 1499 1682 πονηρίας
1541 1606 1692 1674 ταῖς
1749 1595 1816 1663 ἐκ
1866 1599 1998 1662 τῶν
2043 1597 2261 1680 νόμων
2307 1592 2551 1682 ὑπάγε-

214 1701 387 1761 σθαι
442 1694 783 1782 κελεύομεν
840 1694 1219 1782 τιμωρίαις,
1276 1704 1727 1784 τιμωρεῖσθαι
1785 1699 1856 1764 δὲ
1911 1701 2021 1764 καὶ
2062 1697 2177 1763 τὸν
2223 1695 2431 1783 ἄνδρα
2472 1701 2551 1784 τῇ

210 1799 347 1863 τῶν
392 1797 651 1866 οἰκείων
696 1794 1047 1887 ἀφαιρέσει
1090 1798 1513 1885 πραγμάτων,
1557 1798 1606 1884 ᾃ
1651 1798 1871 1886 δεήσει
1917 1799 2087 1883 πρὸς
2115 1797 2551 1884 παραμύθιον

214 1899 382 1984 ζωῆς
436 1903 552 1986 τῆς
612 1900 1238 1987 ε’πιβεβουλευμένης
1295 1896 1721 1987 ἀφωρίσθαι,
1784 1901 2114 1983 διαμένειν
2171 1900 2242 1965 δὲ
2297 1894 2547 1965 αὖτὸν“

211 1999 321 2066 καὶ
379 2000 493 2066 διὰ
546 2008 698 2086 βίου
758 2002 980 2086 ἑτέρου
1036 2000 1248 2087 γάμου
1295 1998 1766 2087 ἀκοινώνητον·
1827 2001 1886 2067 εἰ
1948 2001 2019 2067 δὲ
2074 2003 2179 2066 καὶ
2237 1998 2553 2085 τολμήσει

213 2100 384 2186 πρὸς
426 2108 774 2168 κοινωνίαν
817 2105 1236 2186 καταστῆναι,
1282 2104 1387 2168 καὶ
1436 2098 1678 2167 ἄκοντα
1722 2100 1892 2184 πρὸς
1921 2101 2036 2167 τὸν
2064 2100 2322 2184 μονάδα
2349 2125 2551 2183 μετα-

213 2203 737 2286 σχηματίζεσθαι
776 2199 944 2288 βίον.
1003 2206 1136 2269 τῶν
1176 2206 1478 2287 μέντοιγε
1517 2200 1635 2289 τὴν
1665 2208 2050 2288 κακουργίαν
2080 2207 2549 2289 πεποιημένων

213 2295 531 2385 ἀμέτοχος
573 2304 897 2384 καθάπαξ
937 2301 1265 2387 ὑπάρχων,
1318 2306 1424 2369 καὶ
1471 2303 1672 2389 μηδὲν
1718 2302 1889 2388 πρὸς
1932 2302 2048 2391 τὴν
2091 2306 2206 2388 τῆς
2246 2301 2551 2387 γυναικὸς

214 2401 575 2491 ἐπιβουλὴν
620 2399 661 2492 ἢ
704 2400 1150 2492 αὖτουργήσας
1191 2397 1235 2490 ἢ
1280 2402 1508 2485 ἄλλοις
1564 2410 2117 2491 πονηρευομένοις
2162 2404 2552 2499 συνδιεγνρι-

98 2530 111 2537 ·
211 2504 361 2584 κὼς,
408 2503 717 2591 κρείττων
763 2507 948 2574 ἔσται
991 2509 1097 2572 καὶ
1142 2511 1465 2592 τιμωρίας
1506 2510 1614 2573 καὶ
1647 2507 1906 2589 ζημίας’
1933 2557 1951 2587 ,
1998 2509 2104 2573 καὶ
2133 2508 2301 2592 μετὰ
2331 2531 2548 2591 παρα-

212 2605 461 2692 δρομὴν
505 2611 623 2674 τοῦ
666 2603 891 2690 τρίτου
937 2607 1123 2685 ἔτους
1166 2607 1483 2693 λυθείσης
1522 2612 1639 2693 τῆς
1668 2607 1971 2693 συζυγίας
2002 2602 2349 2685 ἀκωλύτως
2378 2606 2550 2692 πρὸς

209 2707 420 2792 γάμον
449 2706 649 2775 ἄλλον
680 2714 1146 2775 συναπτέσθω.
1216 2706 1503 2795 λήψεται
1533 2708 1604 2774 δὲ
1646 2707 1723 2773 τὸ
1741 2711 1781 2742 ¹³
1822 2712 1954 2775 τῶν
1985 2713 2185 2795 τριῶν
2217 2708 2380 2775 ἐτῶν
2410 2730 2549 2773 τοι-

210 2807 416 2893 αύτην
459 2809 609 2877 τινὰ
650 2814 744 2896 τῷ
789 2815 1240 2893 παραμένοντι
1284 2805 1470 2893 άνδρὶ
1518 2807 1633 2894 τὴν
1677 2809 2095 2875 κατάστασιν.
2162 2810 2240 2876 τὸ
2282 2810 2403 2894 μὲν
2433 2798 2547 2874 οὖν

210 2911 280 2976 ἓν
326 2909 529 2988 ἕτος“
575 2913 969 2978 συνδιαιτῶν
1014 2912 1119 2977 καὶ
1168 2912 1488 2976 συνοικῶν
1531 2910 1635 2974 καὶ
1693 2909 2547 2994 συνδιαταλαιπωρούμενος

209 3012 320 3078 καὶ
363 3010 480 3098 τὴν
527 3008 958 3100 ὀφειλομένην
1004 3013 1184 3079 ἴασιν
1219 3009 1390 3095 πρὸς
1436 3011 1618 3075 ἴασιν
1647 3012 1763 3073 τοῦ
1797 3010 2037 3075 οἰκείου
2069 3007 2251 3097 πάσῃ
2286 3010 2544 3095 σπουδῇ

206 3113 317 3177 καὶ
364 3112 635 3189 δυνάμει
680 3112 973 3199 συνάγων
1014 3113 1283 3196 μέλους’
1330 3107 1412 3176 τὰ
1444 3108 1560 3175 δύο
1594 3110 1683 3188 δὲ,
1732 3110 1796 3175 εἴ
1820 3134 1892 3194 γε
1921 3106 2291 3194 θεραπείας
2335 3112 2543 3194 κρείτ-

206 3237 341 3278 των
387 3214 485 3299 εἵη
532 3209 569 3300 ἡ
620 3212 830 3293 νόσος,
876 3211 1371 3299 χωρισθήσεται
1412 3212 1532 3295 μὲν
1577 3213 1690 3297 τῆς
1736 3212 2344 3292 συνταλαιπωρίας,
2399 3211 2545 3275 δια-

208 3314 593 3401 καρτερήσει
637 3316 709 3381 δὲ
752 3314 1062 3400 καθάπερ
1110 3314 1364 3400 ε’ίρηται
1407 3309 1640 3398 ἄζυγος
1682 3314 1786 3378 καὶ
1847 3307 2371 3398 άμνήστευτοςη·
2436 3312 2546 3375 καὶ

204 3413 376 3496 μετὰ
419 3414 535 3502 τὴν
580 3416 1056 3503 συμπλήρωσιν
1100 3417 1216 3480 τοῦ
1246 3410 1471 3497 τρίτου
1501 3417 1618 3500 τῆς
1649 3419 1889 3496 μανίας
1920 3407 1993 3478 οὗ
2028 3409 2345 3498 ληγούσης
2375 3408 2545 3494 πρὸς

206 3521 559 3582 κοινωνίαν
605 3517 828 3600 ἑτέρου
877 3514 1357 3603 καταστήσεται
1410 3513 1642 3599 γάμου.
1733 3509 1901 3581 ἀλλὰ
1955 3516 2161 3580 ταῦτα
2214 3514 2333 3596 μὲν
2387 3513 2541 3596 περὶ

207 3621 326 3702 τῆς
371 3616 756 3697 διαζεύξεως
798 3620 908 3684 καὶ
950 3619 1066 3704 τῆς
1108 3620 1224 3682 τοῦ
1270 3613 1509 3701 ἀνδρὸς
1552 3613 1722 3701 πρὸς
1766 3614 1965 3702 ι’ίλλην
1995 3613 2275 3702 γαμετὴν
2307 3638 2544 3698 συναρ-

343 3836 365 3863 ⁹
403 3839 529 3903 Agyl.
566 3832 751 3905 εἰμὲν
786 3841 877 3889 vult
916 3841 1020 3902 legi.
1182 3834 1218 3863 ¹⁰
1252 3839 1390 3901 Apud
1428 3839 1627 3898 Scrimg.
1665 3837 1916 3900 sequentia
1953 3836 2139 3885 desunt,
2212 3833 2542 3896 Supplevimus

209 3938 263 3971 ex
298 3923 467 3973 Zuieh.
506 3932 553 3971 et
588 3924 812 3986 Meerm„
860 3925 941 3987 qui
992 3937 1045 3971 ea
1095 3936 1342 3984 perperam
1393 3920 1780 3984 Spangenbergio
1831 3926 1952 3966 teste
1999 3917 2277 3966 intercalant
2324 3916 2542 3965 Novellae

208 4007 463 4069 sequenti:
516 4007 564 4055 id
603 4006 733 4070 quod
769 4022 795 4056 a
832 4008 1022 4056 nemine
1058 4006 1213 4055 adhue
1245 4006 1542 4054 observatum
1581 4009 1669 4052 est.
1742 4002 1992 4050 Caeterum
2026 4002 2198 4063 Spang.
2239 4007 2398 4049 nom:
2439 4000 2541 4061 „De

206 4104 364 4154 poena
400 4092 575 4153 morini,
612 4092 751 4156 eujun
786 4092 925 4141 malis
961 4091 1141 4140 artibus
1178 4090 1375 4138 uxorin
1412 4088 1621 4136 furorem
1660 4101 1792 4134 versa
1830 4093 1918 4143 est,
1953 4084 2040 4132 vid.
2081 4086 2218 4134 etiam
2257 4085 2285 4134 Ι.
2324 4084 2353 4131 3
2391 4085 2445 4133 D.
2482 4084 2542 4133 ad

209 4176 241 4221 Ι.
282 4175 459 4225 cornel.
497 4177 554 4225 de
589 4179 725 4227 sicar.
763 4184 812 4226 et
844 4176 955 4227 Nov.
990 4175 1110 4226 ΧΧΙΙ
1149 4190 1189 4224 c.
1233 4174 1292 4223 ¹5
1327 4170 1378 4238 §-
1422 4172 1500 4222 l.“
1660 4168 1690 4196 '¹
1729 4169 1878 4219 Codd.
1915 4163 2164 4217 δυνατόν.
2320 4166 2356 4194 ¹²
2392 4166 2541 4218 codd.

212 4254 487 4323 τιμωρίαν
518 4254 610 4307 καὶ
645 4256 855 4325 ζημίαν.
1002 4256 1037 4286 ¹⁸
1071 4259 1135 4309 Ex
1172 4259 1298 4323 conj.
1336 4256 1497 4307 addidi
1535 4248 1613 4303 τό.
1758 4251 1792 4280 '⁴
1830 4254 1968 4304 Forte
2004 4246 2175 4303 ἔσται.
2319 4249 2354 4278 ¹⁸
2391 4251 2541 4302 eodd.

210 4331 636 4410 άμνημόνειτος.
