2900 4950
386 221 505 284 112
1217 232 1336 283 con.
1374 234 1432 282 n.
1499 233 1877 284 xxvm-xxx.

383 378 556 449 οὕτω
600 381 672 446 δὲ
714 377 845 463 ἄρα
886 378 991 443 καὶ
1039 377 1305 443 δυνατοὶ
1350 375 1534 456 ὄντες
1577 377 1958 463 πράγμασιν
2002 378 2417 459 ἐπιστατεῖν,
2463 376 2582 448 κᾶν
2624 381 2715 468 μὴ

380 480 552 566 πρὸς
604 481 718 545 τὸν
771 477 997 562 καιρὸν
1044 477 1356 565 ἔφθασαν
1399 481 1517 565 τῆς
1562 477 1990 557 ἐπιστασίας,
2053 474 2128 545 οὗ
2174 479 2713 567 κωλυθήσονται·

379 586 448 649 ἓν
490 579 612 666 γὰρ
657 578 733 644 τὸ
780 576 1200 662 ζητούμενον,
1247 577 1324 644 τὸ
1368 577 1458 664 μὴ
1506 576 1929 665 λυμήνασθαι
1972 590 2114 658 τοῖς
2157 576 2586 666 ὑπάρχουσιν,
2636 572 2716 649 οὗ

377 678 841 765 παραστάντος
884 677 1195 765 περιττόν
1240 678 1382 745 ἐστι
1425 677 1577 744 τὸνΊ
1620 678 1847 764 καιρὸν
1892 674 2254 762 ἀναμένειν.

549 785 678 848 Καὶ
735 779 822 867 μὴ
880 777 1082 864 μόνον
1127 780 1198 845 δὲ
1240 781 1627 864 βασιλείαν“
1669 778 1784 867 τὴν
1828 783 1960 845 τῶν
2006 781 2263 847 οἰκείων
2307 781 2713 867 πραγμάτων

378 882 751 970 ἐπιτροπὴν
806 883 912 948 καὶ
962 881 1284 967 διοίκησιν
1331 880 1731 965 ἐγχειρίζειν,
1792 876 1960 948 ἀλλὰ
2000 884 2106 948 καὶ
2151 880 2305 960 τοὺς
2349 881 2417 948 ἐν
2461 882 2712 968 ἑκάστῳ

378 982 597 1070 ἄρχειν
643 979 957 1064 λαχόντας
999 979 1189 1067 τόπῳ
1234 984 1341 1047 καὶ
1387 989 1630 1066 κρίνειν
1673 981 1750 1047 τὸ
1796 977 2129 1048 ἀκώλυτον
2163 982 2445 1066 ἔχοντας.
2538 980 2712 1049 οὕτω

374 1084 497 1171 γὰρ
542 1086 652 1149 καὶ
693 1078 731 1168 ἢ
778 1085 895 1148 τοῦ
942 1087 1312 1164 νομοθέτου
1358 1082 1647 1167 πρόνοια
1690 1083 1948 1161 πάντας
1994 1077 2218 1170 ὀνήσει
2260 1083 2415 1162 τοὺς
2443 1083 2708 1170 χρῄζον-

375 1210 512 1264 τας,
558 1186 665 1251 καὶ
711 1179 748 1249 ὃ
793 1181 993 1266 νόμος
1034 1184 1286 1265 μᾶλλον
1328 1182 1406 1248 τὸ
1452 1184 1697 1251 οἰκεῖον
1749 1183 2094 1270 ἐνεργήσει.

1244 1397 1349 1404 --.--

1775 1398 1841 1408 -η

1340 1587 1511 1651 NOV.
1556 1589 1759 1650 XXIX.

376 1707 453 1770 Ut
494 1706 762 1769 ancillam
806 1715 1008 1786 partus
1051 1705 1206 1786 apud
1251 1705 1428 1768 alium
1473 1708 1667 1770 editus
1712 1708 1781 1768 ad
1829 1705 2015 1787 ipsius
2059 1706 2360 1770 dominum
2406 1717 2706 1788 sequatur.

1169 1877 1678 1951 ΔΙΑΤΛΞΙΣ
1718 1877 1849 1948 κθ]
1887 1880 1929 1947 ¹.

883 2016 941 2073 Ὁ
979 2018 1191 2079 αὖτὸι·
1222 2021 1562 2090 βασιλεὺς
1595 2023 1865 2092 στυλιανῷ
1901 2026 1982 2091 τῷ
2018 2020 2180 2091 αὖτιῇ.

525 2119 779 2208 Ὥσπερ
825 2118 1046 2211 ἀληθῆ
1090 2127 1198 2190 καὶ
1247 2120 1458 2211 ὀρθὸν
1489 2124 1682 2209 λόγον
1711 2125 1903 2207 ἰ’σμεν
1933 2123 2049 2190 τὸν
2081 2125 2370 2208 ψεύδους
2401 2125 2710 2208 διαστρο-

377 2225 509 2312 φὴν
555 2219 669 2291 οὐκ
715 2224 1153 2311 ἐμφαίνοντα,
1214 2222 1388 2290 οὕτω
1431 2225 1544 2291 καὶ
1588 2222 1807 2313 ἀληθῆ
1853 2223 2085 2308 νόμον,
2135 2222 2208 2303 ὃς
2249 2224 2338 2312 μὴ
2385 2225 2712 2309 ἐλέγχεται

373 2329 468 2411 τῷ
525 2321 728 2411 ἀδίκῳ
788 2323 1406 2412 παρατρεπόμενος·
1465 2322 1555 2403 ὥς
1612 2327 1677 2393 εἴ
1725 2331 1798 2411 γέ
1851 2351 1955 2404 τις
2011 2329 2208 2392 τοῦτο
2254 2323 2330 2391 οὗ
2377 2325 2705 2407 διασώζει,

374 2421 490 2493 οὐκ
534 2419 613 2492 ἂν
660 2426 759 2512 εἴη
805 2424 1033 2510 νόμος,
1102 2420 1220 2492 κᾶν
1264 2428 1379 2511 τῆς
1421 2425 1732 2513 τοιαύτης
1775 2432 2222 2514 προσηγορίας
2264 2422 2557 2512 ἠξίωται.
2635 2426 2709 2497 ,εἰ

371 2529 494 2614 γὰρ
537 2530 733 2593 τοῦτο
790 2526 994 2610 νόμου
1038 2526 1115 2592 τὸ
1160 2532 1376 2610 νέμειν
1422 2524 1590 2611 ὅπερ
1636 2528 1886 2614 ἑκάστῳ
1933 2523 2252 2611 ἁρμόδιον
2264 2579 2283 2609 ,
2343 2523 2573 2607 mag-‘5
2615 2526 2705 2615 μὴ

371 2632 568 2694 τοῦτο
625 2630 842 2694 ποιῶν
886 2625 1086 2709 νόμος
1132 2627 1353 2709 &oram
1410 2628 1847 2715 πεφώρανται
1892 2630 2011 2712 μὲν
2056 2628 2134 2714 δὴ
2179 2633 2286 2695 καὶ
2336 2630 2549 2713 ἕτεροι
2590 2654 2702 2694 κα-

375 2729 684 2812 λούμενοι
726 2726 921 2811 νόμοι
961 2731 1157 2793 τοῦτο
1202 2729 1570 2809 παθόντες,
1619 2723 1735 2811 οὐχ
1777 2719 1973 2815 ἧττον
2019 2731 2091 2796 δὲ
2134 2726 2464 2807 κοίκεῖνος2
2509 2726 2545 2793 ὃ
2589 2728 2709 2814 τὴν

370 2828 565 2915 γονὴν
621 2830 737 2915 τῆς
788 2827 878 2914 μὴ
933 2828 1119 2913 παρὰ
1183 2831 1275 2914 τῷ
1343 2830 1562 2915 οἰκείῳ
1632 2828 1922 2916 δεσπότῃ
1986 2825 2154 2896 ἀλλὰ
2213 2825 2367 2915 παρ’
2417 2830 2616 2915 ἑτέρῳ
2664 2824 2710 2915 ἢ

373 2931 705 3014 συλήσεως
744 2929 976 3014 τρόπῳ
1021 2924 1062 3014 ἢ
1106 2929 1304 3015 ἑτέρῳ
1349 2932 1479 2995 τινὶ
1524 2919 1643 3008 τὰς
1689 2925 1932 3008 ὠδῖνας
1962 2926 2468 3016 άπολυσαμένης
2497 2937 2708 3015 θερα-

371 3036 631 3118 παίνης,
677 3029 951 3098 ἐπειδὰν
993 3029 1070 3095 τὸ
1114 3031 1527 3117 κακούργημα
1572 3031 1666 3108 εἷς
1707 3034 1949 3115 γνῶσιν
1995 3031 2191 3118 ἔλθῃ,
2261 3029 2708 3115 παρακελευό-

366 3156 564 3216 μενος
604 3131 692 3219 μὴ
739 3132 856 3198 σὺν
898 3135 979 3218 τῇ
1022 3134 1218 3217 μητρὶ
1263 3130 1437 3215 πρὸς
1479 3129 1596 3197 τὸν
1626 3131 1869 3198 οἰκεῖον
1902 3130 2232 3218 δεσπότην
2263 3127 2701 3215 ἀπέρχεσθαι,

278 3220 283 3225 ’
371 3228 537 3299 ἀλλὰ
579 3238 1163 3319 παρακατέχεσθαι
1189 3227 1324 3298 ὑπὸ
1353 3231 1608 3312 τούτου,
1659 3230 1732 3310 ὃς
1761 3227 2108 3316 ἀλλοτρίου
2140 3230 2465 3316 κτήματος
2494 3230 2704 3318 ὤφθη

370 3334 717 3420 δεσπότης.

543 3437 756 3499 Τοῦτο
812 3423 927 3498 οὖν
985 3432 1130 3499 ἐπεὶ
1185 3432 1272 3519 μὴ
1327 3433 1546 3510 καλῶς
1602 3431 1767 3514 ἔχειν
1813 3432 2021 3508 δοκεῖ,
2082 3433 2199 3516 τῆς
2243 3429 2710 3519 προσηκούσης

366 3539 740 3617 θεραπείας
801 3529 1134 3613 ἀξιοῦντες
1194 3529 1384 3621 ἡμεῖς
1446 3530 2043 3618 παρακελευόμεθα
2102 3533 2181 3617 τῇ
2247 3531 2520 3618 τεκούσῃ
2587 3531 2705 3599 τὸν

368 3635 544 3700 ἰ’διον
600 3635 792 3700 τόκον
849 3629 1262 3701 ἀκολουθεῖν.
1354 3628 1430 3699 οὖ
1475 3633 1597 3718 γὰρ
1645 3628 1751 3697 ὅτι
1794 3627 1830 3696 ὃ
1875 3633 2156 3718 κλέπτης
2198 3628 2428 3714 ὑπέχει
2473 3630 2515 3698 ἃ
2561 3633 2703 3698 διο·
2815 3682 2830 3692 .

367 3735 533 3820 ρίζει
577 3730 612 3800 ὁ
657 3733 858 3818 νόμος
901 3730 1097 3802 αὐτὸν
1140 3733 1571 3819 καταβάλλειν
1615 3736 1707 3818 τῷ
1753 3730 2078 3821 δεσπότῃ,
2128 3731 2241 3800 διὰ
2282 3738 2479 3799 τοῦτο
2525 3727 2702 3799 ἄπο-

369 3836 752 3925 στερήσεται
779 3838 899 3921 μὲν
931 3833 1129 3916 αὐτὸς
1155 3835 1270 3902 τὸν
1300 3834 1493 3901 τόκον
1522 3839 1638 3921 τῆς
1667 3835 1912 3913 οἰκείας
1932 3840 2369 3920 θεραπαίνης,
2401 3834 2700 3920 κερδήσει

501 4073 519 4099 ⁷
555 4075 705 4124 codd.
741 4083 790 4123 et
823 4075 936 4125 editi
974 4067 1053 4122 τό.
1195 4072 1216 4101 ⁸
1253 4075 1416 4126 Zuich.
1456 4084 1504 4126 et
1540 4077 1729 4125 Meet-m.
1765 4070 2005 4139 βασιλέα.
2082 4075 2281 4136 Scrimg.
2315 4069 2634 4137 βασιλεύειν.

503 4156 515 4183 ¹
566 4159 615 4207 ln
653 4158 818 4207 Zu‘wh.
855 4165 904 4207 et
938 4159 1129 4208 meerm.
1178 4158 1418 4209 scholium
1468 4167 1570 4209 est:
1626 4172 1760 4218 αυτη
1810 4150 2079 4225 ἀνῄρηται
2124 4154 2208 4207 θέ.
2248 4150 2300 4221 β’
2337 4156 2435 4206 τοῦ
2473 4151 2545 4206 ια’
2582 4151 2695 4223 day.

369 4240 467 4290 τοῦ
511 4235 562 4305 β’
609 4237 681 4289 τί.
722 4240 820 4291 τοῦ
867 4235 913 4300 ς’
948 4243 1021 4304 βι.
1074 4239 1186 4289 τῶν
1221 4237 1328 4306 διγ.
1368 4241 1482 4290 τῶν
1514 4237 1689 4305 βασιλ.
1729 4243 1802 4305 βι.
1847 4238 1892 4291 ιέ
1926 4237 1995 4292 τί.
2033 4236 2085 4306 β’
2120 4256 2240 4307 κεφ
2288 4236 2378 4290 ια’.
2575 4240 2594 4267 ²
2631 4243 2702 4292 Ita

366 4327 531 4376 Zuich.
568 4334 615 4376 et
653 4327 844 4376 Meerm.
916 4325 1146 4387 Scrimga
1187 4317 1242 4371 δ’
1281 4319 1495 4378 ἐκεῖνος·
