2900 4950
391 238 514 300 238
1147 288 1164 299 .
1303 250 1420 299 con.
1462 250 1539 299 ιιι.
1612 250 1721 300 mov.
1759 248 1819 299 ιι.

556 399 861 477 Παλαιὸς
915 396 1155 481 νόμος“
1215 395 1394 464 ἐστὶν
1408 446 1425 476 ,
1487 397 1599 463 ἵνα
1638 395 1868 483 μηδεὶς
1910 395 2097 482 παρὰ
2140 398 2465 483 συγγενῶν
2507 389 2552 483 ἢ
2592 420 2734 463 κοι-

387 505 610 570 νωνῶν
668 500 1105 586 ἐμποδίζηται
1158 499 1411 565 πωλεῖν
1471 493 1573 577 οἷς
1617 492 1695 564 ἂν
1743 494 2182 583 ἐθελήσειενΊ·
2243 499 2462 584 ἕτερος
2508 498 2581 565 δὲ
2624 499 2740 566 νό-

385 607 546 689 μος8
591 600 893 686 ἄντικρυς
937 595 1361 687 ἀπαγορεύει,
1409 599 1500 688 μὴ
1548 600 1792 679 ἐξεῖναί
1833 623 1966 664 τινι
2009 598 2417 684 πιπράσκειν
2463 599 2663 686 ἑτέρῳ
2695 594 2740 687 ἢ

385 705 589 791 μόνον
645 715 789 781 τοῖς
849 706 963 789 τῆς
1021 701 1194 780 ἰδίας
1251 708 1715 790 μητροκωμίας
1771 699 2162 786 οἰκήτορσιν.
2251 697 2442 788 ἡμεῖς
2485 702 2558 768 δὲ
2601 704 2738 768 τῶν

386 803 717 895 ἡμετέρων
761 799 1105 870 ὑποτελῶν
1151 799 1287 887 ἅμα
1329 805 1440 869 καὶ
1481 806 1614 869 τῶν
1662 803 1995 888 δημοσίων
2040 800 2295 888 φόρων,
2343 804 2460 889 τῆς
2502 828 2574 870 τε
2617 798 2739 868 ὄλ-

387 911 503 996 λης
558 908 1031 992 στρατιωτικῆς
1093 908 1202 971 καὶ
1271 905 1619 991 πολιτικῆς
1681 905 2088 988 λειτουργίας
2152 905 2261 999 καὶ
2328 903 2741 982 συντελείας”

387 1008 642 1096 πολλὴν
695 1013 1041 1090 τιθέμενοι
1091 1005 1447 1090 πρόνοιαν,
1496 1005 1573 1071 τὸ
1620 1004 2086 1091 ἐναντιοφανὲς
2130 999 2346 1070 αὐτῶν
2390 1007 2500 1072 καὶ
2546 1000 2739 1071 ἀδιό-

388 1135 616 1197 ριστον
675 1107 787 1176 διὰ
841 1108 1081 1194 ταύτης
1138 1103 1321 1192 ἡμῶν
1372 1111 1492 1192 τῆς
1534 1112 1732 1184 θείας
1776 1105 2136 1185 διατάξεως
2179 1117 2387 1193 σαφεῖ
2429 1109 2536 1173 καὶ
2583 1129 2738 1174 συν-

388 1212 570 1298 τόμῳ
617 1210 789 1296 λόγῳ
838 1209 1403 1294 ἐπανορθοῦντες·

562 1312 641 1378 α’.
707 1311 1120 1395 Θεσπίζομεν
1167 1302 1305 1375 άπὸ
1348 1311 1467 1374 τοῦ
1512 1311 1625 1374 νῦν
1672 1308 1737 1374 ἐν
1784 1306 1966 1394 πάσῃ
2012 1307 2210 1374 πόλει
2252 1310 2358 1374 καὶ
2402 1307 2584 1395 χώρᾳ
2626 1313 2735 1377 καὶ

390 1416 703 1501 ἐπαρχίᾳ,
763 1414 875 1479 ἵνα
930 1411 996 1477 εἴ
1048 1434 1222 1488 τινες
1274 1408 1467 1491 τυχὸν
1513 1406 1603 1488 ῶς
1646 1408 1787 1476 ἀπὸ
1834 1414 2206 1494 συγγενείας
2249 1411 2654 1497 διῃρημένοις
2692 1405 2738 1498 ἢ

390 1513 812 1602 άδιαιρέτως,
875 1507 917 1600 ἢ
973 1507 1062 1590 ὦς
1107 1511 1176 1578 ἐκ
1219 1515 1440 1598 κοινῆς
1487 1506 1847 1595 άγορασίας
1889 1506 1931 1597 ἢ
1975 1508 2175 1596 ἄλλης
2214 1513 2737 1599 τοιουτοτρόπου

388 1618 706 1704 κτήσεωςι
711 1620 750 1695 ⁰,
799 1608 841 1702 ἢ
885 1614 948 1679 οἱ
991 1614 1109 1696 μὲν
1157 1611 1224 1678 ἐκ
1271 1619 1643 1698 συγγενείας
1688 1611 1752 1678 οἱ
1797 1613 1868 1677 δὲ
1913 1610 2040 1692 έξ’
2011 1610 2431 1698 επικτήσεως,
2483 1613 2734 1680 ἐπίκοι-

391 1746 504 1788 νον
560 1719 771 1785 οικίαν
830 1711 868 1802 ἢ
915 1712 1111 1801 ἀγρὸν
1158 1709 1199 1799 ἢ
1249 1708 1612 1795 ἀμπελῶνα
1655 1708 1697 1800 ἢ
1743 1714 1962 1799 ε’τερον
2004 1712 2083 1779 τὸ
2129 1713 2390 1781 οἱονοῦν
2435 1708 2739 1802 ἀκίνητον

393 1823 676 1905 έχοντες,
737 1813 779 1906 ἢ
838 1814 1056 1894 ἄλλως
1098 1816 1203 1880 καὶ
1249 1809 1364 1896 οὗχ
1409 1810 1499 1892 ὥς
1544 1814 1614 1893 ἐξ
1656 1814 1993 1881 ἐπικοίνου
2036 1825 2180 1893 τοῖς
2224 1814 2547 1901 ἐγγίζουσι
2588 1816 2741 1904 κτή-

389 1946 557 2007 μασι
599 1918 765 1987 κατά
808 1943 873 1983 τι
917 1922 1116 2001 μέρος
1146 1909 1662 2000 ἀναμεμιγμένοι
1690 1909 1733 2003 ἢ
1764 1923 2371 2001 συμπαρακείμενοι
2401 1913 2740 2002 ὃμοτελεῒς

387 2018 431 2112 ἢ
488 2020 719 2100 ἁπλῶς
773 2018 1275 2105 πλησιάζοντες,
1332 2019 1727 2103 βουληθεῖεν
1787 2016 2142 2104 ἐκποιῆσαι
2210 2017 2294 2085 τὰ
2362 2019 2507 2086 ἰ’δια
2570 2017 2740 2085 κατὰ

391 2130 640 2211 πρᾶσιν
685 2118 726 2210 ἢ
759 2119 1155 2208 ἐμφύτευσιν
1185 2112 1228 2205 ἢ
1255 2124 1619 2201 μίσθωσιν,
1665 2117 1753 2204 μὴ
1788 2117 2109 2206 πρότερον
2142 2119 2339 2207 ἑτέρῳ
2372 2123 2498 2186 τινὶ
2529 2124 2738 2187 ταῦτα

392 2228 886 2302 ἐκποιείτωσαν,
936 2222 993 2288 εἰ
1034 2220 1123 2308 μὴ
1170 2218 1341 2304 πρὸς
1388 2219 1671 2298 ἐκείνους
1716 2220 2305 2306 διαμαρτύρωνται,
2355 2219 2468 2300 οὓς
2501 2222 2737 2288 καλοῦ-

391 2354 511 2413 μεν
555 2323 721 2392 κατὰ
763 2322 949 2401 τάξιν
995 2320 1166 2407 πρὸς
1207 2319 1322 2407 τὴν
1368 2327 1803 2408 προτίμησιν·
1848 2322 1960 2389 ἵνα
2004 2326 2265 2408 πρῶτοι
2300 2325 2641 2409 κληθῶσιν
2672 2324 2738 2390 οἱ

394 2425 637 2514 ἀναμὶξ
680 2430 1087 2511 συγκείμενοι
1131 2432 1491 2507 συγγενεῖς·
1552 2417 1695 2491 εἶτα
1739 2425 1805 2491 οἱ
1850 2420 2113 2503 οὕτως“
2159 2426 2739 2512 συμπεπλεγμένοι

391 2535 731 2599 κοινωνοί·
776 2520 928 2610 μεθ’
979 2523 1095 2602 οὓς
1139 2525 1203 2591 οἱ
1245 2523 1447 2609 μόνον
1494 2520 2025 2612 ἀναμεμιγμένοι,
2076 2527 2134 2593 εἷ
2176 2534 2281 2593 καὶ
2316 2528 2491 2606 ξένοι
2519 2527 2735 2615 πάντη

392 2637 485 2720 τῷ
533 2632 920 2715 ἐκχωροῦντι
961 2625 1366 2710 τυγχάνοιεν·
1415 2626 1649 2692 ἔπειτα
1692 2629 1799 2693 καὶ
1846 2626 1911 2692 οἱ
1943 2635 2547 2713 συμπαρακείμενοι
2577 2624 2738 2713 ὅμο-

392 2738 631 2811 τελεῒς·
679 2735 1033 2815 μετέπειτα
1079 2729 1142 2795 οἱ
1189 2723 1420 2806 ἁπλῶς
1469 2728 1534 2795 ἕν
1578 2753 1711 2795 τινι
1739 2734 1925 2813 μέρει
1954 2734 2306 2808 συναπτῶς
2338 2726 2737 2818 ἦνωμένοι”,

395 2830 731 2918 ὃμοτελεῖς
786 2833 857 2897 δέ
915 2855 1132 2918 φαμεν
1189 2829 1446 2907 πάντας
1499 2827 1654 2906 τοὺς
1708 2825 1844 2894 ὑπὸ
1888 2828 2003 2896 τὸν
2049 2825 2248 2896 αὐτὸν
2293 2826 2739 2918 ὑποτεταγμέ-

394 2960 506 3004 νον
566 2931 1172 3022 ἆναγραφομένους,
1241 2925 1362 2997 κᾶν
1420 2930 1489 2996 ἐν
1548 2929 1900 3016 διαφόροις
1953 2930 2219 3010 τόποις·
2247 2932 2332 2999 τὰ
2374 2933 2519 2999 ἰ’δια
2558 2935 2739 3000 τελέ-

395 3058 613 3119 σματα
667 3034 1282 3116 καταβάλλωνται”.
1333 3023 1643 3097 ’πολλῶν
1710 3033 1782 3098 δὲ
1839 3033 2038 3117 πέριξ
2089 3037 2206 3100 τοῦ
2253 3034 2735 3120 ἐκχωρουμένου

390 3135 715 3223 κτήματος
736 3140 773 3170 ¹⁴
821 3133 1273 3221 ὁμορούντων,
1341 3132 1506 3198 κατὰ
1549 3132 1664 3219 τὴν
1711 3127 1910 3219 αὐτὴν
1956 3135 2139 3214 τάξιν
2187 3134 2437 3222 ἑκάστω
2482 3132 2520 3221 ἦ
2567 3158 2737 3220 προ-

391 3243 656 3324 τίμησις
687 3236 799 3303 διά
827 3239 1246 3321 μαρτυριάςιδ
1275 3231 1665 3301 τελείσθω16
1664 3286 1682 3315 ,
1718 3235 1829 3302 ἵνα
1859 3239 1989 3301 τῶν
2021 3197 2589 3322 προτιμωμένων’
2575 3238 2736 3315 ι’σως

387 3376 900 3386 -οσ--ν--σ--ῇ

394 3457 448 3493 ex
476 3445 587 3504 Syn.
606 3440 644 3489 11
671 3448 720 3489 et
736 3440 798 3490 ul
824 3441 882 3490 cl.
1019 3439 1041 3466 ⁰
1077 3440 1356 3501 intelligitur
1391 3440 1421 3489 Ι.
1447 3440 1577 3490 146.
1618 3446 1675 3491 de
1711 3445 1915 3493 contrata.
1954 3443 2276 3505 EV.(1v,38)
2312 3443 2362 3491 in
2398 3442 2538 3491 Basil.
2558 3441 2735 3504 xmf».

393 3524 411 3551 ⁷
457 3526 678 3588 Epitome
713 3539 760 3572 ιιι
799 3526 908 3588 Syn.
948 3524 1007 3573 cl.
1046 3526 1062 3572 1
1102 3532 1146 3572 et
1185 3525 1253 3574 ΙΙ;
1310 3519 1548 3577 Παλαιὸς
1593 3519 1765 3597 νόμος·
1809 3519 1958 3574 ἐστὶν
2002 3522 2211 3592 μηδένα
2260 3519 2568 3575 κωλύεσθαι
2598 3523 2737 3592 μήτε

393 3623 544 3674 παρα
582 3620 865 3671 συγγενων
897 3602 1036 3674 μήτε
1069 3602 1220 3674 παρὰ
1254 3608 1537 3657 κοινωνῶν
1572 3604 1634 3657 τὸ
1674 3601 1882 3657 ἴδιον”
1853 3625 1991 3659 οπου
2026 3612 2123 3668 (ahi
2153 3595 2328 3674 ῳτινι)
2350 3602 2604 3673 βούλεται
2627 3623 2736 3656 πω-

391 3689 533 3747 λεῖν,
585 3686 890 3756 ἐπιτρέπων
934 3688 1025 3740 καὶ
1061 3694 1336 3757 συγγενεῖς
1367 3690 1459 3742 καὶ
1492 3708 1789 3747 κοινωνους
1824 3691 2024 3743 πωλεῖν
2057 3687 2343 3748 ἀκωλύτως
2377 3680 2582 3742 οἷστισι
2613 3687 2736 3756 βού-

391 3773 584 3826 λονται
616 3790 709 3823 και
744 3771 1082 3843 διῃρημένως
1111 3790 1202 3824 και
1237 3771 1294 3833 ἐξ
1327 3770 1642 3843 ἀδιαιρέτου
1679 3773 1747 3826 τὰ
1785 3770 1930 3825 ἴδια·
1979 3772 2160 3845 ἕτερος
2195 3775 2255 3828 δὲ
2286 3775 2399 3827 κτλ.
2607 3775 2629 3802 ⁰
2665 3776 2735 3827 ef.

393 3863 425 3913 1.
463 3876 526 3911 un
565 3862 616 3911 C.
653 3877 746 3910 non
780 3863 918 3911 licere
954 3865 1144 3912 Imbuat.
1181 3864 1275 3924 (ΧΙ,
1313 3863 1397 3922 56)
1433 3863 1481 3910 iu
1521 3862 1660 3911 Rasin.
1700 3863 1785 3924 LV,
1824 3864 1870 3911 5.
2041 3861 2062 3888 ⁰
2100 3864 2292 3913 Leuncl.
2331 3864 2377 3912 in
2414 3877 2560 3924 marg.
2593 3858 2735 3910 λυσι-

393 3933 611 3998 τελείας.
755 3943 792 3970 ¹⁰
827 3945 1045 4008 Epitome
1083 3948 1129 3995 in
1167 3947 1281 4010 Syn.
1318 3946 1377 3995 cl.
1413 3947 1431 3994 Ι
1472 3954 1520 3995 ει
1547 3948 1617 3996 n:
1659 3941 1976 4000 δεσποτείας
2010 3939 2040 4007 ἢ
2076 3940 2329 4007 κτήσεως.
2472 3945 2503 3972 ¹¹
2541 3946 2734 3996 Leunoi.

395 4033 443 4080 in
482 4045 626 4091 marg.
663 4018 763 4077 εἶθ’
805 4022 976 4082 οὕτως
1001 4023 1069 4077 οἱ.
1215 4028 1252 4056 ¹²
1290 4031 1409 4080 Alii:
1451 4028 1844 4096 συνηνωμένοι.
1990 4029 2023 4056 ¹³
2059 4032 2176 4081 Alii:
2215 4026 2729 4096 καταβαλλομένους.

393 4113 432 4141 “
470 4114 590 4163 Aliiz
629 4113 708 4175 τῷ
743 4106 1133 4181 ἐκχωρουμένῳ
1170 4106 1422 4179 κτήματι.
1568 4113 1604 4142 ¹⁵
1642 4116 1835 4166 Leunoi.
1871 4111 2131 4183 διαμαρτ.
2174 4124 2223 4165 et
2240 4116 2464 4180 conjicit:
2505 4108 2599 4162 διὰ
2621 4110 2736 4162 δια-

395 4212 561 4264 μαρτ.
704 4196 743 4224 ¹⁶
780 4198 902 4261 Epic.
939 4200 985 4246 in
1024 4201 1135 4261 Syn.
1175 4200 1279 4247 CL!
1311 4207 1358 4246 et
1383 4200 1452 4248 ΙΙ;
1493 4195 1709 4246 πολλῶν
1741 4196 1801 4248 δὲ
1834 4197 1993 4267 πέριξ
2026 4199 2123 4248 τοῦ
2158 4195 2605 4267 πιπρασκομένου
2638 4212 2736 4245 πα-

397 4278 733 4348 ρακειμένων
768 4273 798 4341 ἢ
835 4281 933 4328 τοῦ
968 4274 1157 4347 έκχωρ.
1197 4277 1356 4347 κτήμ.
1400 4277 1491 4348 ὃμ-
1532 4283 1670 4332 πᾶσι
1702 4280 1842 4334 κατὰ
1878 4278 1978 4344 τὴν
2023 4276 2196 4345 αὐτὴν
2230 4277 2385 4340 τάξιν
2419 4276 2448 4342 ἦ
2483 4277 2608 4349 περὶ
2644 4279 2736 4341 τῆς

396 4361 775 4430 προτιμήσεως
820 4361 1190 4430 διαμαρτυρία
1239 4360 1569 4415 ἐντελλέσθω
1616 4370 1715 4430 (alii
1767 4362 1798 4430 ἦ
1847 4366 2175 4434 πρόσκλησις
2209 4368 2306 4429 τῆς·
2339 4362 2737 4433 διαμαρτυρίας
