2900 4950
1152 225 1270 288 Imp.
1306 224 1532 275 Heraclii.
2429 210 2505 271 41

173 378 315 448 εἴτε
366 376 447 447 ἐκ
494 381 651 447 τῶν
704 372 940 447 θείων
992 376 1219 446 οἴκων
1273 374 1413 444 εἴτε
1482 373 1563 443 ἐκ
1625 377 1761 444 τοῦ
1817 369 2130 470 εὖαγοῦς
2181 371 2514 468 ὃρφανο*

173 492 529 590 τροφείου
606 489 655 588 ἢ
738 487 1085 575 ξενώνων
1161 487 1207 583 ἢ
1286 485 1812 583 μοναστηρίων
1878 484 1926 581 ἢ
1998 487 2248 581 ἑτέρου
2317 488 2515 571 τινὸς

172 607 516 684 τοιούτου
585 614 824 683 οἴκου·
896 605 1077 700 μήτε
1142 604 1297 701 μὴν
1361 610 1441 679 ἐν
1508 601 1648 679 δύο
1715 603 2124 699 ἐκκλησίαις
2173 604 2517 699 κληρικὸν

568 726 751 800 καθ’
815 721 1246 818 οἱονδήποτε
1299 726 1763 796 τοίττεσθαι3
1815 720 2114 819 τρόπον.

166 870 280 942 Ἐν
340 873 685 962 ὀνόματι
742 877 884 940 τοῦ
944 872 1356 940 δεσπότου
1416 873 1656 960 ιἠσοῦ
1708 876 2056 959 χριστοῦ
2111 875 2253 939 τοῦ
2308 875 2513 939 θεοῦ

172 972 392 1061 ἡμῶν
437 973 1041 1059 αὐτοκράτορες
1082 981 1473 1058 καίσαρες
1505 974 1850 1061 φλάβιοι
1891 971 2333 1061 ἡράκλειός
2376 976 2511 1041 καὶ

172 1073 611 1164 ἧράκλειος
655 1082 839 1154 νέος
882 1085 1489 1153 κωνσταντῖνος
1541 1077 1837 1141 πιστοὶ
1897 1075 1975 1141 ἐν
2027 1080 2322 1161 χριστῷ
2369 1072 2513 1142 αῦ-

170 1202 523 1264 γουστοι
581 1183 875 1263 σεργίῳ
929 1179 1033 1263 τῷ
1092 1172 1518 1262 ἁγιωτάτῳ
1573 1177 1706 1242 καὶ
1750 1176 2344 1263 μακαριωτάτῳ
2389 1176 2514 1242 οἷ-

539 1279 994 1362 κουμενικῷ
1040 1276 1502 1364 πατριάρχῃ
1550 1275 1827 1363 οἰκείῳ
1872 1282 2146 1361 πατρί.

356 1378 490 1465 Τὴν
548 1378 766 1466 κοινὴν
827 1375 1082 1445 ἅπασιν
1139 1372 1488 1462 εὐκοσμίαν
1543 1404 1616 1445 τε
1655 1376 1764 1444 καὶ
1807 1376 2210 1444 κατάστασιν
2251 1379 2368 1463 τῆς
2411 1370 2517 1443 εὗ-

168 1480 493 1562 δαίμονος
534 1475 717 1566 ήμῶν
760 1480 1106 1556 πολιτείας
1149 1473 1353 1559 άξίως
1389 1482 1508 1545 τοῦ
1537 1478 1778 1566 ταύτης
1804 1484 2131 1565 μεγέθους
2158 1482 2517 1564 τηρεῖσθαί

167 1606 243 1647 τε
286 1583 395 1647 καὶ
442 1580 893 1661 διασώζεσθαι
950 1580 1063 1648 διὰ
1108 1582 1405 1668 σπουδῆς
1448 1580 1871 1665 ποιούμενοι,
1934 1578 2384 1667 διαφερόντως
2439 1579 2513 1645 δὲ

166 1683 279 1748 καὶ
311 1679 427 1766 τὴν
457 1685 591 1748 τῶν
621 1677 1001 1765 ἁγιωτάτων
1034 1681 1387 1769 ἐκκλησιῶν
1417 1684 1535 1768 τῆς
1566 1677 1953 1766 εὐδαίμονος
1980 1681 2220 1768 ταύτης
2248 1679 2514 1758 πόλεως

167 1784 277 1848 καὶ
323 1786 455 1848 τῶν
502 1782 568 1849 ἐν
615 1777 847 1861 αύταῖς
888 1782 1003 1870 τὴν
1047 1789 1244 1849 θείαν
1298 1782 1796 1869 ἐκπληρούντων
1852 1784 2259 1868 λειτουργίαν
2303 1779 2513 1866 ἄμεμ-

169 1906 345 1950 πτον
392 1877 563 1950 εἶναι
606 1882 1030 1966 πανταχόθεν
1074 1883 1430 1970 προσήκειν
1460 1880 1829 1969 ἡγούμενοι,
1873 1886 2106 1970 μηδενί
2138 1909 2210 1949 τε
2237 1882 2322 1949 τὰ
2348 1889 2514 1948 θεῖα

169 1988 279 2051 καὶ
299 1983 442 2070 ἱερὰ
463 1984 723 2065 παίζειν
744 1984 1053 2069 ἐγχειρεῖν
1071 1983 1313 2063 ἐξεῖναι
1331 1987 1437 2050 καὶ
1453 1986 1736 2071 ταραχὴν
1755 1986 1868 2053 καὶ
1885 1984 2188 2069 σύγχυσιν
2201 1989 2515 2070 γίνεσθαι.

169 2082 258 2151 τὰ
279 2084 550 2153 πάντων
584 2084 941 2170 σεμνότερα
970 2078 1013 2172 ἢ
1042 2083 1157 2171 τὴν
1189 2091 1387 2151 θείαν
1414 2080 1781 2171 ὑπηρεσίαν
1811 2080 2219 2169 ὑβρίζεσθαι,
2246 2085 2514 2153 πολλῶν

172 2180 314 2263 (οἶα
359 2186 552 2266 εἰκὸς)
596 2186 666 2254 ἐκ
708 2185 929 2274 πάσης
977 2188 1094 2270 τῆς
1146 2181 1256 2272 ὕφ’
1305 2182 1526 2272 ἥλιον41
1583 2180 1718 2251 κατ’
1768 2181 1966 2272 αὐτὴν
2021 2191 2378 2270 γινομένων
2426 2180 2516 2263 ὡς

173 2287 272 2366 εἰς
314 2287 535 2374 κοινὴν
567 2284 881 2355 ἁπάντων
910 2287 1206 2373 πατρίδα
1240 2286 1358 2373 τὴν
1384 2287 1703 2372 βασιλίδα
1731 2284 1949 2366 πόλιν,
1999 2285 2067 2353 ἐν
2108 2274 2152 2373 ᾗ
2181 2285 2514 2351 τοσούτων

172 2384 559 2475 ἁγιωτάτων
590 2388 943 2476 ἐκκλησιῶν
973 2415 1045 2455 τε
1072 2390 1183 2455 καὶ
1213 2383 1563 2477 εῦκτηρίων
1595 2388 1794 2455 οἴκων
1823 2390 1932 2454 καὶ
1961 2387 2132 2473 πρός
2161 2412 2234 2474 γε
2265 2381 2512 2473 εύαγῶν

169 2497 632 2578 μοναστηρίων
679 2490 815 2557 ἐστὶ
862 2492 1150 2577 πλῆθος,
1197 2481 1289 2559 ὧν
1317 2487 1355 2579 ἡ
1404 2491 1482 2578 σὴ
1517 2496 1880 2579 προέστηκε
1918 2488 2351 2577 μακαριότης·
2398 2487 2514 2556 οὐκ

171 2587 441 2659 ἀνεκτὸν
484 2589 825 2679 ἡγούμεθα
854 2594 1180 2677 περιϊδεῖν
1208 2596 1552 2681 βασιλικῆς
1580 2619 1652 2661 τε
1681 2596 1786 2660 καὶ
1833 2589 2149 2681 ἡμετέρας
2176 2594 2282 2658 καὶ
2316 2593 2512 2657 τοῦτο

169 2701 498 2779 προνοίας
538 2691 820 2774 ἀξιῶσαι
832 2746 849 2775 ,
883 2694 1146 2774 ἐἰδότες
1188 2697 1295 2762 καὶ
1339 2694 1494 2774 τοὺς
1525 2694 1762 2775 ἄλλους
1789 2690 1974 2781 ἡμῶν
2005 2692 2373 2779 προγόνους
2401 2694 2512 2759 καὶ

172 2795 781 2867 ἰουστινιανὸν5
823 2795 937 2862 τὸν
982 2799 1100 2880 τῆς
1141 2802 1338 2876 θείας
1379 2795 1622 2884 λήξεως
1663 2797 1953 2880 μάλιστα
1993 2806 2142 2875 ταῖς
2190 2798 2344 2880 περὶ
2397 2798 2514 2880 τῆς

171 2896 708 2982 ἕκκλησιαστικῆς
750 2896 1211 2975 καταστάσεως
1254 2899 1867 2983 κατησφαλισμένον
1913 2903 2380 2979 νομοθεσίαις,
2435 2891 2512 2962 οὗ

170 3003 526 3082 παρέργως
578 3020 651 3061 τε
692 2998 797 3060 καὶ
844 2998 1046 3061 πλέον
1091 2999 1222 3061 τῶν
1268 2995 1485 3062 ἄλλων
1531 2992 1621 3073 ὥς
1676 2996 1888 3062 εἰπεῖν
1932 2996 2016 3061 τὰ
2067 3000 2220 3083 περὶ
2263 2996 2514 3064 τούτων

170 3093 918 3181 πολυπραγμονήσαντα
961 3097 1069 3161 καὶ
1105 3095 1570 3179 προσηκόντως
1613 3095 2275 3179 ἐπανορθωσάμενον.
2367 3097 2516 3164 ἐπεὶ

171 3205 398 3266 τοίνυν
452 3195 962 3282 μεμαθήκαμεν,
1029 3193 1320 3273 πολλοὺς
1375 3194 1443 3262 ἐκ
1500 3194 1840 3282 διαφόρων
1896 3196 2226 3279 ἐπαρχιῶν
2279 3221 2353 3261 τε
2405 3199 2514 3260 καὶ

171 3303 412 3384 κωμῶν
441 3293 485 3386 ἢ
528 3299 866 3384 ἐμπορίων
894 3292 1331 3385 ἧγνοημένους
1362 3299 1483 3382 μὲν
1512 3297 1850 3377 καθάπαξ,
1900 3292 2167 3382 εὐλαβὲς
2199 3297 2270 3361 δὲ
2302 3297 2517 3381 σχῆμα

176 3403 770 3487 περιβεβλημένους
813 3402 917 3466 καὶ
961 3401 1130 3486 μηδὲ
1174 3395 1289 3478 (ὥς
1320 3398 1513 3478 εἰκὸς)
1557 3398 1895 3485 κληρικοὺς
1928 3396 2122 3477 ὄντας
2152 3393 2321 3476 ὅλως
2347 3398 2514 3485 μηδὲ

174 3501 303 3589 μὴν
340 3508 750 3587 χειροτονίας
795 3496 932 3567 ἇπό
974 3525 1155 3580 τινος
1186 3501 1409 3588 ἱερέως
1439 3497 1540 3582 οἷς
1572 3502 1784 3581 ἔξεστι
1812 3498 2254 3587 τετυχηκότας,
2302 3498 2516 3580 ἐνίους

179 3605 251 3671 δὲ
304 3602 617 3686 τυχόντας
669 3604 788 3686 μὲν
802 3606 841 3681 ⁶,
902 3597 1038 3669 ἀλλ’
1090 3604 1207 3670 ἐπί
1260 3628 1400 3670 τισι
1452 3613 1821 3682 κανονικοῒς
1877 3602 2242 3687 ἐπιτιμίοις
2284 3603 2514 3669 ἐκδιω-

175 3711 460 3788 χθέντας
505 3704 573 3771 ἐκ
616 3707 747 3770 τῶν
790 3705 1016 3770 τόπων
1064 3704 1130 3772 ἐν
1176 3699 1276 3784 οἷς
1321 3705 1488 3772 εἰσὶν
1531 3701 1573 3793 ἢ
1625 3708 1734 3772 καὶ
1778 3708 1894 3791 τῆς
1949 3705 2294 3791 λεγομένης
2339 3699 2512 3770 ἄπο-

180 3807 440 3892 λυτικῆς
468 3804 556 3892 μὴ
586 3805 898 3888 τυχόντας
929 3800 1070 3871 εἶτα
1100 3806 1428 3872 ἐνταῦθα7
1459 3809 1851 3892 φοιτῶντας,
1892 3806 2515 3888 συμπλαττομένους

180 3907 252 3988 ἐξ
294 3905 693 3993 οἱουδήποτε
736 3906 1066 3991 τάγματος
1099 3907 1424 3992 ἱερατικοῦ
1467 3901 1510 3992 ἢ
1538 3910 1808 3990 βαθμοῦ
1842 3901 2012 3973 εἶναι
2045 3909 2148 3970 καὶ
2191 3903 2514 3991 χρήμασιν

178 4003 220 4096 ἢ
260 4014 708 4095 προστασίαις
748 4005 792 4094 ἤ
832 4030 1008 4074 τισιν
1059 4005 1313 4094 ἑτέραις
1367 4004 1806 4091 περιδρομαῖς
1861 4003 2273 4093 ὑφαρπάζειν
2327 4006 2515 4093 παρὰ

311 4243 331 4272 ³
370 4247 512 4296 Vovll.
548 4239 1004 4295 κατατάττεσθαι.
1215 4245 1235 4272 ⁴
1274 4247 1419 4298 voell.
1456 4239 1553 4312 ὑφ’
1592 4239 1739 4312 ἡλίῳ.
1950 4243 1970 4271 ⁵
2007 4246 2165 4298 Leucl.
2203 4239 2302 4295 τὸν
2339 4239 2507 4296 ἷουστ.

174 4329 195 4358 ⁶
232 4324 304 4379 Τὸ
339 4327 444 4397 μέν
479 4331 605 4394 apud
641 4330 836 4381 Leuncl.
874 4332 1028 4381 deest.
1167 4329 1184 4356 ⁷
1220 4332 1415 4381 Leuncl.
1451 4325 1540 4380 καὶ
1576 4324 1683 4379 ἔντ.
