2900 4950
1227 286 1345 347 lmp.
1381 283 1574 334 Leonis.
2483 272 2562 332 75

234 433 332 502 ἔτι
386 432 464 506 τὸ
514 434 651 502 τῶν
706 431 1080 518 φροντίδων
1136 434 1363 516 φέρειν
1421 433 1699 516 φορτίον
1751 431 1862 495 καὶ
1911 431 2010 515 τῷ
2068 428 2322 497 ἐκεῖθεν
2376 431 2568 518 βάρει

232 534 626 616 πιέζεσθαις
693 531 985 610 ἄπαιδος
1038 531 1159 613 μὲν
1218 519 1366 608 οὗν,
1435 524 1663 613 ὥσπερ
1719 528 1915 616 ἔφην,
1982 526 2173 609 ὄντος
2225 533 2343 596 τοῦ
2397 532 2567 616 πρὸς

231 633 556 718 μοναχοὺς
616 633 1179 717 μεταταξᾱμένου,
1249 625 1412 717 αὕτη
1475 626 1515 716 ἡ
1586 632 1818 716 ψῆφος
1883 625 1999 697 οὒκ
2063 624 2144 697 ἂν
2207 626 2568 719 ὖπεκσταίη

237 735 450 823 ψήφῳ
496 736 719 821 ἑτέρᾳ·
767 732 826 800 εἰ
871 733 943 798 δὲ
986 731 1262 814 πάρεισι
1291 731 1531 809 παῖδες
1576 729 1750 806 (τότε
1777 729 1899 816 γὰρ
1935 726 2050 814 οὐχ
2079 727 2267 797 ὅσιον
2300 732 2569 817 ζημιοῦν

235 834 520 914 ἐκείνους
563 834 676 904 διὰ
717 831 836 919 τὴν
877 835 997 898 τοῦ
1040 837 1281 917 γονέως
1326 830 1556 917 σιγὴν),
1615 826 1690 897 οὗ
1745 831 2026 899 κωλύσει
2066 833 2411 912 παντελῶς
2451 832 2570 921 τὴν

235 928 534 1015 διάταξιν
578 934 656 1002 τὸ
700 930 1057 1018 μοναδικόν
1101 935 1345 1020 σχῆμα,
1407 928 1576 999 ἀλλά
1620 932 1848 1019 δῆλον,
1896 928 1986 1011 ὥς
2025 933 2409 1014 διατάξεται
2448 934 2569 1018 μὲν

233 1035 391 1120 περὶ
434 1039 569 1104 τῶν
610 1037 863 1118 μερῶν,
917 1031 959 1100 ἃ
1000 1044 1145 1114 τοῖς
1187 1035 1424 1102 παισιν
1468 1034 1580 1119 ισῃ
1623 1031 1736 1099 καὶ
1778 1041 2034 1120 νομίμῳ
2078 1036 2356 1122 διανομῇ
2397 1030 2572 1100 ὖπο-

237 1135 777 1228 κληρωθήσεται,
834 1136 951 1202 τοῦ
1009 1135 1079 1201 δὲ
1120 1140 1361 1218 μέρους
1401 1136 1520 1202 τοῦ
1565 1133 1737 1216 πρὸς
1780 1133 2024 1201 ἐκεῖνον
2067 1131 2353 1219 ὁρῶντος
2396 1130 2570 1202 ἀπα·

234 1235 553 1322 στήσεται
592 1231 632 1321 ἡ
680 1234 993 1315 διάταξις,
1040 1230 1129 1313 ῶς
1172 1231 1546 1321 ὁλοκλήρως
1588 1229 1789 1299 αὐτοῦ
1829 1237 1925 1319 τῷ
1953 1242 2370 1320 μοναστηρίῳ
2413 1231 2572 1323 ἀνή-

231 1359 484 1414 κοντος.
573 1329 740 1408 ἀλλὰ
781 1338 889 1406 καὶ
934 1335 994 1404 εἶ
1036 1334 1332 1413 θάνατος
1374 1330 1513 1411 (οἷα
1552 1333 1773 1401 πολλὰ
1823 1333 1907 1402 τά
1952 1330 2373 1420 ἀνθρώπινα)
2420 1334 2572 1402 σύν-

231 1459 443 1519 τομος
486 1435 763 1515 ἐπιστὰς
803 1436 919 1524 τὴν
967 1439 1102 1502 τῶν
1140 1436 1548 1521 πραγμάτων
1574 1435 2018 1521 μεσολαβήσει
2049 1436 2384 1523 διανομὴν,
2429 1431 2568 1503 οὔδ’

238 1533 454 1616 οὕτως
494 1540 838 1617 παντελῶς
883 1532 1423 1623 ἀπαρρησίαστος
1475 1531 1516 1624 ἦ
1558 1539 1695 1604 τῶν
1735 1536 2145 1622 πραγμάτων
2186 1549 2332 1617 τοῖς
2371 1535 2572 1605 παισὶ

232 1640 586 1723 βοηθοῦσα
631 1639 984 1725 διοίκησις,
1039 1633 1209 1706 ἀλλὰ
1248 1637 1417 1706 κατὰ
1458 1636 1574 1705 τόν
1618 1637 1956 1725 εἰρημένον
1996 1637 2252 1724 τρόπον
2291 1638 2378 1706 τὰ
2418 1637 2572 1706 τού·

232 1751 379 1815 τοις
405 1738 823 1825 προσήκοντα
853 1746 1110 1826 νομίμῳ
1140 1741 1373 1826 δικαίῳ
1406 1734 1963 1828 ἀφορισθήσεται,
2001 1739 2080 1810 τὸ
2109 1735 2179 1807 δ’
2213 1739 2571 1808 ἐπίλοιπον

233 1840 353 1924 τῆς
392 1833 739 1923 ὑπάρξεως
778 1839 1192 1908 οἰκειώσεται
1242 1836 1283 1927 ἦ
1338 1839 1530 1924 μονή.
1620 1836 1790 1907 ἀλλὰ
1841 1840 1965 1926 γὰρ
2008 1844 2217 1907 ταῦτα
2259 1844 2412 1925 περὶ
2456 1844 2572 1927 τῆς

236 1937 373 2023 πρὸ
427 1943 545 2010 τοῦ
602 1941 891 2024 μονάδος
942 1948 1093 2027 βίου
1152 1944 1245 2026 τῷ
1309 1935 1656 2027 ἀνθρώπῳ
1719 1941 2103 2028 προσούσης
2161 1947 2572 2024 περιουσίας.

237 2034 339 2125 ἐφ’
400 2029 455 2126 ᾦ
512 2041 584 2108 δὲ
638 2036 676 2126 ἡ
731 2037 915 2126 ὑμῶν
972 2040 1258 2127 πατρικὴ
1324 2040 1728 2128 μακαριότης
1777 2038 2021 2128 ἠξίωσε
2077 2044 2157 2110 τὸ
2219 2047 2576 2124 θέσπισμα

235 2143 600 2224 προελθεῖν
644 2146 837 2228 (φημὶ
886 2141 962 2230 δὴ
1009 2141 1127 2210 ἐπὶ
1167 2151 1311 2221 τοῖς
1352 2137 1627 2224 ὕστερον
1667 2144 1787 2207 τοῦ
1829 2140 2120 2224 μονάδος
2164 2148 2315 2225 βίου
2360 2163 2575 2223 προσ·-

235 2246 606 2325 γινομένοις
648 2241 1035 2329 πράγμασι),
1081 2247 1278 2310 τοῦτο
1322 2243 1752 2325 θεσπίζομεν,
1798 2241 1876 2307 τὸ
1921 2241 1989 2309 ἐκ
2027 2245 2149 2308 τοῦ
2177 2244 2408 2326 καιροῦ
2453 2243 2571 2307 τοῦ

238 2335 389 2406 καθ’
426 2340 500 2407 ὃν
548 2342 757 2409 εἵλετο
802 2343 918 2429 τὴν
947 2343 1194 2432 μονήρη
1225 2344 1573 2411 πολιτείαν
1601 2341 1967 2429 προϊούσης
2007 2345 2123 2429 τῆς
2165 2343 2575 2427 διασκέψεως

237 2448 547 2528 γίνεσθαι
591 2442 749 2528 περὶ
791 2446 923 2510 τῶν
965 2444 1133 2528 μετὰ
1172 2448 1380 2512 ταῦτα
1424 2449 1980 2533 προσκτηθέντων
2025 2438 2201 2531 αὐτῷ
2258 2442 2375 2531 τὴν
2427 2442 2575 2510 διά-

238 2567 471 2626 κρισιν.
533 2539 608 2609 οὗ
652 2544 774 2629 γὰρ
822 2543 996 2612 διότι
1039 2546 1107 2612 ἐκ
1149 2550 1265 2633 τῆς
1303 2548 1530 2634 λαϊκῆς
1559 2541 1814 2634 ἀγωγῆς
1856 2544 2028 2630 πρὸς
2069 2545 2186 2631 τὴν
2214 2544 2573 2630 μοναδικὴν

237 2643 743 2728 μεθιστάμενος,
792 2645 851 2712 εἰ
891 2646 980 2734 μὴ
1025 2646 1348 2731 πρότερον
1393 2648 1794 2727 ὁιατίθοιτο,
1840 2646 1957 2733 τὴν
1998 2650 2116 2712 τοῦ
2155 2644 2324 2730 μετὰ
2366 2648 2575 2711 ταῦτα

243 2742 685 2815 διατίθεσθαι
715 2741 1105 2832 ἀφαιρεῖται
1134 2745 1382 2831 ἄδειαν,
1422 2748 1536 2821 διὰ
1577 2752 1773 2814 τοῦτο
1801 2751 1910 2815 καὶ
1941 2751 2094 2833 περὶ
2135 2751 2268 2815 τῶν
2301 2742 2576 2831 ὕστερον

239 2844 599 2930 γεγονότων
655 2841 893 2931 ὁρίζειν
948 2845 1244 2917 καθόλου
1302 2851 1655 2931 κωλυθείη.
1744 2848 1877 2919 ἐκεῖ
1925 2851 2046 2932 μὲν
2106 2847 2229 2934 γὰρ
2294 2842 2577 2933 εὐλόγως

241 2943 564 3033 ἀφῃρεῖτο
608 2945 725 3033 τὴν
770 2946 1092 3027 ἐξουσίαν,
1139 2947 1287 3015 ἐπεὶ
1332 2948 1398 3015 ἐν
1442 2943 1621 3033 αὐτῷ
1670 2943 1743 3015 ὂν
1771 2947 2269 3032 βουλεύσασθαι
2298 2949 2397 3016 ἔτι
2421 2973 2579 3035 χρη-ι-

240 3045 585 3138 ματίζοντι
629 3046 862 3133 λαῑκῷ,
919 3049 1013 3131 τῷ
1056 3045 1144 3131 μὴ
1188 3051 1383 3115 τοῦτο
1428 3050 1683 3132 πρᾶξαι
1722 3042 1923 3127 αὐτὸς
1967 3048 2200 3116 ἑαυτὸν
2245 3049 2340 3127 εἰς
2380 3052 2577 3119 τοῦτο

238 3147 700 3231 περιΐστησιν·
769 3144 1062 3212 ἐνταῦθα
1109 3147 1179 3212 δὲ
1224 3144 1340 3213 οὕκ
1396 3147 1575 3222 ἐστιν
1634 3143 1896 3231 ὅμοιον,
1957 3144 2128 3214 ὥστε
2180 3143 2377 3214 αὐτόν
2430 3173 2582 3214 τινα

240 3241 352 3333 ὕφ’
401 3245 638 3312 ἑαυτοῦ
681 3241 725 3334 ἢ
766 3240 877 3334 ὑφ’
928 3246 1151 3332 ἑτέρου
1197 3244 1662 3334 ἀπείργεσθαι.
1730 3247 1789 3314 εἰ
1832 3249 1904 3314 δέ
1946 3271 2049 3325 τις
2092 3248 2288 3332 λέγοι,
2330 3243 2434 3313 ὅτι
2470 3247 2583 3313 διὰ

240 3350 440 3412 τοῦτο
483 3345 708 3432 μόνον,
757 3343 865 3415 ὅτι
903 3346 1207 3432 μονάζων
1251 3348 1450 3429 ἐστὶν,
1499 3344 1766 3417 ἅπαντα
1807 3347 2097 3436 λήψεται
2137 3343 2175 3434 ἦ
2220 3345 2406 3435 μονὴ,
2467 3341 2583 3414 οὐκ

247 3441 397 3514 οἶδα
442 3447 500 3515 εἰ
542 3455 890 3533 πρέποντα
909 3458 1276 3534 μονασταῒς
1307 3443 1343 3514 ὃ
1373 3453 1678 3529 τοιοῦτος
1709 3456 2095 3535 νομοθετεῖ·
2141 3452 2410 3534 πρῶτον
2438 3449 2578 3533 μὲν,

245 3548 304 3615 εἶ
347 3545 519 3615 οὕτω
551 3550 653 3616 δεῖ
694 3549 1037 3638 κτημάτων
1067 3547 1465 3634 ἀντέχεσθαι
1508 3546 1914 3636 ἀνθρώπους
1958 3554 2025 3619 οἳ
2052 3550 2168 3637 τὴν
2198 3546 2580 3636 ὑπεροψίαν

244 3643 460 3717 αὐτῶν
505 3649 1000 3735 ἐπηγγείλαντο·
1067 3652 1299 3719 ἔπειτα
1356 3654 1428 3719 δὲ
1481 3656 1590 3719 καὶ
1634 3664 1963 3740 συγγενεῖς
2003 3677 2177 3731 τινες
2222 3656 2498 3740 πένητες
2539 3644 2584 3738 ἢ

247 3748 462 3829 ἄλλως
515 3751 833 3837 γνώριμοι
887 3751 1280 3838 τυγχάνουσι
1336 3755 1432 3839 τῷ
1491 3749 1835 3841 ἀνθρώπῳ
1886 3753 2228 3840 χρῄζοντες
2271 3777 2583 3836 παραμυ-

245 3857 575 3940 θουμένης
615 3851 860 3937 χειρὸς,
908 3857 1057 3931 πῶς
1100 3848 1215 3920 οὐκ
1260 3848 1763 3937 ἀπάνθρωπον,
1818 3854 2143 3939 μηδεμιᾶς
2188 3852 2470 3929 ἐκείνους
2514 3850 2584 3918 ἐκ

247 3955 378 4020 τῶν
418 3957 540 4019 τοῦ
586 3957 932 4040 συγγενοῦς
971 3952 1376 4039 πραγμάτων
1421 3948 1784 4035 ἀξιοῦσθαι
1826 3959 2296 4036 παραμυθίας,
2354 3948 2581 4038 ὥσπερ

248 4047 387 4136 οὗχὶ
435 4055 820 4141 ξενηλασίαν
850 4050 1018 4121 ἀλλὰ
1063 4057 1449 4139 συγγενικῶν
1492 4056 1602 4120 καὶ
1633 4056 1847 4140 φίλων
1878 4052 2147 4119 ἐλασίαν
2179 4054 2326 4120 δέον
2355 4064 2582 4121 ποιεῖν

245 4153 399 4233 τοὺς
439 4156 844 4240 μονάζοντας
885 4158 993 4223 καὶ
1038 4154 1260 4222 πάντα
1289 4154 1462 4240 πρὸς
1491 4153 1762 4233 ἑαυτοὺς
1805 4154 2029 4234 ἕλκειν,
2075 4153 2385 4240 καθάπερ
2427 4153 2582 4232 τοὺς

251 4255 686 4345 πολυφάγους
742 4258 921 4327 ἔστιν
980 4252 1139 4343 ὁρᾶν
1198 4249 1274 4324 οὗ
1328 4257 1769 4345 βουλομένους
1824 4250 2202 4343 ἀπόμοιράν
2244 4282 2395 4349 τινα
2448 4258 2581 4323 τῶν

246 4364 742 4444 παρακειμένων
769 4369 913 4438 τοῖς
939 4357 1167 4437 ἄλλοις
1194 4355 1733 4442 καταλιμπάνειν.
1802 4354 1953 4437 οὔτε
1979 4355 2102 4444 γὰρ
2134 4358 2369 4436 δοῦλος
2399 4356 2581 4427 ἐλευ-
