2900 4950
373 238 497 301 498
1114 246 1232 297 eon.
1271 245 1342 296 tv.
1411 244 1527 295 nov.
1564 243 1757 296 mm.
1796 242 1985 294 miv.

1307 445 1478 507 Nov,
1525 441 1778 507 LXXIII.

1075 563 1221 643 Imp.
1268 563 1634 625 Manuelis
1680 559 2030 623 comneni

382 682 447 734 ut
488 667 805 731 immobilia
853 665 927 728 ab
970 665 1327 745 imperatore
1372 664 1588 725 donata
1633 663 1933 724 dumtaxat
1976 662 2047 721 ad
2091 660 2233 733 hoa,
2281 658 2378 736 qui
2426 658 2485 718 in
2535 657 2745 735 ‹ligni-

537 781 655 834 tate
699 766 999 830 constituti
1046 771 1203 840 sunt,
1249 765 1725 827 transmittantur
1742 765 1778 824 ².
1868 763 1958 840 (A.
2010 766 2170 826 1155
2216 759 2304 821 vel
2352 763 2569 834 1170.)

373 934 761 1017 Ὡσαύτως
809 931 937 1006 καὶ
985 931 1176 1005 κατὰ
1239 930 1376 1006 τὸν
1440 926 1955 1029 φεβρουάριον
2014 935 2220 1025 μῆνα
2269 934 2398 1022 τῆς
2446 932 2522 1026 γ’
2576 923 2736 998 ὶνδ.

385 1054 616 1153 νεαρὰ
668 1048 1085 1147 νομοθεσία
1135 1051 1392 1151 γέγονε
1441 1056 1582 1123 τοῦ
1634 1049 1872 1123 αὐτοῦ
1921 1045 2286 1144 βασιλέως
2320 1050 2448 1139 τῆς
2496 1042 2738 1137 αὐτῆς

1133 1166 1403 1265 σχεδὸν
1434 1163 1905 1268 περιλήψεως
1925 1170 1978 1238 2.

1327 1589 1500 1650 Nov,
1546 1589 1790 1651 LXXIV.

1070 1707 1218 1788 Imp.
1263 1707 1634 1769 Mannelis
1680 1691 2036 1772 Comnen'i

395 1815 468 1874 de
515 1812 637 1884 hia,
683 1810 782 1890 qui
828 1808 1194 1870 adversarios
1237 1827 1380 1870 suos
1422 1827 1631 1869 vexare
1675 1808 2088 1870 machinantur
2130 1809 2230 1880 etr,
2286 1807 2444 1885 quod
2490 1825 2738 1867 eausam

544 1913 618 1974 ab
662 1912 1015 1992 Imperatore
1060 1908 1366 1992 dijudicari
1411 1919 1472 1971 et
1514 1909 1705 1970 decidi
1748 1910 2139 1972 desiderant¹.
2228 1910 2318 1983 (Α.
2370 1911 2582 1978 1170.)

384 2080 634 2178 Ἑτέρα
684 2085 822 2153 τοῦ
876 2076 1114 2152 αὐτοῦ
1166 2076 1335 2151 λίαν
1386 2075 1757 2175 ὠφέλιμος
1806 2076 2028 2174 ,περὶ2
2092 2084 2248 2151 τῶν
2301 2074 2742 2172 συντρίβειν

392 2197 568 2283 τοὺς
616 2198 910 2272 ἑαυτῶν
975 2192 1403 2279 ἀντιδίκους
1453 2193 2071 2292 μηχανωμένων,
2140 2202 2250 2292 τῷ
2310 2190 2745 2291 βούλεσθαι

529 2416 546 2445 ¹
583 2418 767 2468 Laudat
798 2417 925 2466 Bais.
962 2416 1021 2465 ad
1055 2430 1098 2465 e.
1128 2416 1151 2466 1
1192 2431 1294 2482 syn.
1331 2416 1589 2467 Primoaec.
1627 2416 1705 2466 ed.
1741 2416 1894 2467 Rhalli
1928 2416 1971 2466 11
2006 2414 2190 2482 p.653.
2312 2411 2331 2440 ’
2367 2415 2577 2480 Respicit
2608 2415 2738 2464 Bate.

398 2504 458 2555 ad
494 2505 607 2554 Nov.
646 2503 777 2552 1.le
815 2515 978 2563 supra.

532 2584 546 2613 ¹
587 2587 714 2635 Ilaec
751 2585 939 2634 Novella
975 2587 1101 2635 inter
1144 2585 1263 2635 alias
1311 2584 1542 2634 manuelis
1589 2585 1805 2634 Novellas
1853 2587 2054 2636 liabetur
2088 2585 2134 2634 in
2174 2586 2290 2635 Cod.
2329 2586 2534 2647 Bit-ner„
2586 2585 2737 2633 Paris.

404 2670 525 2720 1351
569 2678 616 2718 et
657 2669 812 2730 1388,
860 2677 912 2719 ut
948 2671 1146 2733 proinde
1173 2662 1365 2733 Ἑτέρα
1399 2667 1501 2716 τοῦ
1538 2660 1739 2725 αὐτοῦ,
1790 2678 1844 2719 ut
1890 2678 1965 2719 est
1998 2670 2047 2719 in
2083 2670 2424 2733 inscriptione,
2462 2669 2735 2718 Manuelem

401 2756 518 2817 Imp.
557 2754 787 2815 designet.
856 2753 1032 2803 Eadem
1071 2761 1143 2803 est
1175 2754 1223 2802 in
1262 2753 1379 2804 Cod.
1418 2753 1560 2804 blare.
1602 2753 1695 2803 173
1744 2763 1793 2804 et
1831 2746 2058 2821 Ἰβήρων
2098 2754 2185 2816 12,
2239 2754 2322 2817 qui
2371 2769 2476 2804 cam
2526 2755 2735 2804 Hanueli

402 2840 517 2902 Imp.
556 2839 794 2901 expressis
829 2839 982 2888 verbis
1018 2838 1310 2888 adscribunt.
1380 2837 1605 2902 Ejusdem
1643 2839 1860 2888 Novellae
1896 2852 2006 2903 para
2038 2839 2316 2902 dispositiva
2353 2839 2626 2889 textualiter
2660 2854 2738 2888 re-

399 2925 550 2974 fertur
585 2925 632 2973 in
669 2915 961 2989 σημειώσει
996 2924 1056 2972 ad
1092 2924 1485 2973 commentarium
1521 2921 1818 2973 Balsamoniu
1851 2923 1913 2973 ad
1948 2922 2086 2975 Nom.
2123 2925 2255 2973 Phot.
2291 2925 2365 2986 tx,
2416 2925 2432 2972 1
2477 2924 2554 2973 ed.
2580 2922 2737 2972 miani

403 3012 420 3060 1
458 3026 504 3073 p.
531 3009 641 3071 166,
694 3009 833 3072 quasi
870 3000 1023 3063 „cino
1058 3003 1520 3074 μεταγενεστέραις
1554 3000 1901 3072 προστάξεως
1936 3010 2033 3056 τοῦ
2070 3001 2238 3057 αὐτοῦ
2271 3004 2532 3071 βασιλέως
2566 3004 2735 3073 πυροῦ

402 3086 593 3149 ἀλεξί
603 3108 678 3141 ου
716 3092 811 3141 τοῦ
846 3091 1138 3159 κομνηνοῦ,
1178 3084 1541 3152 &noan-acione
1573 3085 1714 3139 κατὰ
1745 3090 1894 3157 μῆνα
1927 3084 2098 3156 μάϊον
2135 3085 2237 3141 tvo.
2276 3087 2410 3156 y'“:
2464 3092 2593 3141 unde
2632 3100 2735 3140 tan-

402 3194 545 3242 quam
582 3179 727 3228 Alexii
765 3179 1000 3228 Novellam
1038 3179 1292 3228 ediderunt
1325 3177 1541 3227 Bonelid.
1563 3192 1608 3241 p.
1632 3177 1713 3238 76,
1753 3177 1945 3226 Leunoi.
1984 3185 2094 3240 post
2127 3179 2235 3241 Syn.
2274 3193 2320 3241 p.
2340 3177 2406 3226 72
2443 3185 2489 3225 et
2526 3178 2573 3225 in
2608 3177 2735 3225 ,1611-

404 3265 421 3313 1
461 3280 506 3327 p.
534 3263 625 3313 139
675 3271 723 3311 et
756 3263 796 3311 11
833 3278 880 3326 p.
910 3262 1018 3312 184.
1087 3262 1230 3319 (ilinc
1282 3262 1422 3310 etiam
1463 3262 1633 3321 wine,
1682 3261 1763 3324 qui
1814 3262 1861 3310 in
1891 3253 2084 3309 Ἅνεκδ.
2139 3262 2214 3311 ed.
2252 3262 2439 3311 fleimb.
2476 3262 2519 3310 tt
2568 3276 2616 3324 p.
2645 3260 2743 3311 134

404 3349 526 3397 hanc
565 3348 800 3396 Novellam
838 3362 892 3395 ex
931 3345 1234 3396 Codd.Bien.
1273 3353 1319 3394 et
1355 3347 1503 3395 Pari&
1536 3345 1657 3395 1351
1703 3344 1865 3408 edidit,
1901 3346 2277 3409 inscriptionem,
2314 3360 2458 3409 quarn
2494 3347 2571 3395 isti
2601 3359 2743 3409 prae-

403 3440 558 3492 stant,
609 3431 751 3479 nimis
797 3430 1026 3479 audacter
1071 3429 1136 3478 ita
1173 3428 1497 3492 interpolavit,
1544 3437 1595 3477 ut
1635 3423 1823 3497 Νεαρᾶ
1854 3428 1951 3479 τοῦ
1995 3427 2259 3494 βασιλέως
2303 3433 2491 3497 κυρίου
2527 3421 2741 3486 dulcelon

405 3513 503 3561 τοῦ
537 3512 814 3577 κομνηνοῦ
849 3514 1150 3562 inscriberet.
1220 3514 1375 3575 Atque
1412 3513 1555 3561 etiam
1593 3513 1835 3562 Mortreuil
1875 3515 1935 3563 lll
1973 3529 2018 3578 p.
2048 3516 2133 3565 161
2177 3517 2337 3566 Alexio
2375 3515 2613 3565 Novellatn
2651 3530 2741 3563 no-

403 3606 551 3646 stram
586 3597 825 3654 vindicat.)
890 3596 1063 3645 Verum
1090 3596 1216 3645 enim
1242 3610 1351 3646 vero
1385 3595 1687 3646 librariorum
1716 3606 1764 3647 et
1800 3598 2034 3649 editorum
2072 3615 2234 3649 errore
2271 3601 2493 3649 effectum
2530 3613 2641 3648 esse
2673 3599 2741 3647 vi-

404 3683 560 3744 detur,
596 3688 648 3731 ut
683 3680 714 3729 1.
751 3679 779 3729 Ι.
818 3681 980 3730 Alexio
1016 3682 1136 3730 hacc
1169 3680 1356 3729 Novella
1407 3680 1657 3732 tribuatur.
1726 3658 1958 3733 Nimirum
2008 3684 2068 3733 ad
2112 3685 2534 3747 commentarium,
2592 3697 2739 3747 quem

404 3767 658 3817 Balsamon
694 3765 754 3814 ad
804 3766 936 3815 Phot.
974 3766 1170 3815 Nomoc.
1207 3763 1442 3827 confecit,
1488 3768 1667 3828 passim
1704 3761 2024 3834 σημειώσειι·
2069 3770 2334 3832 accedunt,
2380 3769 2476 3818 sive
2523 3770 2584 3818 ab
2633 3768 2740 3832 ipso

404 3852 688 3902 Balsamone
724 3852 822 3900 sive
856 3853 915 3901 ab
951 3851 1043 3900 alio
1081 3850 1338 3899 recentiori
1373 3848 1633 3901 scholiasta
1668 3861 1837 3916 postea
1871 3853 2116 3918 adjectae3
2172 3868 2275 3903 eam
2313 3861 2499 3915 autem,
2548 3853 2610 3902 de
2644 3868 2739 3916 qua

405 3939 498 3988 lioe
531 3937 640 3987 loco
676 3938 844 3999 agitur,
883 3937 1180 4002 σημείωσιν
1215 3934 1460 3996 praecedit
1493 3936 1612 3998 alia,
1650 3951 1774 4001 quae
1810 3938 1856 3986 in
1894 3938 1969 3988 ed.
2010 3937 2158 3987 Rhalli
2194 3939 2211 3987 l
2250 3953 2296 4000 p.
2325 3937 2416 3987 152
2439 3952 2512 4001 sq.
2550 3937 2739 3999 legitur.

406 4023 474 4071 tbi
511 4023 733 4072 laudatur
766 4013 1062 4088 πρόσταξις
1095 4016 1192 4066 τοῦ
1228 4007 1486 4085 ἀοιδίμου
1518 4017 1781 4082 βασιλέως·
1814 4020 1982 4088 κυροῦ
2013 4016 2261 4088 μανουὴλ
2296 4021 2393 4069 τοῦ
2427 4020 2737 4088 κομνηνοῦε

407 4107 608 4169 proinde
641 4099 940 4171 πρόσταξις
972 4103 1094 4152 τοῦ
1130 4093 1345 4151 αὐτοῦ
1379 4100 1672 4167 βασιλέως,
1724 4121 1849 4169 quae
1897 4106 1943 4154 in
1991 4106 2142 4157 altera
2174 4099 2469 4173 σημειώσει
2500 4106 2741 4169 laudatur,

408 4198 455 4238 et
490 4191 595 4253 ipsa
629 4191 877 4252 manuelis,
914 4202 1009 4237 non
1045 4187 1193 4236 Alexii
1231 4195 1318 4236 eet.
1391 4187 1539 4248 Igitur
1573 4204 1630 4238 eo
1669 4190 1805 4253 loeo,
1853 4205 1996 4255 quem
2044 4193 2266 4255 superius
2303 4206 2358 4240 ex
2394 4192 2741 4240 commentario

406 4274 466 4324 ad
503 4274 635 4324 phot.
673 4275 809 4325 Nom.
844 4273 1151 4334 laudavimus,
1186 4270 1329 4321 verba
1362 4271 1442 4321 in·
1476 4273 1688 4340 „mpod
1716 4265 1924 4330 ἆλεξίου
1949 4273 2047 4325 τοῦ
2068 4274 2389 4343 κομνιῃνιιῦη
2425 4276 2741 4339 expungenda

408 4367 490 4408 aut
524 4366 654 4409 certe
690 4360 737 4407 in
772 4356 939 4423 κυροῦ
972 4349 1218 4421 paventi).
1253 4355 1351 4405 τοῦ
1384 4369 1431 4404 κ.
1474 4359 1701 4409 mutanda
1736 4368 1862 4409 sunt.
1935 4359 2079 4410 Error
2126 4369 2285 4411 autem
2334 4375 2391 4410 ex
2427 4376 2485 4411 eo
2522 4359 2741 4423 manarit,
