2900 4950
1066 296 1184 361 Imp.
1221 295 1480 360 Nicephori
1517 297 1720 347 phocae.
2436 282 2560 345 299

217 443 386 529 μετὰ
441 445 637 510 τοῦτο
696 444 770 510 δὲ
811 443 1000 529 παρὰ
1041 447 1159 531 τῆς
1201 449 1608 529 νομοθεσίας
1649 446 1773 532 τῆς
1817 442 2195 531 ἓκτεθείσης
2238 443 2404 511 κατὰ
2442 444 2558 531 τὴν

219 545 472 614 ἔνδειαν
516 545 955 631 ἑπισχεθῆναί
994 570 1068 612 τε
1110 547 1218 611 καὶ
1265 540 1742 632 ἀνατραπῆναι.

1091 729 1158 736 .--

1209 868 1378 930 NOV.
1425 869 1577 931 XXI.

925 987 1072 1067 Imp.
1117 987 1522 1068 Nicephori
1569 988 1856 1049 Phocae

268 1090 340 1148 de
385 1087 665 1148 aedificiis
710 1107 743 1148 a
786 1089 1125 1167 potentibus
1171 1088 1230 1148 in
1275 1090 1520 1168 praedio
1566 1108 1598 1149 a
1642 1088 2002 1168 pauperibus
2046 1075 2382 1170 compar'ato
2427 1108 2525 1151 ex-

1057 1189 1292 1250 structis
1311 1190 1346 1249 ¹.
1436 1192 1525 1264 (Α.
1571 1192 1743 1266 967.)

621 1319 867 1416 Νεαρὰ
922 1317 1003 1395 δ’
1055 1317 1471 1420 νικηφόρου
1520 1321 1686 1420 περὶ
1738 1315 2190 1418 οἰκημάτων.

388 1447 775 1539 Ἐπειδήπερ
819 1456 994 1532 τινὲς
1034 1458 1166 1520 τῶν
1211 1456 1671 1540 κεκωλυμένων
1716 1451 1855 1522 ἀπὸ
1899 1458 2030 1521 τῶν
2076 1458 2325 1541 νεαρῶν
2372 1477 2571 1540 νομο-

225 1558 481 1623 θεσιῶν
539 1556 938 1635 ἐξωνεῖσθαι
979 1559 1091 1622 καὶ
1134 1556 1599 1623 πλατύνεσθαι
1641 1555 2030 1641 προσώπων
2076 1556 2300 1639 ἔτυχον
2346 1555 2415 1624 ἐκ
2457 1579 2572 1642 yo-

226 1655 408 1745 νὶκῆς
450 1658 880 1744 κληροδοσίας
925 1652 1226 1744 ἀκίνητον
1270 1660 1498 1744 κτῆσιν
1543 1657 1610 1724 ἐν
1649 1663 1920 1744 χωρίοις
1962 1652 2007 1744 ἢ
2042 1652 2366 1743 ἆῨριδίοις
2396 1657 2571 1741 εἷλη-
2641 1738 2647 1748 ¹

230 1759 459 1846 φότες,
506 1757 911 1846 ἕξωνήσαπο
959 1759 1040 1826 δὲ,
1071 1757 1238 1842 μετὰ
1278 1762 1489 1826 ταῦτα
1534 1756 1671 1824 ἀπὸ
1714 1762 1846 1825 τῶν
1893 1762 2307 1844 συγχωριτῶν
2353 1753 2571 1826 αὐτῶν

231 1860 473 1946 σμικρά
513 1886 663 1927 τινα
704 1863 811 1926 καὶ
860 1855 1172 1947 ὀλιγοστά
1214 1859 1439 1939 τόπια,
1490 1859 1557 1926 ἐν
1601 1855 1703 1938 οἷς
1742 1859 2064 1945 οἰκήματα
2094 1860 2433 1944 πολύτιμα
2460 1862 2572 1926 καὶ

232 1956 726 2049 ἇπειρομεγέθη
775 1960 1117 2046 ἐδείμαντο
1162 1961 1450 2056 πλεῖστα
1495 1960 1590 2038 εἰς
1633 1955 2067 2045 ἆνοικοδομὴν
2112 1954 2329 2027 αὐτῶν
2371 1985 2576 2026 κατα-

227 2063 657 2150 βαλλόμενοι·
705 2063 844 2128 δεῖν
889 2056 1201 2148 ᾠήθημεν
1243 2060 1331 2149 μὴ
1380 2061 1494 2127 διὰ
1535 2060 1620 2128 τὰ
1663 2061 1905 2146 σμικρὰ
1947 2064 2156 2127 ταῦτα
2198 2060 2311 2128 καὶ
2356 2056 2575 2146 ὀλιγο-

233 2164 359 2231 στὰ
401 2163 610 2229 τόπια
654 2167 1237 2250 καταστρέφεσθαι
1277 2161 1398 2241 τὰς
1441 2159 1545 2228 ἐπ’
1595 2155 1823 2242 αὐτοῖς
1854 2165 2268 2250 δομηθείσας
2299 2158 2576 2248 ἄπειρο-

231 2269 540 2351 μεγέθεις
581 2266 689 2330 καὶ
736 2266 1141 2348 πολυτίμους
1186 2264 1414 2344 οἰκίας,
1464 2259 1603 2331 ἀλλ’
1652 2260 1796 2331 ἀντὶ
1825 2267 1959 2331 τῶν
1991 2270 2432 2351 πεπραμένων
2462 2287 2576 2330 το-

233 2373 412 2434 πίων
454 2363 810 2451 λαμβάνειν
851 2368 971 2450 μὲν
1014 2365 1168 2445 τοὺς
1209 2363 1657 2452 πεπρακότας,
1705 2366 1893 2452 εἴπερ
1939 2366 2008 2433 ἐν
2049 2377 2194 2445 τοῖς
2240 2366 2437 2447 ζῶσιν
2482 2365 2578 2433 εἰ·

235 2473 370 2550 σὶν,
430 2462 473 2556 ἢ
512 2467 602 2557 μὴ
650 2464 857 2547 ὄντων
902 2462 1118 2536 αὐτῶν
1160 2467 1314 2549 τοὺς
1356 2467 1607 2534 τούτων
1651 2467 2093 2555 κληρονόμους
2134 2462 2178 2556 ἢ
2221 2468 2576 2555 συγκληρο-

235 2558 475 2655 νόμους
519 2571 800 2637 διπλοῦν
843 2570 920 2636 τὸ
965 2569 1181 2637 ποσὸν
1224 2573 1342 2638 τοῦ
1387 2572 1923 2658 καταβληθέντος
1964 2568 2333 2657 τιμήματος
2368 2563 2418 2655 ἢ
2458 2573 2574 2656 γῆν

234 2670 636 2741 διπλασίονα
678 2675 796 2760 τῆς
838 2667 1038 2759 αὐτῆς
1078 2674 1213 2754 τῶν
1255 2678 1700 2758 πεπραμένων
1745 2671 2104 2759 ποιότητος
2143 2676 2253 2739 καὶ
2283 2669 2578 2757 ποσότη-

232 2798 348 2854 τος
390 2764 624 2854 οῧσαν,
682 2778 790 2841 καὶ
834 2774 922 2861 μὴ
970 2770 1505 2860 ἀποστερεῖσθαι
1546 2773 1701 2853 τοὺς
1744 2768 2146 2862 ἠγορακότας
2198 2776 2331 2840 τῶν
2391 2772 2578 2840 ἰδίων

238 2873 740 2962 ἐμπονημάτων.

1215 3193 1386 3256 NOV.
1431 3192 1611 3255 XXII.

934 3311 1082 3393 Imp.
1127 3312 1543 3393 Nicephori
1587 3311 1877 3373 Phocae

681 3415 756 3477 de
800 3414 997 3477 fundis
1043 3413 1392 3477 militaribus
1407 3415 1443 3477 ¹.
1535 3412 1722 3488 (Inter
1765 3415 2150 3490 963—969.)

256 3550 441 3653 Περὶ
491 3557 649 3627 τῶν
700 3550 1384 3647 ἂπεμπολησοίντων
1444 3556 1927 3646 στρατιωτῶν
1976 3544 2249 3633 τόπους
2301 3546 2586 3638 αῧτιῦν,

846 3666 1003 3741 εἶτα
1052 3676 1367 3752 τούτους
1416 3667 1990 3765 ἐπιζητούντων.

411 3798 765 3891 Ἇνήγαγεν
812 3796 848 3867 ὃ
876 3802 1498 3887 πρωτοσπαθάριος
1538 3808 1696 3887 βασ
1713 3802 1924 3868 ίλειο
1941 3826 2002 3881 ς,
2053 3795 2088 3865 ὃ
2134 3800 2251 3866 ἐπὶ
2278 3802 2408 3864 τῶν
2441 3797 2591 3885 δεή-

248 3928 435 3985 σεων,
484 3901 589 3971 ὅτι
629 3903 884 3982 τόπους
927 3896 1586 3989 ἂναλαμβανομένους
1631 3898 2007 3986 ἆναργύρως
2037 3896 2418 3967 ἀποδίδωσι
2445 3909 2591 3977 τοῖς

388 4075 406 4103 ¹
453 4078 581 4127 Haec
617 4077 812 4127 Novella
846 4081 1028 4125 servata
1065 4082 1138 4124 est
1175 4076 1223 4125 in
1262 4090 1371 4140 opp.
1409 4076 1519 4138 Syn.
1557 4073 1616 4123 cl.
1654 4074 1703 4122 1:
1758 4072 1886 4123 uude
1922 4070 2071 4121 edidit
2106 4069 2300 4121 Leuucl.
2334 4078 2445 4135 post
2479 4071 2590 4136 Syn.

251 4174 300 4224 p.
321 4159 387 4211 49
422 4162 471 4210 in
505 4161 628 4211 JGR.
665 4162 709 4213 11
742 4162 931 4227 p.1·11,
967 4161 1060 4210 hoc
1095 4159 1264 4210 titulo:
1306 4150 1633 4225 Νικηφόρον
1667 4155 1765 4205 τοῦ
1802 4154 1966 4223 φωκᾶ
2000 4148 2173 4221 νεαρὰ
2208 4146 2267 4201 δ’
2301 4168 2358 4204 π.
2401 4148 2499 4205 οἰκ.
2525 4183 2591 4194 -

253 4243 487 4308 Equidem
523 4247 790 4297 membrum
828 4246 1083 4311 disjectum
1117 4245 1452 4309 praecedentis
1488 4241 1706 4293 Novellne
1743 4256 1851 4293 esse
1890 4240 2263 4291 existimaverim.

388 4325 405 4354 ¹
455 4331 588 4380 Hanc
635 4330 784 4381 edidit
817 4329 1013 4381 Leuncl.
1047 4329 1172 4380 JGR.
1208 4329 1250 4379 11
1283 4344 1333 4393 p.
1358 4328 1456 4380 168
1502 4335 1743 4392 tamquam
1777 4318 2105 4394 Νικηφόρον
2140 4323 2238 4376 τοῦ
2274 4323 2439 4392 φωκᾶ
2473 4337 2593 4375 νεα-

253 4407 361 4480 ρὰν
395 4405 463 4460 α’.
539 4414 674 4465 Unde
710 4413 936 4463 sumserit
971 4414 1020 4465 in
1056 4414 1262 4465 obscuro
1299 4420 1389 4464 est.
