2900 4950
424 245 548 306 524
791 238 796 243 ’
1092 259 1210 308 cun.
1250 260 1320 309 iv.
1391 259 1505 309 um.
1542 259 1792 310 cxxxvii.
1832 260 2105 310 Lxxxvm.
2878 290 2879 361 1

416 415 669 492 precipi,
716 424 1009 492 quatenns
1057 410 1421 489 beneficium,
1469 412 1627 491 qnod
1668 416 1733 471 in
1772 413 2047 490 predicto
2093 414 2443 473 continetur
2483 428 2795 493 precepto
2878 382 2879 469 l

422 530 658 592 semper
711 514 1088 574 memorandi
1145 510 1545 592 Imperatoris
1605 514 1834 574 domini
1887 523 1941 573 et
1995 514 2198 591 patris
2248 511 2503 591 Imperii
2554 520 2791 584 nostri,

423 624 478 674 et
532 613 738 674 adhuc*
787 623 952 674 caret
997 614 1242 694 effectu,
1303 614 1514 674 amodo
1558 618 1838 692 potiatur
1882 614 2132 693 effectn;
2198 613 2513 675 clementia
2558 628 2793 677 nostre

423 715 495 775 ob
539 715 714 793 fidem
760 726 815 777 et
860 720 1242 800 servantem,
1290 732 1466 794 qnam
1510 732 1656 793 erqo
1699 714 2124 776 sublimitatem
2168 728 2447 777 nostram
2493 716 2790 779 exhibent

422 826 480 876 et
524 817 793 894 deinceps
839 816 1120 876 exhibere
1158 815 1563 894 pollicentur,
1623 815 1970 892 hnjnsmodi
2005 818 2362 894 peticionem
2406 834 2626 876 eornm
2674 837 2789 879 ex-
2878 874 2879 897 ,

420 917 669 977 αοιᾱὶεηε
714 918 983 978 concedit
1026 928 1084 977 et
1123 920 1415 997 precipit,
1476 920 1605 977 sine
1654 918 2072 998 prohibicione
2112 933 2231 996 per
2270 917 2639 994 manifestas
2686 922 2789 979 in-

421 1017 610 1086 sulas,
661 1016 925 1097 Cyprum
970 1017 1237 1078 videlicet
1284 1028 1340 1078 et
1372 1019 1627 1087 Cretam,
1672 1035 1773 1079 eos
1819 1022 2141 1097 neyociari,
2190 1021 2424 1079 nemine
2450 1021 2787 1100 quidquam

422 1119 494 1178 ab
543 1122 624 1179 eis
672 1123 910 1198 excipe-re
946 1129 1333 1198 presumente
1380 1119 1598 1180 horum
1641 1123 1860 1197 qratia,
1907 1130 1965 1181 et
1995 1123 2123 1179 sine
2154 1119 2528 1180 commerkiis
2560 1121 2787 1201 ubique

423 1229 734 1280 terrarum
784 1218 1030 1298 Imperii
1067 1224 1275 1281 nostri
1317 1222 1613 1284 custodiri
1654 1218 1979 1280 sociendnm
2017 1223 2300 1298 superius
2326 1223 2599 1300 scriptos
2636 1240 2783 1283 con-

423 1322 730 1383 dictiones.
823 1319 1020 1396 191‘tnr
1073 1331 1144 1381 nt
1199 1332 1255 1383 et
1310 1326 1430 1403 ipsi
1485 1322 1904 1384 certitudinem
1963 1320 2221 1380 habeant
2278 1321 2344 1380 de
2389 1325 2452 1400 in
2497 1328 2787 1400 presenti

421 1422 786 1499 chrysobnlo
836 1421 1139 1500 diffinitis,
1181 1440 1436 1501 presens
1484 1421 1913 1502 chrysobnlum
1957 1430 2047 1483 est
2078 1426 2491 1499 compositum,
2538 1424 2782 1500 sactum

419 1540 622 1583 mense
671 1522 928 1583 Octnbri
966 1524 1313 1584 indictionis
1358 1526 1663 1585 undecime
1706 1527 1857 1584 anni
1884 1540 1993 1583 sem
2021 1521 2328 1583 millesimi
2353 1530 2784 1585 sexcentesimi

422 1627 928 1702 qm'nquoyessimi
967 1627 1143 1695 sexti,
1189 1627 1256 1685 in
1300 1644 1416 1707 qno
1464 1637 1519 1686 et
1563 1637 1844 1687 nostrum
1885 1628 2053 1704 pium
2097 1633 2156 1683 et
2200 1641 2238 1683 o
2283 1624 2388 1683 deo
2416 1638 2779 1702 promotum

423 1724 799 1801 snbsiynaoit
844 1723 1192 1804 Imperium.
2505 1737 2513 1743 '

591 1823 717 1883 Hoc
761 1823 934 1901 igitur
976 1825 1383 1906 chrysobolum
1431 1828 1517 1887 sic
1560 1828 1870 1887 continens
1916 1824 2067 1885 beati
2112 1825 2395 1886 transitus
2437 1835 2499 1884 et
2534 1845 2778 1906 semper

421 1926 786 1985 memorandi
853 1925 1228 2007 Imperatoris
1294 1939 1353 1988 et
1417 1929 1607 2007 patrui
1676 1927 1912 2007 Imperii
1980 1926 2165 1987 nostri
2227 1926 2420 2004 magni
2480 1925 2775 1988 Manuclis
2878 1956 2879 1971 ¹

421 2028 778 2087 confirmans
833 2037 892 2089 et
945 2038 1146 2089 nostra
1204 2029 1391 2107 pietas
1448 2048 1556 2109 per
1612 2047 1859 2109 presens
1906 2027 2318 2106 chrysobulum
2365 2027 2612 2088 verbum
2660 2028 2775 2088 lm·

419 2128 567 2206 perii
625 2128 844 2201 nostri,
903 2130 1172 2191 concedit
1228 2140 1287 2191 et
1340 2132 1618 2210 precipit,
1678 2131 1870 2210 ipsum
1916 2127 2213 2201 videlicet,
2268 2138 2326 2189 et
2370 2146 2485 2207 que
2530 2127 2593 2189 in
2642 2129 2773 2208 ipso
2878 2192 2879 2195 ,

420 2228 769 2308 chrysobulo
835 2231 1010 2292 verbo
1057 2232 1434 2293 notificantur
1476 2250 1713 2313 semper
1758 2229 2271 2291 memorandorum
2318 2229 2771 2309 Imperatorum,

419 2331 618 2409 proavi
674 2331 895 2391 scilicet
939 2331 1171 2409 Imperii
1230 2334 1412 2394 nostri
1464 2334 1639 2395 Alexii
1689 2332 2009 2402 Comnani,
2070 2339 2128 2391 et
2172 2330 2366 2409 magni
2412 2333 2609 2409 patrui
2657 2332 2773 2393 lm·

419 2433 566 2512 perii
624 2433 808 2494 nostri
853 2432 1143 2495 Joliannis
1191 2435 1506 2509 Comnani,
1566 2438 1729 2496 firma
1788 2443 1847 2495 et
1902 2432 2249 2494 inviolabilia
2308 2451 2661 2513 permanere
2708 2435 2769 2496 111

419 2533 730 2604 omnibus,
798 2553 912 2611 que
979 2535 1318 2610 continent,
1389 2549 1447 2598 et
1505 2536 1836 2598 conservari
1885 2554 2171 2614 personas
2215 2544 2274 2595 et
2316 2553 2415 2595 res
2458 2535 2770 2597 universas

419 2633 894 2695 fidelissimorum
959 2635 1291 2697 celsitudini
1359 2647 1561 2699 nostre
1606 2638 2013 2698 veneticorum
2077 2636 2264 2696 salvas
2319 2646 2379 2697 et
2432 2635 2635 2697 illesas
2690 2638 2767 2698 ab

419 2735 581 2795 omni
625 2735 865 2796 homine
910 2735 1281 2800 sublimitatis
1329 2749 1552 2814 nostre,
1600 2759 1711 2801 nec
1756 2759 1872 2799 non
1919 2748 1980 2798 et
2009 2736 2081 2798 ab
2114 2738 2242 2817 ipso
2276 2737 2528 2817 lmperio
2561 2749 2767 2799 nostro

419 2835 478 2895 in
525 2836 797 2898 omnibus
843 2837 1151 2901 clementie
1197 2851 1397 2903 nostre
1442 2843 1649 2913 terriS,
1696 2851 1756 2903 et
1797 2833 1858 2901 111
1903 2851 2059 2902 terra
2105 2849 2165 2900 et
2208 2839 2267 2899 in
2316 2838 2495 2912 mari,
2544 2840 2764 2900 habere

416 2946 476 2998 et
529 2937 825 3017 predictos
869 2941 1175 3003 veneticos
1234 2953 1293 3004 et
1353 2944 1622 3004 universa
1685 2943 1831 3022 ipsis
1888 2943 2021 3004 data
2066 2950 2123 3001 et
2169 2959 2447 3000 concessa
2495 2959 2527 3001 a
2576 2942 2765 3002 mani—

417 3038 581 3101 festis
638 3059 876 3120 semper
930 3045 1328 3106 memorandis
1386 3044 1847 3125 linperatoribus
1902 3043 2239 3104 omnimode
2296 3041 2649 3104 inviolabilia
2706 3052 2766 3105 et

416 3141 640 3222 absque
695 3143 812 3205 nlla
858 3142 1290 3218 diminucione,
1351 3148 1676 3208 secundum
1724 3147 1879 3225 quod
1927 3146 2013 3206 eis
2059 3144 2191 3205 data
2237 3144 2473 3204 ruerunt
2516 3153 2580 3205 et
2623 3164 2766 3205 con-
2874 3213 2875 3226 χ

415 3261 614 3318 cessa,
674 3256 949 3324 presente
994 3247 1343 3326 chrysubulo
1390 3250 1565 3309 verbo
1608 3248 1846 3326 Imperii
1895 3246 2077 3308 nostri
2128 3248 2296 3306 firmo
2342 3254 2402 3305 et
2442 3245 2766 3307 inviolabili

413 3364 763 3425 permanere
808 3347 1059 3408 debente
1105 3348 1161 3408 in
1195 3349 1489 3424 omnibus,
1536 3369 1651 3430 que
1682 3349 1974 3422 continet;
2020 3350 2171 3409 l'acto
2204 3365 2408 3407 mense
2440 3345 2768 3408 Februario

415 3448 709 3526 presentis
765 3447 967 3525 quinte
1025 3448 1359 3510 indictionis
1416 3470 1519 3512 sex
1580 3449 1869 3511 millesimi
1926 3449 2333 3511 sexcentesimi
2392 3450 2765 3526 nonagesimi

415 3547 601 3627 quinti
649 3548 806 3620 anni,
855 3549 913 3608 111
961 3567 1077 3627 quo
1122 3559 1180 3610 et
1225 3560 1491 3612 nostrum
1538 3553 1699 3632 pium
1747 3562 1805 3612 et
1847 3571 1877 3612 a
1928 3553 2038 3612 deo
2084 3559 2416 3630 promotum
2448 3550 2767 3629 subsigna-

412 3648 493 3710 vit
537 3648 871 3728 Imperium.

1053 3753 1422 3815 Ysaakius
1468 3757 1527 3815 in
1576 3756 1808 3816 Christo
1852 3756 1963 3815 deo
2010 3754 2198 3816 tidelis
2245 3754 2573 3834 lniperator
2618 3766 2679 3815 et

1334 3857 1671 3917 moderator
1718 3857 2069 3919 llomeorum
2116 3856 2389 3935 Angelus.
