2900 4950
356 248 479 309 278
1251 257 1369 307 con.
1407 258 1488 306 111.
1561 257 1671 305 mov.
1708 255 1806 304 ιιι.

359 403 440 477 δι’
490 397 567 474 οὗ
611 407 1040 489 θεσπίζομεν,
1086 406 1218 470 τῶν
1265 399 1393 469 ὅσα
1433 410 1581 480 τοῖς
1623 401 1759 486 πρὸ
1803 387 1988 487 ἡμῶν
2033 400 2147 467 ἐπὶ
2190 403 2272 488 τῇ
2300 403 2712 491 κληρονομίᾳ

357 513 472 597 τῆς
514 510 646 574 τῶν
692 502 1071 585 ἆδιαθέτως
1104 502 1557 572 τελευτώντων
1591 497 1870 586 ὥρισται
1900 508 2292 587 περιουσίας
2324 498 2711 571 ἆσαλεύτων

356 615 802 696 τηρουμένων,
858 611 1055 673 τοῦτο
1108 603 1312 690 μόνον
1357 599 1526 688 ὅπερ
1573 602 1764 668 οὔπω
1807 605 1914 669 καὶ
1961 607 2074 669 νῦν
2121 604 2408 689 ἔγνωμεν
2450 611 2711 691 θεσμο-

358 714 653 799 θετηθὲν
711 710 1198 794 προσθέντεςω,
1256 705 1334 772 τὸ
1390 711 1615 789 τρίτον
1671 706 1790 791 τῆς
1847 703 2412 793 ἕπιλαγχανούσης
2466 715 2711 794 μοίρας

359 817 476 880 τοῦ
520 814 899 888 τελευταίας
941 809 1317 895 βουλήσεως
1358 805 1891 892 τετελευτηκότος
1931 808 2150 891 χωρὶς,
2197 810 2393 873 τοῦτο
2437 810 2560 893 μὲν
2587 812 2710 897 τῆς

360 926 504 992 τοῖς
550 913 619 992 ἕξ
662 907 1027 978 ἆδιαθέτου
1070 911 1499 992 καλουμένοις
1550 907 1643 986 εἷς
1685 909 2121 993 κληρονομίαν
2167 910 2710 995 προσποριζομέ-

362 1040 493 1101 νης,
540 1016 735 1080 τοῦτο
782 1013 854 1079 δὲ
896 1015 1013 1098 τῆς
1054 1014 1148 1097 τῷ
1195 1013 1491 1099 δημοσίῳ
1538 1013 1861 1095 συγγενῶν
1905 1003 2020 1093 οὐχ
2062 1006 2371 1076 ὑπόντων
2416 1010 2709 1095 εἰσκομι-

365 1117 649 1199 ζομένης,
697 1152 782 1161 -
824 1115 940 1179 τοῦ
987 1113 1291 1196 διμοίρου
1335 1105 1378 1199 ἢ
1419 1122 1565 1188 τοῖς
1611 1115 1981 1195 συγγενέσιν
2024 1106 2068 1197 ἢ
2110 1115 2206 1198 τῷ
2252 1113 2549 1200 δημοσίῳ
2591 1139 2709 1201 τη·-

363 1222 683 1301 ρουμένου
730 1211 819 1294 ῶς
866 1214 1131 1301 ἔφημεν,
1175 1251 1263 1262 -
1302 1211 1381 1278 τὸ
1423 1218 1646 1296 τρίτον
1690 1215 1784 1296 τῷ
1830 1210 2099 1278 πάντων
2130 1216 2275 1298 θεῷ
2305 1216 2411 1280 καὶ
2443 1216 2710 1298 βασιλεῖ

365 1315 532 1402 ὑπὲρ
576 1321 691 1402 τῆς
735 1311 936 1382 αὐτοῦ
981 1318 1100 1381 τοῦ
1118 1319 1156 1350 “
1185 1315 1619 1391 τελευτῶντος
1651 1313 2025 1396 δωρεῖσθαι
2056 1318 2299 1401 ψυχῆς·
2344 1316 2558 1403 τούτῳ
2592 1317 2707 1403 δη-

366 1418 527 1507 λαδὴ
573 1422 665 1504 τῷ
710 1424 895 1504 μέρει
939 1421 1556 1502 συναριθμουμένης
1598 1416 1705 1480 καὶ
1752 1417 1868 1500 τῆς
1909 1416 2043 1481 τῶν
2088 1411 2180 1494 ῶς
2209 1414 2382 1496 εἰκὸς
2412 1412 2710 1502 εὕρισκο-

364 1526 577 1605 μένων
623 1519 889 1586 οἰκετῶν
936 1516 1393 1605 διατιμήσεως,
1440 1518 1545 1582 καὶ
1595 1512 1810 1581 αὐτῶν
1842 1514 2429 1602 ἐλευθερουμένων.
2477 1513 2551 1584 οὗ
2581 1518 2709 1604 γὰρ

369 1617 555 1687 ὅσιον
613 1615 765 1686 οὐδὲ
819 1622 1164 1707 βασιλικῆς
1218 1625 1570 1704 προνοίας,
1597 1611 1734 1683 ιῗελλ>
1785 1612 1931 1683 οὐδ’
1985 1612 2712 1706 ἇνθριυπίνης“ἇπλῶς

367 1722 626 1808 γνώμης
669 1720 846 1789 ἐστὶν
890 1718 1108 1802 ἄξιον,
1158 1720 1456 1798 ἐλεεινῶς
1497 1721 1616 1784 τοῦ
1663 1718 2037 1802 ἐκβιοῦντος
2079 1722 2212 1786 τῶν
2257 1716 2709 1813 ἀνθρωπίνων

369 1819 855 1906 ἁρπασθέντος,
900 1823 1066 1907 μηδὲ
1109 1823 1203 1908 τῷ
1237 1824 1354 1887 τοῦ
1388 1821 1720 1888 δεσπότου
1740 1825 1779 1856 ¹⁵
1809 1820 2086 1908 θανάτῳ
2114 1820 2230 1886 τὸν
2260 1825 2376 1908 τῆς
2407 1823 2712 1901 δουλείας

368 1926 854 2011 διαρῤαγῆναιό
895 1933 1040 2001 τοῖς
1083 1924 1495 1990 δουλωθεῖσι
1539 1921 1758 2007 ζυγὸν,
1826 1916 1963 1988 ἀλλ’
2013 1921 2082 1989 ἐκ
2123 1927 2240 2009 τῆς
2283 1917 2501 1989 αὐτῶν
2544 1946 2713 2008 συμ-

368 2030 584 2114 φορᾶς
624 2028 736 2092 καὶ
776 2024 930 2103 τοὺς
960 2025 1522 2113 κληρονομοῦντας
1552 2034 1880 2109 συγγενεῖς
1907 2023 2023 2109 τὴν
2054 2024 2305 2092 ἑαυτῶν
2336 2031 2713 2110 θεραπείαν

367 2126 698 2214 ἐπιζητεῖν
751 2130 855 2193 καὶ
925 2125 1042 2214 τὴν
1096 2128 1440 2211 βασιλείαν
1498 2129 1592 2210 τῷ
1648 2131 1899 2212 ταμείῳ
1956 2125 2334 2211 προσόδους
2393 2127 2709 2193 ἐπινοεῖν.

367 2228 474 2294 διὸ
531 2227 607 2315 δὴ
665 2227 871 2294 πάλιν
927 2225 1590 2311 ἐπαναλαμβάνοντές
1636 2248 1885 2313 φαμεν·
1947 2227 2012 2294 εἴ
2050 2252 2154 2306 τις
2198 2222 2563 2308 ἇδιάθετός
2602 2254 2714 2296 τε-

367 2328 667 2416 λευτήσει
720 2332 826 2394 καὶ
884 2329 1148 2395 παίδων
1204 2323 1322 2411 οὐχ
1374 2324 1683 2394 ὑπόντων
1737 2322 1781 2414 ἢ
1842 2328 1909 2394 οἱ
1972 2327 2210 2394 τούτου
2276 2340 2606 2415 συγγενεῖς
2667 2324 2714 2417 ἢ

364 2431 531 2519 μηδὲ
574 2429 825 2497 τούτων
871 2426 1078 2497 ὄντων
1125 2425 1160 2495 ό
1207 2429 1526 2518 δημόσιος
1568 2431 1897 2497 καλοῖτο’“’
1943 2429 2037 2509 εἷς
2080 2430 2548 2519 κληρονομίαν,
2594 2434 2715 2521 τῆς

285 2550 300 2557 ‘
368 2532 1051 2619 συγκεφαλαιουμένης
1117 2532 1423 2599 ἐντεῦθεν
1479 2527 1747 2618 ἁπάσης
1807 2528 2244 2611 ὑποστάσεως
2302 2532 2380 2599 τὸ
2432 2536 2553 2618 μὲν
2610 2535 2715 2601 δί-

364 2636 658 2717 μοιρονω
698 2635 793 2719 τῷ
839 2632 907 2700 ἐκ
951 2632 1169 2717 νόμιον
1216 2633 1537 2719 διαδόχῳ,
1596 2644 1891 2719 συγγενεῖ
1931 2633 2124 2716 τυχὸν
2167 2629 2212 2722 ἢ
2255 2636 2584 2722 δημοσίῳ,
2631 2634 2715 2701 τὸ

369 2734 441 2800 δὲ
483 2738 705 2817 τρίτον
747 2731 915 2819 ὑπὲρ
962 2740 1290 2820 σωτηρίας
1317 2737 1436 2801 τοῦ
1468 2730 1847 2813 ἆδιαθέτως
1875 2734 2383 2823 τελευτήσαντος
2412 2733 2715 2804 ἆνείσθω

368 2837 532 2920 θεῷ,
579 2836 696 2921 τῆς
740 2834 1181 2923 διατιμήσεως
1226 2836 1293 2904 ἒν
1336 2842 1587 2923 βεβαίῳ
1605 2839 1646 2871 ¹⁰
1674 2839 1807 2902 τῶν
1838 2835 2411 2922 ἐλευθερουμένων
2442 2838 2715 2905 οἰκετῶν

366 2938 460 3022 τῷ
505 2938 1097 3025 συγκληρουμένῳω
1138 2943 1323 3020 μέρει
1365 2942 1461 3024 τῷ
1505 2941 1650 3023 θεῷ’
1694 2938 2257 3025 συλλογιζομένης.

534 3037 616 3123 β’.
677 3038 762 3105 Εἰ
803 3045 1103 3124 μέντοιγε
1148 3035 1239 3117 ῶς
1270 3037 1441 3117 εἰκὸς
1473 3046 1779 3125 συμβαίη,
1827 3043 1944 3127 τῆς
1973 3038 2356 3126 προσούσης
2384 3042 2477 3125 τῷ
2508 3034 2715 3106 ἄποι-

362 3145 617 3227 χομένῳ
674 3147 1065 3226 περιουσίας
1120 3139 1196 3206 τὸ
1256 3141 1575 3208 πλεῖστον
1634 3135 1675 3229 ἢ
1718 3143 1824 3207 καὶ
1869 3140 1948 3207 τὸ
1994 3143 2132 3207 πᾶν
2178 3135 2348 3207 εἶναι
2391 3139 2462 3208 ἐν
2502 3140 2715 3225 θερά-

367 3265 604 3320 πουσι,
669 3244 778 3309 καὶ
834 3246 1030 3309 τοῦτο
1088 3243 1382 3325 διορίσαι
1440 3241 1950 3329 φιλανθρώπως
1995 3238 2134 3325 ἅμα
2174 3244 2282 3307 καὶ
2329 3243 2719 3323 συμπαθῶς

367 3337 679 3429 ᾠήθημεν
738 3345 904 3420 δεῖν,
966 3339 1138 3409 ὥστε
1193 3343 1281 3429 μὴ
1338 3341 1495 3422 τούς
1549 3346 1670 3427 μὲν
1725 3348 1843 3410 τοῦ
1885 3347 2003 3432 τῆς
2048 3345 2348 3419 δουλείας
2391 3336 2717 3409 ἀνεῖσθαι

368 3443 587 3526 ζυγοῦ,
654 3443 808 3521 τοὺς
866 3445 938 3509 δὲ
982 3443 1641 3527 ἐνταλαιπωρεῖσθαι
1683 3444 1894 3536 τούτῳ
1941 3448 2045 3511 καὶ
2092 3435 2715 3529 κατατρύχωθαι”·

368 3537 504 3607 ἀλλ’
555 3538 752 3619 ὅσους
798 3538 833 3607 ὃ
874 3542 1162 3624 χαλεπός
1206 3568 1278 3611 τε
1319 3546 1431 3611 καὶ
1471 3545 1678 3633 βαρὺς
1719 3550 1836 3633 τῆς
1881 3548 2180 3625 δουλείας
2226 3545 2455 3614 ἐκάκου
2501 3570 2575 3612 τε
2601 3547 2721 3612 καὶ

366 3641 708 3710 κατωδὺνα
761 3644 1013 3723 κλοιὸς,
1067 3645 1331 3724 τούτοις
1386 3642 1642 3713 ἅπασιν
1700 3643 1737 3713 ό
1794 3646 2028 3733 παρὼν
2082 3643 2269 3736 ἡμῶν
2327 3646 2715 3732 ἐλευθερίαν

485 3836 550 3843 ...ι-

815 3838 870 3843 ---
961 3835 1078 3843 ..—

505 3947 538 3977 ¹³
575 3952 718 4001 Paris.
763 3950 921 4000 1351:
960 3948 1337 4015 προσθέντων.
1416 3956 1555 4004 Forte
1594 3949 1791 4004 τοίτου
1826 3982 1895 3991 -—
1924 3950 2289 4020 προσθέντος.
2452 3950 2490 3980 ¹⁴
2527 3952 2719 4002 Articu-

370 4033 443 4083 3us
478 4035 615 4085 abest
649 4050 675 4085 a
714 4036 859 4085 Paris,
905 4036 1046 4085 ¹351.
1210 4034 1246 4062 ¹⁵
1284 4038 1431 4089 Codd.
1470 4034 1686 4093 δούλου,
1726 4040 1855 4102 quod
1894 4040 2157 4090 emendavit
2194 4039 2353 4088 Witte.
2494 4034 2719 4101 ¹⁸J’nrie.

377 4116 534 4167 1351:
575 4111 965 4181 διαρπαγῆναι.
1076 4116 1108 4143 ¹⁷
1147 4121 1284 4171 Laut.
1306 4122 1471 4184 80‚8:
1510 4117 1802 4178 καλείσθω,
1826 4124 1959 4187 quud
1979 4124 2118 4173 wine
2141 4121 2384 4187 praetulit.
2491 4118 2527 4146 ¹⁸
2563 4119 2723 4170 eodd.

371 4191 615 4254 διπλοῦν,
655 4201 784 4264 quod
822 4201 1173 4252 emendandum
1210 4211 1327 4254 emt.
1519 4203 1559 4232 ¹⁹
1594 4207 1723 4256 Haec
1758 4208 1925 4257 vitiosa
1962 4222 2071 4258 esse
2105 4208 2341 4257 videntur.
2414 4205 2555 4254 Forte
2600 4193 2729 4253 ἄκε·

371 4275 547 4345 ραίας.
747 4281 788 4308 ²⁶
825 4285 969 4333 Paris.
1015 4284 1173 4335 1351:
1212 4280 1657 4355 συμληρονόμῳ·
1731 4291 1835 4342 Mox
1870 4290 1969 4341 τοῦ
2004 4289 2139 4341 θεοῦ
2175 4289 2433 4353 legendum
2468 4302 2577 4340 esse
2613 4302 2725 4339 cte·

373 4364 592 4414 diderim.
732 4363 764 4391 ²¹
805 4365 934 4414 Idem
971 4361 1380 4432 διατρύχεσθαι.
