2900 4950
908 277 1025 342 Imp.
1061 277 1209 328 Alexii
1249 285 1295 328 ot
1330 278 1528 329 loannis
1566 279 1814 332 Comeni.
2400 268 2525 330 429

189 423 514 503 πολλάκις
575 423 877 512 χρήματα
946 420 1313 512 εύρεθεῒεν,
1382 425 1631 512 ἕρμαίῳ
1700 425 2181 514 ἐντετυχηκέναι
2236 427 2530 512 οἰόμενοι

187 528 271 614 τῇ
326 526 591 614 τελευτῇ
645 529 764 592 τοῦ
820 521 1202 611 ἀρχιερέως,
1265 529 1344 614 τῇ
1403 527 1478 594 δὲ
1522 521 1809 615 ἀληθείᾳ
1852 531 1984 594 τῶν
2026 528 2114 616 μὴ
2163 528 2527 617 ἐφειμένων

190 621 422 705 αὐτοῖς
482 629 1019 712 κατατολμῶντες
1059 630 1168 694 καὶ
1235 626 1672 712 ἐξιδιούμενοι
1711 627 1797 695 τά
1840 623 2185 714 ἀλλότρια’
2240 633 2413 710 τινὲς
2458 631 2530 700 δὲ

190 725 306 794 διὰ
345 730 478 795 τῶν
523 728 1091 816 ἐξυπηρετούντων
1135 722 1363 807 αύτοῒς
1390 729 1475 796 τὰ
1503 732 1635 796 τῶν
1666 726 2086 818 {maumas
2048 731 2531 850 αφαιρούμενοι

190 827 480 908 ἕξάντεις
524 830 795 908 ἑαυτοὺς
836 832 929 916 τῷ
975 830 1191 898 δοκεῖν
1255 833 1637 898 καθιστιῦσι
1678 834 1796 897 τοῦ
1842 826 2099 898 ἀτόπου
2141 831 2378 898 τούτου
2425 832 2527 918 ἔγ-

185 929 595 1017 χειρήματος.

366 1029 447 1097 α’.
476 1026 1003 1097 Ἀναστέλλουσα
1023 1033 1180 1116 γοῦν
1200 1030 1316 1117 τὴν
1338 1028 1648 1118 τοιαύτην
1672 1030 2053 1115 παράλογον
2075 1034 2317 1117 πρᾶξιν
2347 1030 2387 1121 ἡ
2409 1041 2532 1118 βα-

193 1133 410 1198 σιλεία
451 1156 580 1215 μου
623 1131 736 1198 καὶ
774 1131 853 1197 τὸ
894 1135 1197 1198 τοιοῦτον
1236 1134 1354 1219 τῆς
1382 1132 1771 1211 πλεονεξίας
1800 1126 1974 1211 εἶδος
2004 1126 2528 1215 ἀναχαιτίζουσα,

197 1233 559 1317 διορίζεται
601 1233 714 1300 διὰ
754 1236 873 1299 τοῦ
917 1232 1250 1318 παρόντος
1294 1237 1526 1320 νεαροῦ
1572 1239 2072 1316 θεσπίσματος,
2120 1235 2370 1320 μηδένα
2413 1238 2530 1302 τοῦ

194 1334 440 1399 λοιποῦ
472 1337 605 1401 τῶν
636 1331 967 1421 ἀρχόντων
996 1334 1271 1421 ἑκάστης
1301 1334 1623 1418 ἐπαρχίας
1647 1332 1816 1419 μετὰ
1842 1333 2147 1421 τελευτὴν
2176 1337 2293 1402 τοῦ
2327 1333 2536 1421 ἐπαρ-

195 1433 443 1517 χειότου
485 1432 979 1523 μητροπολίτου
1019 1430 1064 1522 ἢ
1104 1430 1631 1520 ἀρχιεπισκόπου
1672 1431 1716 1523 ἢ
1746 1435 2119 1503 ἐπισκόπου
2151 1431 2534 1521 ἀναλαμβά-

195 1541 438 1602 νεσθαι
482 1531 621 1602 ἀπὸ
664 1540 796 1603 τῶν
841 1534 1049 1602 ὄντων
1095 1535 1163 1603 ἐν
1205 1540 1283 1624 τῇ
1327 1536 1738 1623 μητροπόλει
1763 1531 1807 1624 ἢ
1837 1536 1904 1602 ἐν
1933 1539 2012 1623 τῇ
2046 1533 2533 1625 ἀρχιεπισκοπῇ

192 1630 237 1724 ἢ
294 1637 362 1703 ἐν
416 1647 561 1715 τοῒς
602 1631 713 1703 ὑπ’
761 1633 964 1716 αὐτὰς
1006 1634 1437 1724 προαστείοις
1480 1631 1522 1724 ἢ
1562 1643 1830 1723 χωρίοις
1872 1630 1916 1723 ἢ
1960 1632 2285 1723 ἀγριδίοις
2324 1633 2369 1724 ἢ
2409 1662 2536 1723 μο-

194 1745 572 1825 ναστηρίοις
617 1733 656 1825 ἢ
699 1745 1072 1822 νομίσματα
1114 1731 1156 1824 ἢ
1201 1738 1342 1824 εἴδη
1387 1738 1539 1804 τινὰ
1583 1732 1622 1822 ἦ
1651 1737 2008 1823 πράγματα
2038 1734 2079 1825 ἢ
2110 1740 2243 1819 ζῶα
2270 1735 2314 1827 ἢ
2345 1738 2536 1826 ἕτερά

194 1866 376 1907 τινα·
410 1841 809 1926 διαφέροντα
874 1833 1132 1918 αὐτοῖς,
1200 1833 1368 1904 ἀλλὰ
1421 1840 1587 1925 μηδὲ
1634 1835 1804 1917 ὅλως
1850 1838 2059 1906 ἐκεῖσε
2118 1840 2537 1925 εἰσέρχεσθαι

194 1940 359 2026 μήτε
386 1936 622 2018 αὐτοὺς
662 1938 826 2025 μήτε
868 1938 1023 2017 τοὺς
1067 1938 1624 2023 ἕξυπηρετοῦντας
1659 1933 1902 2016 αὐτοῖς.
1950 1935 2141 2006 αὐτοὶ
2168 1943 2287 2024 μὲν
2315 1941 2437 2028 γὰρ
2470 1942 2536 2008 οἱ

196 2044 329 2107 τιῦν
381 2043 612 2125 χωριῦν
667 2037 973 2123 ἄρχοντες
1027 2040 1091 2105 οἱ
1152 2035 1591 2124 ἀπερχόμενοι
1651 2033 1689 2125 ἢ
1747 2034 2267 2119 ἀποστέλλοντες
2329 2067 2532 2121 τινας,

196 2144 302 2208 καὶ
350 2135 1048 2226 ἀναλαμβανόμενοι
1005 2167 1045 2225 η
1093 2135 1231 2206 ἀπὸ
1273 2143 1391 2206 τοῦ
1449 2135 1971 2206 ἐπισκοπείου
1927 2167 1966 2228 η
2012 2135 2151 2206 ἀπὸ
2194 2146 2325 2208 τῶν
2366 2165 2538 2228 προ-

197 2249 479 2309 αστείων
522 2240 634 2308 καὶ
672 2247 1131 2329 μοναστηρίων
1175 2241 1315 2328 ε’ίδη
1360 2239 1511 2307 τινὰ
1553 2235 1596 2328 ἢ
1625 2239 1983 2326 πράγματα
2023 2235 2066 2328 ἢ
2096 2237 2538 2327 νομίσματα”
2495 2271 2535 2330 η

200 2343 336 2425 ζῶα
389 2341 847 2428 καταθήσουσι
902 2340 1075 2426 πρὸς
1132 2340 1247 2429 τὴν
1306 2343 1678 2428 ἐκκλησίαν,
1746 2332 1790 2430 ᾗ
1845 2339 2193 2409 ὖπόκειται
2244 2339 2284 2431 ἧ
2340 2347 2536 2410 τοῦτο

198 2446 525 2512 παθοῦσα
568 2438 989 2532 ἒπισκοπὴ
945 2473 983 2533 η
1033 2438 1518 2531 ἀρχιεπισκοπὴ
1563 2439 1607 2532 ἢ
1633 2443 2067 2532 μητρόπολις,
2113 2445 2537 2530 νομισμάτων

199 2547 425 2633 λίτρας
482 2545 601 2632 ιβ’,
662 2542 1060 2634 ὀφειλούσας
1116 2542 1580 2613 ἀποδίδοσθαι
1638 2540 2165 2633 ἀπροφασίστως
2207 2545 2379 2631 πρὸς
2419 2547 2537 2636 τὴν

203 2647 654 2735 ζημιωθεῖσαν
698 2648 1056 2735 ἐκκλησίαν,
1103 2647 1273 2736 πρὸς
1314 2650 1407 2734 τῷ
1450 2650 1557 2713 καὶ
1590 2673 1706 2733 την
1738 2646 1806 2713 ἐκ
1834 2651 1950 2734 τῆς
1976 2644 2386 2733 βασιλείας(
2346 2652 2534 2739 ημῶν

202 2746 724 2816 ἐπισπάσασθαι
768 2745 1220 2836 ἀγανάκτησιν.
1283 2748 1341 2817 εἷ
1386 2749 1459 2815 δέ
1499 2773 1602 2826 τις
1644 2750 1777 2813 τῶν
1822 2747 2389 2874 ἐξυπηρετούντων
2421 2745 2539 2817 αύ-

201 2859 346 2935 τοῖς
386 2850 689 2916 τοιοῦτόν
731 2875 799 2915 τι
830 2848 1284 2934 διαπράξεται,
1330 2874 1449 2914 καν
1481 2844 1919 2966 ἀξιωματικός
1954 2849 2073 2935 ειή,
2120 2854 2387 2934 πρῶτον
2417 2853 2538 2936 μὲν

203 2945 296 3028 ὥς
336 2949 725 3035 παραβάτης
766 2953 884 3015 τοῦ
926 2944 1243 3036 ἡμετέρου
1287 2947 1796 3033 προστάγματος
1841 2948 1954 3015 διὰ
1985 2951 2237 3033 δαρμοῦ
2269 2974 2538 3037 σωφρο-

201 3048 599 3137 νισθήσεται
639 3054 751 3117 καὶ
790 3054 1060 3134 κουρᾶς,
1108 3051 1339 3117 ἔπειτα
1384 3049 1458 3115 δὲ
1499 3051 1607 3114 καὶ
1653 3048 1825 3135 λόγῳ
1868 3054 2111 3136 ποινῆς
2154 3046 2538 3139 ἀπαιτηθή-

203 3175 393 3218 σεται
445 3151 670 3237 λίτρας
725 3151 1147 3235 νομισμάτων
1206 3151 1325 3231 ἕξῧ.
1417 3149 1476 3216 εἰ
1521 3150 1593 3215 δὲ
1635 3153 1742 3216 καὶ
1786 3154 1920 3216 τῶν
1964 3151 2033 3218 ἔκ
2074 3155 2192 3239 τῆς
2233 3151 2541 3238 τοιαύτης

203 3253 576 3338 ἐπισκοπῆς
617 3254 937 3340 κληρικῶν
980 3278 1083 3331 τις
1127 3248 1217 3329 (ὃς
1260 3246 1667 3337 ύφελόμενός
1706 3277 1857 3318 τινα
1893 3255 2026 3318 τῶν
2054 3255 2172 3340 τῆς
2203 3252 2541 3339 ἐκκλησίας

203 3353 609 3440 πραγμάτων
667 3360 1016 3440 φωραθείη
1076 3354 1488 3437 (τολμᾶσθαι
1546 3349 1667 3438 γὰρ
1726 3353 1803 3440 δὴ
1847 3356 1955 3420 καὶ
1999 3356 2278 3420 τοιαῦτα
2320 3353 2541 3419 πολλὰ

204 3455 389 3539 παρὰ
430 3458 563 3521 τῶν
606 3456 922 3541 κληρικῶν
963 3450 1004 3540 ἦ
1048 3455 1356 3538 βασιλεία
1395 3477 1526 3537 μου
1558 3448 2003 3543 ἀνεδιδάχθη),
2052 3455 2408 3539 διορίζεται
2429 3457 2541 3522 καὶ

203 3556 476 3636 τούτους
529 3556 698 3640 μετὰ
754 3553 985 3642 ἀκριβῆ
1033 3557 1287 3642 ἔλεγχον
1328 3559 1436 3623 καὶ
1484 3559 1599 3643 τῆς
1643 3551 1964 3642 ἀληθείας
2004 3556 2378 3644 κατάληψιν
2421 3560 2538 3622 τοῦ

207 3657 448 3725 οἰκείου
492 3657 839 3724 ἐκπίπτειν
880 3661 1172 3741 βαθμοῦ,
1229 3654 1319 3736 ὥς
1359 3657 1443 3726 τὰ
1486 3662 1581 3745 τῷ
1625 3661 1767 3744 θεῷ
1812 3654 2292 3743 άνατεθειμένα
2336 3653 2540 3744 ἀφαι-

207 3764 561 3843 ρουμένους
614 3761 724 3824 καὶ
781 3757 1157 3843 ἱεροσύλους
1209 3756 1510 3845 ἄντικρυς
1560 3759 2033 3844 λογιζομένους.
2123 3754 2237 3825 ούκ
2282 3759 2540 3838 ἐξέσται

205 3864 425 3926 τοίνυν
467 3853 607 3925 ἀπὸ
650 3861 767 3924 τοῦ
813 3857 1144 3943 παρόντος
1187 3856 1338 3924 ου’τε
1379 3869 1634 3942 κριταῖς
1677 3855 1829 3926 οὕτε
1872 3855 2360 3944 ἀναγραφεῦσιν
2391 3856 2543 3925 ουτε

207 3960 614 4046 πράκτορσιν
659 3983 810 4027 ουτε
852 3959 1071 4037 δουξὶν
1117 3957 1268 4025 οὕτε
1312 3969 1703 4045 στρατηγοῒς
1745 3957 1898 4025 οὔτε
1945 3969 2349 4046 προνοηταῒς
2393 3955 2544 4065 οὕτε

210 4060 436 4140 ἄλλοις
477 4064 616 4128 τισὶ
662 4059 1065 4149 δημοσιακὰς
1110 4059 1410 4136 δουλείας
1453 4058 2058 4145 ἐγκεχειρισμένοις,
2114 4059 2285 4144 μετὰ
2323 4028 2544 4127 τελευ-

207 4162 323 4250 τὴν
366 4165 500 4229 τῶν
545 4157 893 4249 ἀρχιερέων
936 4159 1388 4248 παραβάλλειν
1433 4155 1603 4239 ὅλως
1645 4170 1789 4238 τοῖς
1832 4155 2374 4242 ἐπισκοπείοις”
2330 4188 2370 4251 η
2401 4166 2544 4245 τοῖς

348 4380 368 4409 ⁸
406 4385 532 4434 Haec
568 4394 792 4449 corrupta
826 4394 954 4437 sum.
1026 4386 1166 4435 Forte
1198 4377 1562 4452 νομισμάτων
1593 4383 1847 4434 delendum
1885 4393 1973 4435 est.
