2900 4950
376 252 499 316 624
885 300 888 303 .
1263 261 1385 311 eon.
1422 263 1472 313 v.
1545 262 1657 312 Nm.
1694 260 1823 312 xxv,

378 428 648 481 nestnnn
693 414 982 477 munitum
1025 414 1218 474 eidem
1265 413 1474 475 illustri
1519 412 1751 473 comuni
1794 411 1986 472 Janue
2029 409 2410 472 concedimus
2456 420 2519 473 et
2565 410 2759 490 largi·

378 539 530 592 mur,
577 520 649 579 ad
697 516 1170 589 declarationem,
1217 515 1399 576 robur
1441 524 1505 575 et
1544 515 1878 602 firmitatem
1922 510 2242 577 immobilis
2284 521 2347 572 et
2377 511 2757 573 inviolabilis

378 620 821 702 perseverancie
867 617 1188 685 eorundem
1233 616 1642 695 capitulorum,
1691 633 1805 694 que
1848 614 2281 693 acceptavimus
2324 623 2384 674 et
2411 613 2508 675 illa
2545 614 2751 675 adim·

376 722 663 802 plevimus
699 718 1361 799 juxtarequisicionem
1407 716 1594 796 ipsius
1650 715 1893 777 illustris
1937 716 2228 776 comunis,
2316 716 2593 786 Quorum
2640 735 2749 776 ca·

376 823 693 903 pitulorum
743 821 872 882 talis
914 830 1007 881 est
1047 828 1236 880 tenor.

549 924 744 984 Primo
788 921 1023 1000 quidem
1069 921 1224 999 quod
1273 918 1490 981 habere
1534 917 1789 978 debeant
1828 916 2160 979 Januenses
2204 917 2265 977 in
2310 916 2440 977 leco
2481 915 2741 978 Galathe

379 1024 569 1085 locum
616 1040 790 1102 quem
837 1022 1268 1102 requisiverunt
1322 1021 1380 1081 in
1428 1022 1612 1081 forma
1660 1018 2058 1097 quadrangula
2107 1018 2484 1080 terminatum
2532 1029 2599 1081 et
2640 1038 2740 1079 as·

377 1125 689 1203 signatum,
735 1123 1059 1184 seeundum
1103 1122 1262 1202 quod
1308 1123 1472 1182 loeus
1514 1120 1613 1181 ille
1660 1120 1914 1181 ambitus
1958 1130 2050 1181 est
2090 1139 2199 1200 per
2241 1121 2451 1181 saetam
2499 1121 2735 1181 foveam

378 1225 596 1287 circum
642 1226 792 1285 circa
809 1226 849 1285 2.
940 1224 1014 1285 Et
1057 1223 1322 1284 volumus
1363 1232 1423 1284 et
1462 1222 1759 1301 jubemuS,
1806 1222 1964 1300 quod
2011 1241 2042 1282 a
2089 1221 2333 1282 circuitu
2378 1220 2575 1300 ipsius
2622 1221 2733 1281 loci

381 1325 781 1388 mensurando
825 1344 1043 1387 vacuus
1087 1325 1249 1386 locus
1294 1324 1549 1385 totaliter
1589 1323 1844 1385 resideat
1874 1323 2098 1402 absque
2129 1322 2500 1385 habitacione
2533 1323 2732 1401 aliqua

379 1428 628 1508 alicujus
673 1444 926 1505 persone
971 1444 1079 1505 per
1119 1427 1373 1504 spatium
1421 1425 1718 1503 sexaginta
1765 1424 2115 1485 cubitorum.
2206 1424 2354 1484 Era
2401 1442 2578 1485 muro
2627 1426 2735 1484 Ca-

381 1530 488 1591 stri
534 1528 776 1588 Galathe
831 1526 1158 1586 secundum
1217 1525 1582 1589 latitudinem
1648 1525 1835 1604 ipsius
1894 1525 2042 1586 muri
2105 1542 2293 1604 usque
2334 1522 2409 1585 ad
2458 1525 2727 1603 ipsorum

375 1628 762 1690 Januensium
819 1628 1085 1687 confines
1139 1627 1313 1687 etiam
1372 1627 1448 1687 sit
1506 1627 1669 1687 locus
1726 1636 1882 1688 totns
1926 1645 2140 1687 vacuus
2186 1642 2298 1687 nec
2340 1626 2510 1687 alicui
2562 1626 2733 1687 liceat

379 1729 804 1790 habitacionem
853 1726 1046 1788 facere
1089 1745 1325 1807 quoquo
1373 1728 1578 1802 modo;
1630 1728 1782 1788 infra
1830 1746 1967 1788 vero
2010 1728 2200 1787 locum
2248 1728 2581 1805 predictum
2629 1728 2731 1787 ha·

380 1830 687 1892 hitacionis
730 1830 992 1908 ipsorum
1035 1829 1423 1890 Januensium
1472 1829 1727 1890 habeant
1770 1829 1883 1908 ipsi
1914 1830 2245 1890 Januenses
2289 1828 2626 1889 libertatem
2668 1838 2727 1890 et

379 1932 718 1995 mandatum
764 1931 1011 1992 faciendi
1059 1931 1397 1992 mansiones
1441 1942 1503 1991 et
1545 1941 1868 1992 structuras
1913 1940 1971 1991 et
2001 1929 2144 1991 alias
2174 1929 2482 1993 firmitates
2512 1940 2577 1992 et
2604 1946 2732 1992 om·

381 2053 517 2095 nem
578 2033 750 2093 aliam
809 2032 1178 2093 securitatem
1226 2033 1298 2092 ad
1345 2050 1547 2095 eorum
1595 2032 2230 2111 voluntatem‘pmeter
2274 2041 2500 2092 tantum
2548 2032 2728 2093 modo

381 2154 611 2196 murum
667 2135 876 2205 castri,
935 2133 1093 2212 qnod
1151 2132 1387 2211 quidem
1446 2144 1789 2194 construere
1833 2132 1895 2197 in
1940 2133 2071 2212 ipso
2115 2132 2243 2194 loco
2291 2133 2560 2194 volumus
2606 2153 2724 2194 non

379 2237 576 2297 licere.

553 2337 693 2397 ltem
752 2334 907 2413 quod
967 2333 1224 2394 habeant
1281 2333 1340 2394 in
1398 2336 1605 2395 eodem
1653 2335 1780 2395 loeo
1822 2335 2155 2397 Januenses
2199 2345 2258 2397 et
2302 2335 2402 2414 qui
2448 2345 2731 2397 tenentur

377 2438 710 2500 Januenses
752 2434 1080 2497 libertatem
1125 2435 1253 2496 sine
1299 2434 1496 2516 aliquo
1541 2436 1978 2516 impedimento,
2027 2448 2086 2499 et
2128 2437 2381 2499 habeant
2415 2437 2725 2500 macellum

379 2548 440 2600 et
468 2536 830 2599 macellarios
855 2535 1263 2611 Januensium,
1309 2548 1370 2598 et
1401 2538 1671 2599 mes-sitas
1698 2537 2106 2609 Januensium,
2154 2539 2384 2618 logiam,
2420 2538 2721 2611 balneum,

379 2637 650 2719 proprias
695 2636 784 2696 sui
831 2635 1126 2708 ecclesias,
1174 2640 1538 2699 sacerdotem
1585 2639 1671 2698 vel
1719 2641 2054 2701 sacerdotes
2094 2640 2426 2701 Januenses
2472 2650 2530 2701 et
2567 2640 2725 2700 Lati-

380 2758 509 2810 nos‚
556 2747 831 2798 stateram
878 2749 936 2799 et
973 2739 1395 2817 ponderatores
1423 2739 1830 2814 Januensium,
1878 2741 2118 2813 scribaS,
2167 2759 2478 2802 mansuras
2508 2751 2569 2802 et
2598 2760 2726 2801 om·

380 2839 478 2900 nia
523 2839 630 2899 alia
679 2858 798 2917 que
841 2839 1129 2900 voluerint
1171 2840 1242 2900 ad
1289 2840 1644 2903 volunlatem
1690 2853 1750 2903 et
1792 2843 2068 2921 placitum
2101 2859 2323 2904 eorum.
2388 2843 2721 2902 ponderare

378 2952 575 3003 tamen
622 2942 873 3001 debeant
916 2941 1121 3019 prefati
1169 2942 1591 3019 ponderatores
1637 2943 1896 3022 ipsorum
1946 2954 2221 3023 presente
2267 2943 2457 3004 scriba
2493 2943 2722 3004 velatio

379 3043 598 3103 nuncio
644 3059 714 3103 ex
758 3052 922 3122 parte
967 3043 1239 3102 comercii
1273 3043 1505 3121 Imperii
1555 3045 1759 3105 nostri.
1828 3044 1904 3105 Et
1946 3044 2059 3124 ipsi
2107 3043 2340 3123 quidem
2386 3044 2721 3106 Januenses

378 3144 595 3205 habere
639 3143 892 3204 debeant
935 3144 1334 3204 omnimodam
1377 3143 1702 3205 libertatem
1750 3153 1808 3206 et
1850 3147 2226 3206 franchiziam
2274 3145 2345 3205 ad
2387 3144 2726 3224 ponderan-

380 3246 519 3307 dum
579 3245 977 3306 mercaciones
1035 3263 1270 3304 eorum:
1329 3246 1507 3308 ceteri
1566 3264 1698 3305 vero
1744 3246 1842 3325 qui
1891 3248 2163 3307 redentes
2208 3255 2346 3307 sunt
2391 3247 2724 3306 comercio³

380 3347 614 3426 Imperii
661 3347 881 3419 nostri,
931 3346 1071 3406 dare
1117 3345 1366 3407 debeant
1411 3366 1519 3427 pro
1565 3347 1690 3426 ipsa
1736 3347 2130 3426 ponderatur-a
2174 3347 2233 3407 id
2281 3347 2436 3426 quod
2479 3356 2569 3407 est
2611 3347 2724 3406 de-

377 3465 519 3508 cens
564 3449 889 3508 secundnm
937 3447 1375 3508 ordinacionem
1423 3459 1482 3508 et
1526 3449 2032 3522 consuetudinem,
2080 3448 2159 3509 ita
2189 3449 2345 3527 quud
2380 3468 2496 3508 non
2527 3449 2723 3528 possit

377 3549 671 3608 occultare
718 3567 782 3608 se
824 3548 914 3608 vel
961 3548 1306 3609 defraudare
1354 3551 1727 3610 eomereium.

545 3650 690 3711 Item
751 3667 883 3710 cum
941 3650 1000 3708 in
1063 3650 1266 3710 eodem
1329 3649 1456 3711 loco
1503 3650 1622 3712 sint
1665 3650 1909 3712 ecclesie
1956 3661 2076 3712 tres
2123 3651 2478 3723 Grecorum,
2539 3670 2726 3730 super

378 3749 592 3832 quibus
636 3752 810 3812 habet
853 3751 1248 3812 omnimodam
1296 3761 1643 3831 potestatem
1688 3751 2093 3813 sanctissimus
2125 3752 2398 3813 dominus
2426 3752 2725 3830 generalis

380 3851 733 3927 Patriarcha,
782 3852 1035 3914 debeant
1078 3852 1236 3932 ipsas
1282 3853 1558 3914 ecclesias
1605 3853 1823 3913 habere
1866 3855 2203 3916 sacerdotes
2250 3853 2440 3927 Greci,
2490 3863 2551 3915 et
2586 3872 2725 3915 can·

379 3963 503 4018 tare
548 3963 606 4015 et
649 3953 946 4015 celebrare
991 3954 1049 4015 in
1095 3954 1271 4033 ipsis,
1329 3956 1487 4033 quod
1542 3974 1651 4034 per
1695 3955 1886 4034 ipsum
1933 3951 2366 4017 sanctissimum
2415 3957 2724 4017 dominum

379 4056 772 4119 Patriarcham
817 4056 1150 4135 generalem
1197 4056 1498 4116 annuatim
1543 4057 1719 4117 suerit
1758 4057 2114 4120 ordinatum.

515 4205 535 4232 ²
583 4208 985 4270 instrumentum,
1023 4223 1118 4272 quo
1156 4209 1330 4258 limites
1369 4209 1561 4258 Galatae
1598 4209 1914 4272 deliniuntur,
1952 4225 2120 4259 mense
2156 4211 2277 4274 Majo
2315 4210 2414 4260 iud.
2454 4209 2472 4259 1
2511 4224 2555 4261 a.
2595 4210 2725 4262 6811

382 4290 450 4354 (p.
489 4292 601 4340 Chr.
643 4292 791 4346 1302»
841 4294 1066 4342 mandato
1105 4293 1412 4357 imperatoris
1460 4299 1719 4357 scriptum,
1768 4309 1823 4344 ex
1860 4296 2032 4344 eodem
2068 4295 2231 4344 archio
2269 4294 2417 4344 edidit
2455 4293 2593 4345 Sauli
2632 4296 2664 4345 Ι.
2699 4296 2731 4345 1.

384 4388 431 4436 p.
451 4374 566 4424 209,
705 4370 724 4400 ⁸
761 4376 912 4437 Lege:
951 4380 1194 4440 reddentes
1227 4403 1294 4414 —-
1331 4381 1662 4430 commercium.

1369 4613 1400 4620 ξ
