2900 4950
867 194 876 199 “
963 222 1081 285 unp.
1119 221 1285 270 {sancii
1323 225 1370 269 et
1408 220 1555 271 uexit
1594 220 1772 280 Augen.
2419 204 2548 269 553

1160 368 1335 431 NOV.
1379 369 1575 429 xciv.

991 486 1138 565 imp.
1183 486 1451 547 Isaacii
1500 485 1761 564 Angeli

892 587 965 646 de
1009 586 1315 666 metropoli
1365 588 1832 668 Hypaeporum¹a

1199 720 1258 782 N
1256 741 1330 782 ou
1372 733 1546 784 extat.

1179 1107 1350 1169 Nov.
1395 1108 1560 1170 XCV.

1002 1227 1147 1306 Imp.
1196 1225 1432 1287 Alexii
1480 1226 1739 1304 Angeli

643 1348 817 1390 aurea
864 1327 1017 1389 bulla
1064 1327 1299 1388 Venetis
1344 1345 1622 1389 concessa
1644 1327 1679 1387 ¹.
1768 1329 1857 1401 (Α.
1896 1330 2105 1404 1199.)

376 1497 882 1569 Quemadmodum
929 1497 1202 1558 animalia
1248 1514 1380 1558 sese
1411 1496 1486 1556 ad
1517 1494 1761 1556 invicem
1793 1494 1994 1556 intime
2025 1496 2363 1578 dilligentia,
2409 1516 2547 1578 gre-

190 1584 377 1677 ’gatim
435 1617 742 1679 quousque
797 1614 1032 1678 semper
1075 1598 1305 1669 euntia,
1364 1616 1476 1658 nec
1520 1616 1638 1657 non
1686 1606 1746 1658 ct
1788 1601 2212 1677 compescentia
2260 1612 2319 1664 et
2363 1600 2542 1663 simul

203 1700 274 1761 ad
320 1700 590 1762 sublimia
636 1704 695 1762 et
736 1700 1010 1761 inferiora
1057 1698 1454 1772 cumulantia,
1516 1698 1945 1775 coegredientia
2004 1700 2177 1762 etiarn
2223 1722 2290 1764 ac
2334 1721 2539 1782 regre-

202 1801 449 1874 dientis,
501 1811 559 1863 et
605 1803 749 1862 sorte
794 1800 1089 1862 interdurn
1137 1800 1387 1879 quadam
1433 1798 1784 1861 necessitate
1828 1799 2190 1875 secedentia,
2235 1813 2293 1865 et
2336 1804 2539 1882 sepius

202 1903 272 1963 ad
316 1903 564 1963 invicem
608 1910 768 1964 retro
813 1901 1215 1981 respicientia,
1272 1910 1331 1962 et
1372 1899 1639 1979 gruendo
1684 1916 1749 1960 ac
1796 1900 2137 1978 selingendo
2181 1912 2240 1964 et
2281 1904 2537 1982 propriis

198 2003 378 2064 unius
431 2004 718 2083 cujusque
775 2003 1010 2063 vocibus
1039 2001 1423 2064 ‚desiderium
1482 2001 1555 2061 ab
1598 2001 1846 2062 invicem
1893 2012 2250 2064 remotorum
2297 2004 2542 2064 demon-

201 2104 479 2181 strantia,
537 2114 597 2166 et
640 2104 690 2165 si
734 2104 941 2165 alicubi
989 2103 1315 2165 libertatem
1363 2102 1659 2182 ceperint,
1705 2103 1900 2164 statim
1948 2103 2113 2163 valde
2157 2104 2228 2164 ad
2275 2123 2544 2184 compas-

201 2204 390 2267 centia
437 2206 773 2279 redeuntia,
832 2213 891 2267 et
932 2205 1173 2266 letitiam
1220 2204 1605 2284 impossibille
1650 2212 1742 2265 est
1785 2203 1899 2264 dici
1946 2214 2231 2282 quantum
2276 2225 2343 2266 ex
2390 2206 2541 2267 lacto

198 2307 273 2369 ad
319 2307 564 2368 invicem
611 2324 920 2380 concursu,
965 2313 1025 2366 et
1066 2306 1219 2367 velut
1262 2305 1545 2384 dilligenti
1592 2305 1943 2367 allocutione
1990 2324 2108 2365 non
2149 2306 2541 2384 significativis

199 2417 258 2468 et
310 2407 692 2470 inarticulatis
749 2406 986 2468 vocibus
1042 2405 1575 2485 subsignilicantia:
1633 2408 1720 2468 sic
1774 2416 1834 2468 et
1888 2424 2077 2484 genus
2135 2407 2540 2469 veneticorum

196 2510 514 2589 plurimum
572 2509 872 2572 amicabile
930 2528 999 2569 ac
1054 2509 1261 2570 servile
1318 2510 1513 2570 circha
1560 2509 1904 2594 Romaniam
1965 2527 2070 2587 per
2113 2517 2378 2588 tempora
2426 2509 2541 2570 iam

195 2612 397 2686 multa,
444 2622 503 2675 et
545 2612 717 2673 etiam
764 2631 796 2672 a
843 2619 1077 2672 centum
1124 2611 1296 2671 annis
1341 2621 1398 2672 et
1443 2610 1577 2689 plus
1621 2610 2059 2672 connumeratis
2107 2610 2423 2689 possidens
2453 2611 2543 2671 in-

197 2712 474 2773 convulse
520 2731 647 2772 eam
694 2723 752 2773 et
798 2711 1221 2773 indivisibiliter
1264 2711 1507 2772 detinet.
1597 2712 1673 2773 Et
1715 2713 1763 2773 si
1812 2712 2066 2791 aliquem
2120 2721 2347 2773 remoto
2390 2714 2538 2774 forte

196 2814 286 2873 sic
323 2829 432 2874 'eos
476 2812 901 2892 persequitur²,
947 2813 1142 2892 quiete
1189 2812 1572 2873 remotionem
1619 2822 1922 2891 portantes
1965 2832 2107 2893 sepe
2151 2814 2223 2875 ad
2258 2812 2537 2876 unionem

195 2922 601 2985 revertuntur,
648 2914 836 2974 modis
881 2932 1114 2993 quoqne
1160 2913 1433 2973 omnibus
1478 2921 1609 2972 ea’m
1656 2931 1926 2974 revocare
1970 2915 2309 2993 requirunt,
2373 2923 2431 2976 et
2476 2925 2540 2978 ut

201 3012 327 3098 [adl
374 3022 619 3074 matrem
668 3032 815 3092 puer
857 3023 915 3074 et
958 3015 1029 3074 ad
1075 3013 1371 3075 dominam
1407 3013 1619 3074 verna³
1662 3013 1986 3092 respiciunt
2027 3025 2202 3094 atque
2232 3015 2535 3096 amplexus

198 3125 540 3196 expectant3
598 3132 729 3173 cum
790 3124 983 3175 autem
1043 3114 1405 3185 invenerint,
1470 3113 1972 3176 indissolubilibus
2015 3115 2260 3178 vinculis
2319 3117 2538 3178 amoris

193 3228 403 3281 tenere
446 3215 703 3276 student.

370 3316 539 3389 Quod
587 3316 822 3396 quidem
869 3325 924 3377 et
970 3335 1130 3376 nunc
1169 3316 1406 3377 Venetie
1451 3315 1644 3376 circha
1679 3316 2021 3377 Romaniam
2066 3317 2329 3396 contigit.
2389 3319 2535 3381 Nam

197 3418 452 3498 Imperio
510 3436 642 3478 meo
698 3426 930 3496 sceptra
975 3417 1260 3478 Romanie
1303 3417 1494 3477 divina
1541 3417 1902 3496 providentia
1949 3418 2340 3498 suscipiente,
2399 3439 2538 3482 con-

191 3518 570 3580 ventionibus
615 3537 869 3598 quoqne,
915 3538 1029 3597 que
1074 3518 1229 3579 inter
1269 3537 1398 3580 eam
1444 3527 1505 3579 et
1535 3518 1995 3580 dillectissimum
2027 3521 2265 3581 fratrem
2297 3523 2535 3602 Imperii

196 3620 318 3680 mei
374 3620 931 3699 pre-imperantem,
989 3619 1290 3680 dominum
1337 3619 1627 3680 lsaaltium
1671 3620 1986 3698 Angelum,
2055 3623 2311 3695 fuerant,
2371 3624 2538 3703 quasi

193 3721 685 3800 suscipientibus,
749 3721 1170 3782 nobillissimus
1215 3719 1342 3780 Dux
1386 3721 1624 3783 Venetie
1669 3730 1728 3783 et
1770 3732 2205 3800 protosevastos
2250 3724 2539 3786 Henricus

194 3822 528 3896 Dandolus‚
588 3842 656 3884 ac
710 3823 883 3885 etiam
941 3822 1067 3902 ipsa
1114 3822 1521 3883 veneticorum
1581 3822 1809 3883 consilii
1864 3824 2178 3903 prudentia
2223 3844 2404 3904 super
2445 3843 2539 3886 re-

341 4005 354 4032 ’
406 4009 644 4059 Laudatur
691 4007 750 4057 ad
801 4009 1174 4072 Dispositionem
1225 4011 1506 4058 thronorum
1558 4009 1604 4057 in
1656 4008 1775 4057 Coll.
1813 4022 1915 4057 can.
1955 4009 2033 4060 ed.
2068 4010 2221 4059 Rballi
2268 4018 2314 4058 et
2352 4010 2466 4060 Potli
2504 4013 2537 4060 V

193 4109 246 4156 p.
268 4092 367 4141 476
404 4100 500 4142 not.
528 4094 567 4142 1.

337 4172 352 4200 ¹
388 4177 669 4239 Nuper-rime
706 4191 759 4226 ex
798 4178 940 4226 Libro
977 4177 1084 4226 albo
1124 4184 1172 4226 et
1206 4178 1359 4226 Libris
1397 4179 1649 4227 Paetorum
1686 4176 1938 4227 ediderunt
1961 4178 2090 4228 Talei
2129 4187 2175 4228 et
2197 4179 2402 4229 Thomas
2430 4195 2536 4230 sae·

195 4261 309 4325 pius
346 4259 520 4309 laudati
556 4261 1011 4326 To.1.p.24Ssqq.
1149 4258 1169 4286 ²
1205 4260 1422 4311 Editores
1459 4262 1650 4324 legunt:
1692 4264 1791 4313 Etsi
1826 4265 2109 4328 aliquantum
2133 4287 2196 4299 —
2225 4269 2534 4332 prosequitur.

192 4344 386 4396 Malim:
428 4345 480 4393 Et
516 4347 559 4394 si
591 4347 761 4411 aliquis
798 4354 1010 4397 remotos.
1145 4343 1165 4371 ³
1202 4346 1351 4395 Codd.
1389 4349 1536 4408 vernia,
1577 4347 1711 4411 quod
1744 4347 1954 4397 editores
1991 4347 2321 4399 emendarunt.
