2900 4950
888 272 1004 333 hup.
1045 271 1348 320 Constantini
1388 271 1789 334 porphyrogeniti.
2390 256 2512 316 275

173 418 329 497 τοὺς
372 415 612 497 ἄλλους
655 417 724 485 ἐκ
765 420 883 483 τοῦ
929 418 1134 501 νόμου
1183 418 1617 500 καλουμένους
1662 426 1988 501 συγγενεῖς
2030 420 2137 481 καὶ
2184 419 2355 502 πρὸς
2397 418 2512 502 τὴν

176 520 461 608 δήλωσιν
489 519 576 606 μὴ
609 518 1129 606 ῥᾳθυμήσαντας
1157 522 1276 584 τοῦ
1309 512 1741 604 ἀδικήσαντος
1773 515 2127 601 λαμβάνειν
2162 518 2239 582 τὸ
2270 525 2509 604 τρίτον.

177 620 236 688 εἷ
292 621 363 687 δὲ
417 620 590 706 πρὸς
644 618 761 687 τὸν
804 620 1214 704 μοναχικὸν”
1272 614 1308 685 ό
1355 619 1595 706 φονεὺς
1636 617 1725 705 μὴ
1747 621 1786 653 ¹⁸
1836 618 2156 701 μετέλθοι
2198 625 2376 703 βίον,
2436 615 2511 685 οὗ

174 719 251 785 τὸ
295 726 537 806 τρίτον,
584 715 755 788 ἀλλὰ
797 720 874 787 τὸ
923 721 1224 805 δίμοιρον
1269 722 1386 807 τῆς
1430 720 1786 805 ἐλευθέρας
1819 714 2019 785 αὐτοῦ
2042 720 2081 753 ¹⁹
2124 727 2514 805 περιουσίας

173 820 341 887 κατὰ
380 821 498 909 τὴν
544 823 881 910 εἰρημένην
928 821 1288 901 &idrag-‘ww
1342 826 1434 908 τῷ
1489 823 1608 888 τοῦ
1658 826 2156 908 πεφονευμένου
2199 823 2513 907 κληροδο-

173 926 447 990 τεῖσθαι
489 929 694 1007 μέρει.

344 1023 420 1110 γ’.
511 1027 642 1090 Καὶ
689 1021 861 1109 πρὸς
903 1023 1115 1109 τούτῳ
1158 1025 1496 1109 μηδέποτε
1547 1023 1795 1107 μηδένα
1837 1019 2118 1110 τοιούτῳ
2164 1022 2513 1111 ἐγκλήματι

174 1125 511 1192 ἑαλωκότα
553 1120 596 1212 ἢ
641 1124 986 1211 πολιτικὴν
1043 1120 1085 1211 ἢ
1142 1123 1341 1211 ἄλλην
1398 1123 1515 1211 τὴν
1573 1125 1836 1191 οἱανοῢν
1890 1121 2087 1209 ἀρχὴν
2129 1118 2224 1210 ἢ21
2271 1127 2513 1210 πρᾶξιν

171 1224 770 1312 μεταχειρίζεσθαι,
801 1227 968 1313 μηδὲ
996 1231 1192 1303 θείας
1226 1220 1631 1313 ἀντιγραφῆς
1662 1220 2134 1309 ἆξιούμενον”·
2173 1221 2307 1292 αλλ’
2344 1222 2515 1294 εἶναι

174 1334 513 1406 παντοίως
557 1322 863 1412 ἀτίμους,
923 1323 1024 1405 οἷς
1068 1329 1236 1393 καὶ23
1278 1326 1355 1392 τὸ
1402 1329 1513 1415 ζῆν
1555 1326 1760 1411 μόνον
1806 1327 2312 1415 φιλανθρώπως
2355 1352 2511 1413 συγ-

172 1429 550 1515 κεχώρηται.
641 1428 814 1516 πλὴν
856 1428 1010 1508 τοὺς
1051 1430 1172 1512 μὲν
1216 1436 1573 1516 περιουσίᾳ
1602 1436 1830 1508 κακίας
1871 1430 2145 1515 μελέτην
2192 1436 2514 1513 θεμένους

172 1529 292 1617 τὴν
336 1535 452 1597 τοῦ
496 1534 781 1619 πλησίον
827 1529 1085 1617 σφαγὴν
1141 1532 1246 1596 καὶ
1307 1525 1469 1595 αὐτὸ
1525 1535 1721 1596 τοῦτο
1781 1537 2515 1617 προευτρεπισαμένους

174 1634 282 1698 καὶ
327 1638 1034 1718 παρασκευασαμένους
1080 1626 1180 1698 ἐπ’
1234 1626 1495 1717 ὀλέθρῳ
1550 1636 1667 1717 τῆς
1711 1632 1960 1698 ἑαυτῶν
2009 1635 2217 1718 ψυχῆς
2263 1631 2356 1710 εἰς
2398 1632 2513 1698 τὸν

174 1736 293 1799 τοῦ
339 1727 631 1821 ἀδελφοῦ
675 1733 1004 1814 θάνατον,
1059 1731 1330 1810 πάντως
1374 1727 1859 1818 ἀποκείρεσθαι
1900 1734 2006 1798 καὶ
2051 1744 2365 1816 μοναχοῒς
2410 1732 2513 1818 ἐγ-

175 1837 688 1921 καταλέγεσθαι·
733 1837 842 1900 καὶ
876 1829 948 1900 οὗ
979 1834 1183 1919 μόνον
1214 1834 1328 1900 τὸν
1360 1829 1461 1900 ἐπ’
1500 1830 1726 1912 αὐτοῖς
1759 1835 2251 1916 δοκιμασθέντα
2276 1833 2511 1917 χρόνον

175 1939 292 2021 τῆς
331 1943 704 2019 μετανοίας,
752 1931 920 2002 ἀλλὰ
959 1934 1070 2002 καὶ
1113 1935 1227 2000 τὸν
1260 1931 1527 2001 ἅπαντα
1567 1939 1684 2019 τῆς
1729 1936 1894 2021 ζωῆς
1938 1929 2153 1999 αὐτῶν
2199 1933 2264 1998 ἐν
2308 1957 2511 2015 μονα-

175 2044 423 2124 στηρίῳ
483 2039 1078 2119 διοικονομεῖσθαι.
1166 2035 1321 2112 τοὺς
1385 2036 1457 2100 δὲ
1518 2033 1733 2113 ἄλλως
1799 2035 2112 2112 ἑκουσίως
2171 2035 2291 2115 μὲν
2357 2029 2513 2121 ἀνῃ-

172 2138 487 2224 ρηκότας,
547 2143 919 2224 προπετείᾳ
975 2138 1046 2203 δὲ·
1101 2139 1206 2202 καὶ
1271 2140 1656 2223 συναρπαγῇ
1715 2130 2064 2221 ἀλογίστου
2122 2140 2375 2219 θυμοῦ,
2435 2132 2512 2200 οὐ

170 2240 413 2325 μελέτῃ
458 2241 565 2304 καὶ
609 2241 1130 2325 προπαρασκευῇ
1173 2242 1276 2303 καὶ
1324 2239 1758 2322 προβουλίοις
1810 2236 1895 2302 τὰ
1951 2241 2067 2325 τῆς
2120 2243 2514 2324 μιαιφονίας

175 2340 750 2424 ἐπιδειξαμένους,
813 2340 930 2427 τὴν
982 2340 1102 2424 μὲν
1160 2333 1509 2426 ἀειφυγίαν
1564 2339 1735 2424 πρὸς
1801 2335 2019 2406 ἅπασι
2080 2349 2225 2417 τοῖς
2288 2336 2513 2417 ἄλλοις

174 2437 620 2529 ὑφίστασθαι,
668 2437 742 2509 οὗ
786 2449 1086 2529 μέντοιγε
1126 2439 1241 2508 τὸν
1270 2440 1521 2529 μονήρη
1551 2447 1699 2528 βίον
1737 2440 2083 2528 αἱρεῖσθαι
2111 2439 2515 2527 καταναγκά-

176 2546 491 2625 ζεσθαιἏ.

347 2647 435 2713 δ’.
534 2648 675 2714 02⁵⁵
717 2645 922 2713 τόποι
969 2647 1040 2712 δὲ
1082 2650 1198 2731 τῆς
1244 2652 1608 2730 στρατείας,
1654 2643 1806 2732 ἤτοι
1851 2646 1919 2710 αἱ
1964 2641 2131 2730 ὑπὲρ
2164 2648 2281 2710 τοῦ
2314 2668 2514 2729 στρα-

173 2748 385 2816 τεύειν
418 2749 806 2832 οικονομίαι,
832 2748 1003 2833 πρὸς
1031 2772 1184 2827 τους
1213 2746 1656 2834 κληρονόμους
1686 2742 1884 2813 αυτοῦ
1909 2752 2515 2832 παραπεμπέσθω-

174 2874 319 2933 σαν.
412 2850 471 2916 εἰ
528 2851 600 2915 δὲ
652 2849 741 2934 μὴ
804 2850 933 2931 έχει
992 2845 1026 2913 ό
1085 2849 1324 2934 φονεὺς
1379 2848 1851 2973 κληρονόμους,
1923 2848 2136 2931 ε’τεροι
2186 2847 2341 2924 τοὺς
2397 2850 2512 2933 τῆς

175 2957 526 3036 στρατείας
580 2950 833 3027 τόπους
887 2940 1328 3033 λαμβάνοντες
1384 2951 1493 3014 καὶ
1553 2948 1645 3025 εἷς
1700 2946 1814 3031 τὴν
1872 2954 2218 3030 στρατείαν
2269 2944 2514 3036 ὑπηρε-

172 3052 473 3139 τήσουσι.

721 3214 903 3222 ...,-....ι-.

315 3305 350 3335 ¹⁷
385 3309 532 3357 iidem
567 3299 887 3372 μοναδικόν.
1015 3303 1052 3332 ¹⁸
1089 3305 1267 3356 ibidem
1299 3304 1486 3366 negatio
1511 3304 1661 3352 deest.
1785 3301 1821 3330 ¹⁹
1858 3304 2037 3353 iidem:
2078 3297 2291 3359 ἑαυτοῦ,
2333 3305 2513 3354 omisso

177 3388 478 3458 ἐλευθέρας.
588 3389 629 3417 ²⁰
660 3392 812 3440 Malim
838 3385 1122 3446 διάστιξιν.
1232 3388 1269 3416 ²¹
1296 3391 1445 3439 Verba
1465 3380 1643 3454 ἀρχὴν
1669 3380 1699 3448 ἢ
1723 3389 1849 3453 apud
1878 3388 2091 3438 Bonefid.
2121 3396 2168 3438 et
2188 3387 2379 3438 Leuncl.
2406 3398 2516 3453 post

179 3482 291 3545 Syn.
313 3478 502 3527 desunt.
557 3477 658 3525 Mox
679 3469 832 3531 τάξιν
849 3476 1061 3537 legerim.
1165 3472 1207 3501 ²²
1241 3476 1435 3525 Leuncl.
1468 3474 1581 3524 ibid.
1609 3475 1656 3522 in
1692 3488 1837 3535 marg.
1865 3465 2181 3529 ἀξιοῦσθαι·
2293 3470 2332 3499 ²³
2366 3475 2514 3523 Deest

179 3565 295 3614 ibid.
310 3572 356 3612 et
375 3562 502 3625 apud
521 3561 734 3610 Bonefld.
840 3558 880 3586 ²⁴
900 3562 1141 3610 Hactenus
1158 3561 1370 3610 Bonefid.
1392 3568 1437 3610 et
1456 3560 1690 3623 appendix
1710 3560 2000 3622 synopseos.
2035 3559 2089 3608 ln
2108 3560 2220 3622 Syn.
2238 3558 2255 3607 1
2275 3559 2334 3608 ci.
2355 3566 2512 3607 tamen

177 3649 400 3699 additur:
453 3642 553 3705 τὴν
589 3639 648 3693 δὲ
683 3639 968 3710 διαφορὰν
1001 3643 1115 3692 τῶν
1151 3635 1323 3698 ἄλλως
1353 3637 1771 3710 προβαινόντων
1807 3640 2003 3708 φόνων
2036 3636 2094 3692 ἔν
2129 3641 2210 3705 τῷ
2245 3637 2291 3698 ἴ
2323 3639 2513 3708 βιβλίῳ

177 3725 513 3800 ἐφευρῆσεις.
574 3730 706 3788 Quae
742 3731 800 3778 ab
837 3738 1033 3791 auctore
1071 3733 1344 3793 Synopseos
1380 3731 1605 3779 adnotata
1640 3742 1748 3777 esse
1782 3729 2015 3778 videntur.
2132 3724 2192 3753 ⁴⁵
2227 3727 2357 3776 Haec
2391 3742 2515 3790 quae

178 3825 449 3883 sequuntur
486 3815 612 3864 unde
649 3815 957 3863 Leunclavius
991 3815 1115 3863 JGR.
1152 3814 1378 3861 sumserit
1413 3814 1623 3861 nondum
1661 3813 1917 3861 enucleavi.
1990 3813 2097 3875 Ipse
2135 3818 2295 3860 notat:
2350 3812 2513 3872 „Haec

177 3904 239 3954 de
275 3904 419 3952 veteri
455 3901 577 3949 libro
616 3899 970 3962 exscripsimus,
1007 3898 1056 3947 in
1094 3898 1201 3946 aliis
1238 3895 1468 3946 omissa.“
1538 3897 1729 3945 Interim
1767 3897 1826 3946 cf.
1847 3898 2006 3945 Herm.
2027 3897 2102 3945 ed.
2126 3894 2313 3943 Heimb.
2350 3908 2395 3957 p.
2415 3893 2514 3942 75³

178 3996 280 4038 noi.
303 3989 381 4051 14,
420 3996 467 4036 et
503 3983 771 4034 Nov.xvl1}
811 3998 852 4031 c.
880 3982 911 4031 2
947 3982 1082 4031 infre.
1153 3982 1325 4045 Spuria
1362 3980 1663 4042 crediderim,
1702 3982 1792 4029 nisi
1828 3979 1968 4029 nich.
2005 3977 2261 4027 Attalensis
2298 3977 2514 4041 Epitome

177 4072 261 4131 (ef.
301 4080 396 4121 not.
439 4072 485 4129 1)
524 4069 661 4133 quusi
698 4068 977 4117 confirmata
1011 4068 1121 4116 sint.

1568 4240 1649 4250 -a—

2011 4466 2111 4516 18*
