2900 4950
893 1288 1983 1459 PROLEGOMENAJ
2023 1304 2074 1336 ‘
2133 1370 2142 1383 ¹

425 1758 797 1862 Quicunque
840 1782 911 1843 ad
958 1781 1224 1843 Novellas
1270 1781 1735 1845 Constitutiones
1765 1782 2190 1862 Imperatorum
2224 1782 2579 1846 Graecorum

244 1890 382 1963 post
442 1882 970 1945 Justinianum
1036 1882 1412 1945 adverterunt
1477 1883 1771 1958 animum,
1840 1882 2022 1961 probe
2089 1892 2337 1958 norunt,
2406 1903 2580 1964 quam

198 1983 501 2045 'difficilis
558 1982 750 2045 aditus
805 1983 879 2044 ad
938 2003 1039 2046 eas
1096 1982 1183 2044 rel
1226 1992 1361 2063 post
1405 1982 1777 2065 doctissimas
1824 1983 2076 2044 virorum
2121 1985 2580 2046 clarissimorum

247 2083 523 2158 wittii‚
601 2084 973 2147 Mortrelii
1049 2084 1415 2165 aliorumque
1490 2084 1958 2146 lucubrationes¹
2032 2085 2316 2149 hactenus
2388 2086 2580 2148 suerit.

244 2185 390 2247 Pars
447 2204 625 2247 nianu
679 2185 894 2267 scripta
941 2194 1168 2248 tautum
1214 2185 1273 2245 in
1319 2185 1569 2246 archivis
1612 2194 1672 2246 et
1716 2184 2081 2247 bibliothecis
2125 2186 2398 2266 Europae
2439 2186 2584 2248 late-

246 2286 378 2348 bat:
434 2306 573 2367 pars
627 2286 779 2368 typis
833 2287 1069 2368 quidem
1127 2286 1281 2347 edita
1340 2295 1495 2359 erat,
1562 2285 1665 2345 sed
1713 2285 1774 2345 in
1820 2285 1990 2347 variis
2033 2286 2223 2366 iisque
2266 2286 2582 2350 rarissimis

244 2387 476 2449 {ibn-32³²:
521 2388 896 2468 chronologia
942 2406 1142 2449 earum
1190 2386 1456 2467 plurimis
1500 2394 1560 2447 et
1601 2386 1959 2465 gravissimis
2002 2387 2222 2466 passim
2268 2388 2582 2451 dubitatio-

246 2490 421 2552 nibus
462 2490 711 2552 obnoxia
757 2498 913 2552 erat:
957 2489 1212 2569 denique
1253 2497 1444 2550 textus
1487 2487 1684 2549 critica
1732 2498 1859 2550 arte
1903 2490 2024 2550 fere
2053 2489 2370 2568 indigebat.
2435 2491 2580 2563 Quis

244 2591 421 2672 igitur
462 2612 555 2653 me
600 2592 1012 2672 reprehendat,
1058 2589 1215 2671 quod
1258 2588 1600 2668 ampliorem
1646 2599 1705 2651 et
1745 2589 2207 2653 emendatiorem
2240 2592 2580 2656 tentaverim

243 2691 689 2756 collectionem?
1975 2704 1982 2710 '

417 2794 586 2857 Ratio
630 2792 808 2874 hujus
850 2779 1098 2853 instituti
1142 2790 1288 2850 haec
1328 2789 1467 2851 suit:

414 2894 683 2955 Novellas
728 2890 1184 2953 constitutiones
1228 2891 1652 2970 Imperatorum
1701 2892 2054 2954 Graecorum
2100 2911 2132 2954 a
2174 2893 2483 2956 Justino
2528 2894 2580 2956 11

245 3014 439 3074 usque
495 2996 566 3054 ad
626 2992 908 3052 excidium
955 2990 2050 3069 Constantinopoleos‚15667-1453Q
2113 3003 2231 3056 tam
2274 2996 2581 3074 generales

244 3115 424 3178 quam
484 3093 658 3155 etiam
703 3089 916 3150 locales
962 3097 1021 3149 et
1085 3090 1459 3168 personales,
1521 3101 1807 3169 quotquot
1849 3112 1880 3151 a
1929 3112 2021 3153 me
2064 3096 2328 3174 conquiri
2376 3104 2583 3177 potue·

243 3207 412 3271 runt,
473 3193 680 3255 ordine
723 3188 1136 3268 chronologico
1182 3190 1466 3269 disposui.
1555 3190 1750 3250 Sicubi
1798 3191 2056 3270 ipsarum
2101 3196 2579 3259 constitutionum

247 3305 436 3360 textus
492 3292 844 3365 interiisset,
911 3292 1014 3353 sed
1073 3291 1399 3369 argumenti
1459 3298 1519 3351 et
1573 3291 1856 3370 temporis
1914 3292 2124 3353 indicia
2180 3305 2578 3372 superessent,

244 3397 491 3458 certiora
539 3394 774 3473 quidem
820 3393 881 3454 in
928 3399 1086 3454 textu
1131 3392 1525 3465 collectionis,
1569 3392 1883 3454 incertiora
1929 3409 2067 3455 vero
2116 3393 2175 3454 in
2225 3394 2380 3455 notis
2424 3413 2578 3458 com·

248 3496 553 3559 municavi.
643 3495 948 3557 Praeterea
1011 3494 1067 3554 in
1128 3494 1283 3555 notis
1338 3495 1529 3555 sontes
1572 3530 1656 3539 —-
1700 3494 1738 3556 i.
1770 3514 1823 3556 e.
1871 3494 2113 3557 Codices
2158 3495 2345 3572 MSS„
2400 3496 2581 3560 libros

245 3608 345 3660 aut
387 3599 723 3678 diplomata,
770 3597 928 3658 unde
974 3596 1060 3656 vel
1104 3614 1210 3674 ego
1255 3595 1343 3656 vel
1387 3595 1484 3657 alii
1529 3605 1664 3657 ante
1709 3615 1803 3657 me
1848 3595 2103 3659 editores
2151 3597 2581 3661 hauserunt—

379 3831 395 3859 ¹
443 3832 636 3883 Scilicet
683 3839 932 3881 tractatum
971 3832 1117 3881 Wittii
1166 3832 1323 3882 Ueher
1370 3832 1446 3881 die
1497 3832 1717 3881 Novellen
1767 3833 1854 3881 der
1887 3834 2281 3897 Byzantinischeu
2319 3834 2486 3884 Kaiser
2531 3835 2580 3884 in

243 3919 476 3969 zeitschr.
514 3919 545 3969 t.
582 3918 743 3979 gcscb.
781 3917 893 3966 RW.
933 3918 1029 3966 Vni
1068 3918 1117 3966 S.
1146 3916 1266 3977 153,
1316 3931 1422 3965 curn
1461 3915 1796 3978 supplemento
1831 3917 2020 3966 Bieneri
2058 3918 2171 3968 ibid.
2210 3933 2255 3982 p.
2279 3919 2395 3982 263,
2429 3945 2498 3954 —
2535 3926 2586 3970 et

246 4003 473 4053 Moru-etii.
511 4003 557 4050 in
596 4001 715 4050 libro
753 4001 962 4050 Histoire
1000 4002 1064 4050 du
1100 4001 1226 4049 droit
1263 4001 1488 4064 Byzantin
1526 4007 1590 4048 to.
1617 4001 1807 4049 l—tlt.
1945 3998 1965 4026 ²
2002 4001 2230 4051 Collectio
2267 4003 2579 4064 Novellarum‚

245 4101 387 4151 quam
424 4086 722 4136 Enimuudus
759 4085 1035 4134 Boneiidius
1071 4100 1114 4135 a.
1157 4085 1285 4135 ¹573
1322 4085 1370 4132 in
1405 4084 1535 4132 luris
1564 4084 1822 4150 orientalis
1859 4084 1982 4133 lib.l
2018 4087 2226 4149 tentavit,
2251 4087 2580 4150 ›imperfectis-

244 4172 367 4220 sima
416 4179 517 4234 est,
567 4178 615 4219 et
658 4170 856 4219 meliora
904 4169 1044 4230 longe
1082 4169 1391 4218 Lenncitwius
1438 4172 1486 4216 in
1521 4168 1636 4216 Iure
1676 4168 2117 4219 Graeco-Romnae
2165 4179 2216 4221 et.
2249 4171 2495 4220 Labbaeus
2530 4172 2580 4220 in

246 4254 377 4303 calce
415 4255 806 4303 Observationum
853 4255 915 4303 ad
954 4254 1190 4317 synopsin
1240 4253 1597 4316 praestiterunt.
1668 4252 1802 4302 Unde
1848 4253 2141 4317 vituperandi
2192 4262 2305 4304 sunt
2351 4255 2577 4304 editores·

244 4339 327 4401 qui
367 4322 598 4388 Bonefldii
645 4337 928 4400 farraginem
979 4338 1027 4387 iu
1076 4337 1391 4422 appcn·m
1427 4336 1658 4400 Corporis
1690 4338 1820 4387 luris
1870 4346 2180 4402 receperunt,
2228 4338 2578 4402 praestantiora

245 4429 406 4472 nutem
444 4423 767 4485 neglexerunt.
