2900 4950
1193 262 1308 324 hup.
1346 262 1537 312 Leonis.
2418 253 2444 310 l
2463 252 2535 311 17

203 413 441 496 φονίας
483 407 988 495 ἐλαττουμένην·
1054 404 1090 473 ὁ
1144 410 1262 493 μὲν
1318 407 1441 493 γὰρ
1486 410 1603 494 τῆς
1644 416 2037 496 μιαιφονίας
2081 410 2349 497 ἐργάτης
2393 413 2537 492 ἑνός

197 533 379 589 τινος
432 510 755 589 πολλάκις
809 512 889 597 τῇ
943 508 1285 596 μιαιφόνῳ
1336 508 1508 594 χειρὶ
1566 504 1923 593 ἀνατρέπει
1974 507 2089 576 τὸν
2142 516 2320 595 βίον,
2381 509 2416 576 ὃ
2462 514 2535 581 δὲ

198 611 437 698 μιαρὸς
462 614 606 698 τῆς
658 616 956 695 μοιχείας
1011 609 1281 697 ἐργάτης
1339 612 1671 678 πλείστων
1729 607 1904 677 ὅσων
1959 606 2279 698 ἀνέτρεψε
2325 619 2529 697 βίους,

196 708 462 798 ἀνδρὸς,
524 714 818 792 παίδων,
878 715 1200 797 συγγενῶν
1244 710 1490 792 ἄλλων,
1552 715 1677 800 μιᾷ
1719 713 1936 801 πληγῇ
1978 712 2235 793 πάντας
2277 717 2356 801 τῇ
2400 717 2532 780 τῶν

191 812 417 897 γάμων
463 808 851 901 ἀνατρέπων
897 813 1339 900 διασπαράξει
1352 817 1391 879 ³.
1482 813 1655 902 πλὴν
1707 809 1844 881 ἀλλ’
1895 814 2041 881 ἐπεὶ
2086 813 2301 898 πάλαι
2346 815 2530 903 φόνῳ

188 919 597 1002 τιμωμένης*
638 919 755 1002 τῆς
800 911 1256 1000 ἀνοσιουργίας
1301 916 1484 995 ἔδοξε
1525 925 1669 996 τοῖς
1706 916 1875 1000 μετὰ
1902 920 2110 982 ταῦτα
2140 919 2532 1003 φιλανθρω-

188 1022 482 1103 ποτέραν
529 1017 824 1105 ἐκφέρειν
868 1019 1119 1105 ψῆφον,
1166 1011 1269 1083 ἀεὶ
1315 1018 1388 1083 δέ
1431 1041 1580 1096 πως
1622 1013 1794 1105 ἡμᾶς
1835 1014 1873 1103 ἦ
1921 1019 2532 1106 φιλανθρωποτέρα

189 1116 538 1205 ἐφέλκεται
592 1118 845 1205 γνώμη,
908 1116 985 1204 ἣν
1032 1118 1270 1185 ἐκεῖνοι
1313 1114 1598 1203 &meast
1649 1124 1972 1203 τιμωρίαν
2018 1123 2212 1206 (φημὶ
2258 1119 2334 1207 δὴ
2379 1124 2530 1207 τῆς6

188 1218 375 1305 ῥινὸς
429 1219 664 1307 ἐκτομῇ
723 1215 1138 1307 ἀμφοτέρους
1190 1218 1345 1297 τοὺς
1403 1219 1654 1304 ἐναγεῖς
1697 1215 2274 1303 ὖποβάλλεσθαι),
2330 1226 2526 1288 τοῦτο

184 1323 300 1387 καὶ
340 1318 531 1406 ἡμεῖς
575 1316 892 1405 ὁρίζομεν.
981 1314 1150 1387 ἀλλὰ
1191 1324 1309 1386 τοῦ
1351 1321 1473 1404 μὲν
1503 1314 2104 1406 ἀνοσιουργήματος
2134 1320 2302 1388 ἔστω
2330 1326 2528 1389 τοῦτο

184 1421 410 1508 ποινή.

349 1519 563 1590 'Effusi⁷
608 1525 679 1590 δὲ
721 1526 828 1589 καὶ
873 1523 988 1589 τὸν
1034 1520 1242 1608 ἄνδρα
1279 1522 1398 1610 χρὴ
1447 1516 1592 1589 ἀντὶ
1635 1525 1752 1608 τῆς
1794 1523 2120 1611 τοσαύτης
2149 1518 2408 1605 ἀδικίας
2434 1526 2523 1613 μὴ

183 1620 755 1713 ἀπαραμύθητον
811 1624 1006 1708 ἔχειν,
1067 1623 1265 1708 ἐχέτω
1320 1623 1757 1710 παραμύθιον
1812 1624 1880 1691 ἐκ
1934 1628 2051 1690 τοῦ
2105 1625 2223 1713 τὴν
2275 1634 2569 1712 προῖκα”

181 1725 537 1814 λαμβάνειν
581 1730 698 1814 τῆς
740 1722 1073 1814 ὀφθείσης
1116 1720 1344 1793 ἀδίκου
1376 1729 1531 1811 περὶ
1562 1726 1644 1792 τὰ
1673 1725 1917 1812 γαμικὰ
1947 1728 2170 1794 δίκαια
2197 1729 2519 1812 γυναικός.

181 1824 384 1915 αὐτὴν
430 1831 502 1896 δὲ
558 1830 877 1916 μηδαμῶς
935 1825 1269 1917 ἀφίεσθαι
1324 1830 1457 1893 τῶν
1512 1825 1738 1913 γάμων
1793 1836 2299 1913 κατορχεῖσθαι,
2356 1827 2517 1916 μηδ’
2583 1859 2586 1862 “

182 1927 409 2016 ῶσπερ
473 1919 688 1997 ἆθλον
744 1929 1138 2017 λαμβάνειν9
1196 1928 1262 1996 ἐν
1318 1932 1397 2015 τῇ
1453 1932 1585 1994 τῶν
1643 1930 1841 2015 ῥινῶν
1902 1929 2137 2016 ἐκτομῇ
2191 1926 2400 2009 ἀδεῶς
2443 1932 2520 1996 τὸ

179 2030 420 2098 λοιπὸν
463 2042 608 2110 τοῖς
651 2026 1044 2109 ἀκολάστοις
1087 2031 1610 2113 συμπλέκεσθαι,
1659 2025 1797 2095 ἀλλ’
1833 2030 1900 2096 ἐν
1932 2037 2352 2118 μοναστηρίῳ
2399 2056 2521 2099 πε-

176 2134 597 2220 ριορίζεσθαι
638 2129 807 2218 ὑπὲρ
849 2121 927 2219 ἧς
970 2138 1390 2218 παρανομίας
1433 2130 1852 2216 τετόλμηκεν,
1912 2130 1979 2197 ἐν
2037 2133 2347 2218 συντριβῇ
2404 2135 2521 2220 τῆς

174 2238 392 2323 ψυχῆς
450 2232 911 2323 εὖμενεστέραν
972 2234 1168 2321 ἑαυτῇ
1224 2232 1338 2321 τὴν
1399 2233 1657 2300 ἐκεῖθεν
1712 2235 2108 2299 καθιστῶσα
2172 2233 2353 2319 δίκην
2409 2233 2521 2299 καὶ

175 2337 351 2423 πρὸς
395 2337 608 2421 ἔρωτα
649 2339 768 2420 μὲν
812 2341 929 2402 τοῦ
973 2335 1298 2424 μονήρους
1338 2341 1492 2421 βίου
1521 2334 1936 2422 καταστάσης
1971 2327 2170 2421 αὐτῆς
2210 2337 2318 2401 καὶ
2363 2338 2519 2400 τοῦ·

170 2461 291 2506 τον
337 2438 832 2525 ἐπανελομένης,
879 2438 995 2527 τὴν
1040 2444 1430 2524 περιουσίαν
1477 2432 1596 2525 ὅση
1648 2436 2040 2524 κεχώρισται
2080 2438 2196 2523 τῆς
2238 2436 2517 2522 προικὸς

171 2540 330 2620 τούς
371 2566 443 2608 τε
484 2543 738 2620 παῖδας
779 2543 884 2607 καὶ
930 2540 1008 2607 τὸ
1050 2540 1492 2625 μοναστήριον
1539 2540 2155 2624 συνδιανείμασθαι,
2205 2537 2265 2604 εἰ
2309 2539 2380 2605 δὲ
2421 2540 2511 2625 μὴ

170 2644 416 2722 παῖδες
458 2655 750 2728 παρεῖεν,
799 2637 931 2709 ἀντ’
981 2641 1240 2709 ἐκείνων
1274 2641 1367 2719 εἷς
1394 2640 1511 2728 τὴν
1543 2640 1860 2727 διανομὴν
1891 2640 2257 2726 ἐσάγεσθαι
2273 2644 2317 2674 ¹⁰
2356 2639 2512 2719 τοὺς

168 2752 419 2831 γονέας,
470 2745 528 2812 εἰ
573 2747 645 2812 δὲ
686 2744 799 2811 καὶ
839 2742 1089 2827 τούτων
1134 2743 1373 2830 ἔρημος
1416 2743 1550 2830 εἰἠ,
1608 2741 1763 2820 τοὺς
1820 2740 2060 2821 ἀλλους
2107 2745 2240 2809 τῶν
2286 2766 2512 2830 συγγε-

167 2851 334 2915 νῶν·
381 2846 448 2914 ἐν
494 2849 698 2933 λαϊκῷ
745 2847 869 2911 δὲιι
914 2849 1006 2930 τῷ
1040 2844 1322 2931 σχήματι
1353 2838 1844 2931 ἀφανισθείσης
1878 2847 1993 2908 τοῦ
2023 2849 2195 2929 βίου,
2243 2844 2513 2924 πάντως

167 2955 398 3036 κυρίας
455 2945 654 3033 οὔσης
722 2947 1163 3012 διατίθεσθαι
1178 2948 1219 2979 ¹²
1231 2995 1249 3024 ,
1318 2944 1485 3010 κατὰ
1499 2947 1539 2979 ¹³
1603 2941 1720 3029 τὴν
1776 2943 2019 3030 ἐκείνης
2075 2944 2373 3027 διάταξιν
2427 2946 2511 3014 τὰ

164 3047 517 3137 προσόντα
561 3044 1228 3132 οἷκονομηθήσεταϋᾶ.

302 3268 323 3298 ⁸
357 3271 457 3321 Ecl.
497 3262 794 3336 διαπράξει.
1004 3263 1025 3293 ⁴
1061 3268 1190 3317 Inter
1223 3266 1426 3329 Eclogae
1466 3267 1669 3317 Codices
1709 3281 1832 3316 unus
1869 3261 2280 3333 τιμωρουμένης
2326 3268 2507 3318 scribit.

164 3355 186 3385 ⁵
220 3356 322 3407 Ecl.
359 3348 650 3423 ὡρίσαντο.
794 3351 816 3380 ⁶
852 3352 951 3403 Ecl.
989 3347 1138 3419 φημὶ
1173 3347 1231 3401 δὲ
1266 3350 1350 3419 τῇ.
1493 3349 1513 3376 ⁷
1547 3352 1746 3414 Scrimg.
1772 3344 1973 3411 ἐπειδὴ.
2113 3348 2138 3376 ⁸
2174 3352 2273 3402 ΕοΙ.
2297 3344 2509 3418 ἀπαρα-

162 3433 442 3509 μυθήτως.
650 3436 673 3466 ⁹
708 3439 834 3503 Agyl.
870 3437 967 3488 vult
999 3429 1404 3504 λαμβάνουσαν.
1481 3438 1578 3487 Sed
1625 3421 1799 3484 ἆθλον
1844 3428 2142 3503 λαμβάνειν
2177 3431 2239 3485 τὸ
2277 3434 2506 3504 συμπλέ-

163 3527 363 3577 κεσθαι
408 3534 539 3576 recte
587 3526 759 3575 habet:
812 3517 876 3571 τὸ
929 3524 1054 3572 enim
1105 3538 1198 3572 non
1248 3522 1309 3572 ad
1356 3516 1553 3570 λοιπὸν
1586 3522 1672 3572 sod
1721 3522 1779 3571 ad
1815 3524 2008 3572 verbum
2047 3518 2240 3584 συμπλ.
2281 3525 2503 3587 pertinet.

163 3610 206 3638 ¹⁰
240 3611 340 3662 Ecl.
376 3604 452 3663 εἷς
480 3605 582 3670 τὴν
615 3602 793 3675 νομὴν
828 3600 1200 3672 εἰσάγεσθαι..
1309 3605 1339 3633 ¹¹
1378 3607 1477 3658 Ecl.
1514 3608 1647 3658 addit
1673 3599 1855 3674 τιχόν.
1912 3608 2016 3665 Non
2054 3607 2194 3657 male.
2330 3606 2368 3673 ,⁸²
2403 3609 2503 3661 Ed.

164 3690 373 3750 παντὸς
404 3709 520 3760 κυρ.
564 3686 680 3743 οὕσ.
723 3687 1037 3742 διαθέσθαι.
1246 3689 1282 3718 ¹³
1319 3693 1469 3741 Codd.
1502 3687 1595 3741 καὶ
1628 3685 1796 3747 κατὰ,
1848 3691 1978 3755 quod
2016 3707 2069 3741 ex
2106 3691 2203 3741 Ecl.
2244 3693 2499 3743 emendavi.

165 3779 203 3808 ¹¹
240 3781 388 3831 Iidem
426 3780 634 3831 addunt:
676 3769 799 3838 ἤτοι
834 3771 901 3826 τὰ
937 3770 1256 3844 ἐξώπροικα,
1296 3780 1422 3840 ‘quae
1459 3779 1634 3828 absunt
1670 3777 1728 3827 ab
1763 3776 1863 3826 Ecl.
1902 3784 1949 3826 et
1984 3775 2190 3837 glossam
2228 3777 2434 3839 sapiunt.

1025 4052 1613 4066 ——-———-—.„-————.--
