2900 4950
516 94 639 155 7¹0
1327 97 1445 148 eall.
1483 95 1534 146 V.
1604 98 1716 147 Nov,
1752 96 1871 147 Lm.
1909 95 2019 148 nv.

516 267 578 319 et
617 252 901 335 quidquid
946 251 1020 311 de
1061 247 1341 329 predictis
1394 265 1462 308 ee
1516 248 1824 309 conveniet
1873 257 1933 308 et
1985 247 2158 308 saciat
2213 263 2346 306 cum
2405 245 2617 307 domin«

518 369 581 419 et
632 354 906 416 dominus
962 350 1142 423 Dux⁵‚
1210 359 1277 410 ut
1334 347 1467 410 cuni
1525 348 1778 428 Imperio
1835 357 2037 409 nostro
2091 345 2233 407 illud
2298 346 2617 427 intelligatu

520 459 755 530 Mum,
801 463 861 515 et
902 453 965 520 si
995 471 1117 512 non
1160 450 1412 529 placebit
1456 450 1711 529 Imperio
1755 458 1960 512 nostro
1990 449 2280 510 ordinatio
2311 468 2488 528 quam
2532 450 2617 510 sac

520 560 719 620 minus
760 555 889 615 Dux
931 554 1006 614 de
1048 551 1346 631 predictis,
1391 550 1548 629 quod
1591 551 1781 630 possit
1810 550 2124 629 Imperium
2156 558 2424 611 nostrum
2457 559 2617 610 trans

520 659 595 720 ad
641 655 942 718 dominnm
988 653 1208 714 Ducem
1250 652 1474 712 totiens
1525 652 1798 730 quotiens
1849 651 2096 713 voluerit
2149 651 2221 712 ad
2278 650 2617 713 convenien«

522 777 654 820 eum
700 776 791 818 eo.

693 857 839 918 Item
884 853 1072 916 extitit
1114 872 1221 933 per
1262 861 1520 932 pactum,
1567 851 1724 931 quod
1752 852 2083 915 Janeenees
2113 871 2234 914 non
2265 861 2617 913 teneantur«

523 957 871 1037 sanguinem
903 954 1223 1015 Grecorum
1268 953 1355 1015 vel
1398 951 1646 1032 alicujus
1688 952 1948 1014 extranei
1987 953 2088 1032 qui
2118 954 2197 1015 sit
2224 952 2337 1015 snb
2365 952 2617 1031 Imperio

524 1078 632 1140 per
675 1074 987 1119 commune
1028 1053 1217 1116 Janue
1259 1053 1351 1114 vel
1404 1052 1572 1113 Peire
1629 1052 2040 1127 bannum-um,
2101 1063 2163 1116 et
2214 1053 2484 1116 similiter
2535 1052 2617 1112 lm

524 1170 793 1222 nostrum
836 1155 1258 1234 indulgentiam
1304 1155 1405 1216 dat
1446 1153 1723 1216 omnibus
1764 1155 2162 1217 Jannensibus
2191 1163 2393 1217 contra
2425 1154 2617 1235 quosl

526 1260 759 1341 aliquod
804 1276 1137 1338 gravamen.

696 1361 826 1431 Que
881 1358 1076 1418 omnia
1132 1365 1194 1418 et
1252 1356 1479 1435 singula
1541 1356 1938 1436 suprascripta
1993 1355 2314 1436 Imperium
2355 1363 2617 1416 nostrum

526 1461 880 1522 lectissimus
934 1456 1089 1517 ssliue
1146 1465 1351 1517 noster
1403 1456 1679 1519 dominus
1731 1457 1983 1518 Matteus
2039 1457 2424 1519 Catecueinue
2464 1454 2618 1535 jnrai

526 1568 727 1622 sancta
759 1558 864 1619 Dei
895 1557 1188 1637 evangelia
1235 1566 1292 1619 et
1337 1557 1394 1618 in
1442 1558 1751 1619 animabus
1782 1557 2021 1630 nostrie,
2064 1554 2447 1636 corporaliter
2471 1558 2617 1618 tacti:

527 1660 866 1740 scripturis,
924 1661 1092 1720 firma
1149 1668 1208 1720 et
1248 1667 1371 1726 rata,
1418 1668 1478 1720 et
1519 1667 1681 1737 grata
1726 1667 2011 1738 perpetuo
2053 1658 2272 1719 habere
2315 1666 2374 1719 et
2414 1667 2617 1719 tenere

528 1762 689 1824 nullo
732 1760 1129 1848 contrafacere
1160 1760 1260 1820 'vel
1293 1760 1509 1835 venire,
1555 1762 1629 1821 de
1667 1760 1802 1841 jure
1832 1760 1920 1820 vel
1952 1760 2024 1820 de
2060 1759 2232 1833 sacto,
2275 1759 2453 1820 inodo
2480 1759 2568 1820 vel
2597 1759 2617 1820 i

526 1862 635 1925 aed
678 1881 747 1923 ea
789 1880 922 1923 cum
967 1862 1177 1923 effectu
1221 1870 1281 1923 et
1322 1861 1453 1922 siue
1497 1860 1888 1922 diminutione
1930 1859 2123 1942 aliqua
2181 1860 2491 1922 observare
2548 1870 2609 1921 et

527 1964 880 2024 inconcusse
923 1961 1240 2024 observari.
1325 1961 1402 2022 Et
1443 1971 1717 2023 teneatur
1758 1962 2027 2024 similiter
2067 1962 2216 2023 alius
2260 1961 2431 2040 dispo
2460 2007 2478 2021 .
2523 2005 2541 2023 .
2587 2005 2603 2021 .

531 2106 1307 2125 .............
1353 2062 1694 2123 carissimus
1737 2062 1893 2123 filius
1935 2072 2140 2124 noster
2179 2062 2455 2124 dominus
2488 2061 2617 2122 Man

528 2164 849 2238 taeusinus,
894 2183 1026 2225 cum
1071 2163 1292 2224 venerit
1334 2162 1922 2241 coliopemnte-Deo⁶
1964 2162 2492 2242 Constantinopoli,
2527 2163 2617 2242 ju!

529 2266 805 2338 tendere,
862 2263 1155 2343 complere
1213 2272 1271 2324 et
1326 2263 1638 2323 observare
1696 2263 1889 2323 omnia
1936 2273 1994 2324 et
2038 2262 2295 2342 singula,
2351 2272 2525 2342 prout
2568 2283 2617 2324 n«

528 2383 638 2445 per
680 2364 929 2427 similem
974 2364 1211 2423 modum
1257 2362 1394 2423 dieti
1441 2362 1696 2434 domini,
1742 2362 2030 2435 obertus,
2079 2363 2311 2437 natine,
2366 2363 2617 2424 Frederu

528 2465 913 2537 Lausi-ancus,
958 2462 1294 2524 nominihus
1338 2462 1618 2542 predictis
1655 2462 2002 2542 juraverunt
2045 2465 2118 2525 ad
2162 2474 2363 2527 sancta
2393 2463 2498 2527 Dei
2542 2484 2617 2525 eva

528 2542 910 2644 corporaliter
951 2563 1121 2624 tactis
1163 2564 1346 2624 sacris
1390 2573 1448 2625 et
1491 2564 1712 2627 sanctis
1754 2565 2095 2644 scripturis,
2150 2575 2211 2626 et
2262 2566 2321 2625 in
2367 2562 2617 2627 animab:

504 2664 750 2727 ‘domini
794 2664 1094 2726 Ammirati
1139 2673 1198 2725 et
1240 2664 1464 2725 domini
1508 2664 1688 2727 Ducis
1730 2675 1789 2727 et
1817 2665 2148 2727 communis
2172 2665 2380 2739 lanne,
2425 2666 2617 2728 omnia

530 2766 681 2828 dieta
742 2777 803 2828 et
855 2766 1081 2845 singula
1138 2765 1358 2827 habere
1410 2776 1699 2846 perpetuo
1755 2768 1957 2837 firma,
2015 2776 2173 2841 rata,
2227 2778 2411 2847 grata,
2474 2777 2534 2829 et
2588 2767 2617 2828 i1

530 2868 925 2930 eonmsacere
968 2867 1056 2927 vel
1099 2867 1317 2942 venire,
1376 2867 1450 2927 de
1489 2865 1626 2946 jure
1669 2867 1758 2927 vel
1801 2868 1877 2928 de
1918 2868 2089 2941 facto,
2136 2868 2310 2928 modo
2355 2867 2442 2928 vel
2485 2867 2617 2946 inge

529 2987 599 3029 ea
643 2987 774 3029 cum
820 2969 1029 3029 effectu
1073 2977 1133 3028 et
1176 2967 1303 3028 aine
1348 2967 1736 3029 diminutione
1793 2967 2102 3029 ohservare
2155 2977 2214 3031 et
2265 2969 2457 3030 facere
2505 2968 2617 3030 inc«

530 3068 858 3129 observari:
904 3077 964 3130 et
1007 3067 1161 3147 quod
1209 3077 1523 3130 teneantur
1563 3067 1701 3129 dicti
1731 3068 2006 3130 domiuus
2035 3070 2407 3142 Ammiratue,
2453 3069 2616 3131 domi}

532 3170 768 3230 francus
812 3168 1155 3243 cataneus»,
1208 3168 1494 3229 Martinus
1537 3168 1611 3228 de
1657 3168 1888 3242 Mauro,
1934 3168 2248 3232 Cattaneus
2291 3169 2534 3249 Spinula
2580 3189 2616 3231 e

528 3270 665 3331 nius
709 3313 1359 3331 ...........
1417 3268 1732 3331 consiliarii
1789 3270 1927 3333 dicti
1982 3270 2204 3332 domini
2259 3270 2595 3343 Ammiani,

529 3388 766 3449 semper
808 3369 880 3429 ad
924 3368 1280 3429 voluntatem
1325 3369 1562 3448 Imperii
1606 3370 1791 3433 nostri
1835 3372 2137 3433 attendere
2181 3372 2376 3433 omnia
2420 3381 2480 3433 et
2521 3370 2616 3432 εἰη,

530 3488 737 3551 euprax
784 3488 896 3530 nec
938 3488 1058 3529 non
1105 3468 1277 3529 etiam
1317 3469 1520 3548 jurent
1563 3471 1658 3532 isti
1703 3489 1929 3545 omnes,
1977 3472 2136 3552 quod
2170 3473 2447 3535 donnaus
2492 3471 2617 3537 Dux

525 3578 797 3633 teneatur
838 3569 897 3629 in
942 3568 1238 3648 presentia
1285 3569 1695 3632 ambaxiatorie
1738 3570 1827 3632 vel
1869 3573 2329 3638 ambaxiatorum
2373 3572 2608 3652 Imperii

529 3673 685 3753 quod
730 3671 1052 3752 predictam
1096 3689 1323 3749 pacem,
1367 3680 1536 3750 pacta
1581 3681 1640 3732 et
1681 3673 2101 3735 conventiones
2143 3681 2202 3734 et
2238 3672 2464 3752 singula
2497 3692 2617 3753 supi

529 3773 769 3836 habebit
811 3781 871 3834 et
916 3771 1136 3834 tenebit
1190 3774 1391 3846 firma,
1448 3782 1572 3833 rata
1619 3781 1679 3834 et
1718 3781 1902 3852 grata.
1987 3774 2071 3835 Ad
2118 3790 2369 3853 quorum
2412 3775 2613 3835 omniu

528 3874 704 3936 telam
760 3883 821 3936 et
885 3872 1243 3935 evidenciam
1313 3872 1635 3952 pleniorem
1701 3892 1952 3953 presens
2010 3873 2372 3957 privilegium
2435 3893 2617 3939 sacrat

530 3993 707 4036 aurea
752 3974 910 4037 bulla
952 3974 1242 4035 munitum
1287 3973 1526 4053 Imperii
1568 3974 1755 4036 nostri
1798 3974 1928 4036 fieri
1975 3973 2298 4053 jussimus,
2359 3974 2616 4041 nauatae

665 4187 687 4217 ⁸
720 4190 917 4240 videtur
949 4193 1129 4255 aliquid
1166 4192 1417 4243 excidisse.
1554 4189 1578 4219 ⁸
1611 4192 1773 4243 Sauli:
1814 4195 1922 4244 duo.
