2900 4950
331 216 455 279 284
1151 231 1270 279 eon.
1308 230 1386 277 ιιι.
1459 229 1573 278 Νυν.
1609 227 1700 278 xv.
1736 227 1846 278 xv1.

323 380 402 446 τὸ
444 380 870 464 πρᾶγμακαὶ
913 378 1001 465 μὴ
1049 375 1409 461 δυνάμενον
1456 376 1526 443 ἔκ
1566 399 1747 454 τινος
1789 379 2164 461 μοχθηρίας
2208 374 2690 464 ἐπικαλυφθῖ-

322 507 449 548 ναι.
542 480 601 547 εἰ
647 480 718 546 δὲ
764 478 1077 546 δύνανται
1118 482 1226 545 καὶ
1272 481 1758 563 προαιροῦνται
1801 477 1866 542 οἱ
1911 482 2213 564 πένητες,
2277 482 2479 562 μέρος
2519 482 2689 560 μέν-

320 587 485 649 τοι“ὃ
526 584 644 648 τοῦ
688 581 1056 668 τιμήματος
1109 578 1409 647 καθόσον
1458 578 1679 662 ἰσχύος
1726 579 1945 660 ἔχουσι
1989 580 2416 663 καταβαλεῖν,
2474 585 2687 663 μέρος

323 686 393 751 δὲ
452 686 936 770 παραχωρῆσαι
987 692 1133 760 τοῖς
1190 677 1593 766 άγορασταῑς
1651 680 1765 744 ἐπὶ
1806 678 2120 764 χρόνοις“7
2165 681 2685 748 καταπολαῦσαι

319 788 450 852 τῶν
496 782 978 872 ἠγορασμένων,
1028 785 1130 849 δεῖ
1174 779 1411 862 αὐτοὺς
1453 779 1607 848 καθ’
1660 780 1695 847 ὃ
1741 775 1819 847 ἂν
1866 781 2202 864 δυνάμεως
2247 782 2446 864 ἔχωσι
2474 788 2684 868 μέρος

322 888 390 954 ἐκ
421 891 537 953 τοῦ
568 885 938 972 τιμήματος
967 884 1437 971 παρασχόντες,
1475 886 1845 970 διατέμνειν
1875 882 1989 948 τὸν
2022 879 2387 966 ὡρισμένον
2415 882 2675 968 χρόνον,

322 987 856 1074 συγχωροὺμενον
874 990 912 1021 ¹⁸
957 982 1322 1054 ἀπολαύειν
1369 985 1616 1073 δηλαδὴ
1663 985 1778 1052 τὸν
1825 979 2192 1070 ἀγοραστὴν
2236 989 2352 1070 τῆς
2393 989 2528 1051 τῶν
2557 986 2679 1051 τό-

320 1115 469 1156 πων
510 1089 803 1176 χρήσεως
848 1084 1200 1175 ἀναλόγως.
1266 1089 1324 1155 εἷ
1365 1087 1488 1174 γὰρ
1536 1087 1735 1175 δήλου
1776 1086 1966 1170 χάριν
2009 1085 2064 1170 ρ’
2099 1089 2532 1171 νομίσματα’”
2575 1089 2680 1156 ε’ί-

320 1192 524 1279 ληφεν
586 1186 620 1257 ὃ
680 1189 1059 1274 διαπράσας
1103 1197 1334 1279 πένης,
1396 1190 1551 1256 δέκα
1597 1191 1669 1255 δὲ
1710 1187 1935 1274 χρόνοι
1982 1183 2314 1273 ὁρίζονται
2355 1191 2472 1275 τῆς
2511 1189 2678 1276 χρή-

319 1317 487 1372 σεως
530 1296 622 1379 τῷ
669 1287 1087 1378 ἇγοράσαντι,
1138 1293 1188 1359 ν’
1240 1299 1617 1377 νομίσματα
1662 1289 1884 1374 ἰσχύος
1929 1289 2059 1372 ἔχει
2104 1285 2140 1354 ὁ
2177 1295 2380 1377 πένης
2411 1316 2678 1376 παραυ-

316 1401 466 1462 τίκα
507 1389 550 1482 ἢ
594 1392 866 1478 ὕστερον
910 1393 1525 1479 καταβάλλεσθαιω,
1576 1392 1688 1459 ἐπὶ
1737 1397 1935 1458 πέντε
1963 1390 2195 1476 μόνοις
2219 1392 2484 1478 χρόνοις
2514 1415 2677 1478 συγ-

315 1507 629 1582 χωρεῒται
673 1492 709 1560 ὃ
756 1490 1121 1583 άγοραστὴς
1164 1498 1599 1579 καρποῦσθαι
1640 1493 1725 1560 τὰ
1767 1488 2199 1581 ήγορασμένα.

486 1597 568 1681 β.
636 1599 863 1662 Ταῦτα
903 1597 1023 1679 μὲν
1069 1585 1183 1662 οῦν
1229 1593 1368 1661 ἀπὸ
1412 1598 1530 1681 τῆς
1573 1594 1843 1682 πρώτης
1883 1597 2229 1682 βασιλικῆς
2259 1600 2673 1678 νομοθεσίας

317 1703 507 1783 μέχρι
559 1701 675 1784 τῆς
733 1691 1152 1785 άναῤῥήσεως
1192 1699 1310 1763 τοῦ
1358 1691 1669 1779 ἀοιδίμου
1712 1699 1819 1763 καὶ
1867 1701 2426 1782 τρισμακαρίστου
2468 1703 2671 1781 βασι-

318 1801 483 1877 λέως
512 1794 697 1886 ἡμῶν
729 1796 902 1864 οὕτω
934 1798 1249 1876 σπεύσεις
1280 1799 1639 1884 διαιτῆσαι,
1690 1799 1757 1866 ἔν
1788 1793 1891 1877 οἷς
1922 1799 2048 1865 εἰσὶ
2079 1797 2322 1882 μεταξὺ
2340 1789 2464 1885 ἔτη
2498 1797 2581 1882 ιη’
2601 1801 2666 1864 ²¹.

318 1895 457 1968 άπὸ
517 1902 588 1968 δὲ
641 1903 759 1967 τοῦ
811 1901 1049 1986 χρόνου
1106 1903 1222 1986 τῆς
1278 1895 1828 1986 αὖτοκρατορείας
1879 1903 1996 1966 τοῦ
2043 1899 2112 1966 ἐν
2153 1902 2233 1986 τῇ
2277 1905 2441 1987 θείᾳ
2483 1899 2670 1987 λήξει

313 2003 642 2087 βασιλέως
698 1999 884 2090 ήμῶν
930 1997 1400 2081 ι]ἰδιστοόιτιιις”ἱ
1442 2001 1701 2080 πάντας
1745 2000 2155 2088 στρατιώτας
2195 2026 2267 2067 τε
2309 2003 2418 2067 καὶ
2465 2002 2670 2068 πολι-

314 2106 534 2184 τικοὺς
589 2100 967 2191 άναργύρως
1023 2100 1596 2191 ἆποκαταστήσεις
1649 2114 1793 2182 τοῒς
1852 2104 2051 2180 ἰδίοις
2105 2101 2362 2180 τόποις.
2452 2097 2667 2170 οὖδὲ”

312 2205 435 2291 γὰρ
482 2207 702 2289 ἔχουσι
746 2205 1091 2293 πρόφασιν
1136 2207 1256 2273 02²⁴
1300 2206 1467 2290 μετὰ
1511 2206 1835 2284 τοσαύτας
1882 2202 2354 2292 προφωνήσεις
2395 2207 2503 2270 καὶ
2538 2212 2667 2290 βα-

284 2307 575 2385 ,σιλικὰς
619 2302 1064 2393 παραγγελίας
1108 2303 1626 2385 ὗπεισελθόντες
1667 2310 1773 2374 καὶ
1811 2306 1931 2384 τὰς
1958 2310 2090 2371 τῶν
2117 2312 2376 2389 χωρίων
2409 2302 2666 2390 ὅμάδας

314 2411 422 2477 καὶ
468 2403 850 2491 κοινότητας
892 2407 1150 2497 γνώμης
1194 2405 1534 2499 ἀπληστίᾳ
1579 2408 2104 2494 διαταράξαντες,
2151 2410 2256 2474 καὶ
2301 2402 2665 2495 ἆγορασίας

315 2505 454 2577 άπὸ
488 2515 909 2596 στρατιωτῶν
938 2506 980 2598 ἢ
1009 2512 1309 2597 πενήτων
1340 2511 1771 2598 ποιήσασθαι
1791 2510 2416 2596 κατατολμήσαντες.
2450 2535 2663 2596 παρε-

315 2611 513 2698 δήλου
550 2613 620 2678 δὲ
654 2608 690 2699 ἢ
724 2608 1029 2699 άναφορά
1060 2638 1180 2680 σου
1211 2613 1326 2699 τῆν
1360 2612 1512 2698 ἄρτι
1541 2614 1954 2701 ἐπικειμένην
1985 2616 2102 2678 τοῦ
2135 2614 2429 2696 λοιμοῦ’·”
2459 2608 2662 2698 ἀνάγ-

313 2739 426 2800 κην
470 2716 579 2780 καὶ
624 2713 738 2800 τὴν
784 2717 1072 2802 παντελῆ
1115 2720 1246 2781 τῶν
1291 2718 1564 2798 καρπῶν
1610 2710 1952 2797 άστοχίαν·
1999 2717 2106 2781 καὶ
2135 2714 2254 2802 χρὴ
2288 2715 2660 2799 διευλαβεῖ-

313 2821 484 2882 σθαι
538 2811 738 2902 ἡμᾶς,
796 2815 885 2903 μὴ
944 2818 1136 2901 λιμοῦ
1179 2822 1561 2902 βιαιοτέραν
1607 2810 1885 2902 ἀνάγκην
1930 2820 2151 2903 κριτοῦ
2195 2827 2341 2894 τοῖς
2386 2810 2659 2895 ἀθλίοις

313 2916 757 3003 ἐπιστήσομεν
814 2925 1084 3003 πένησι,
1145 2922 1254 2986 καὶ
1315 2915 1543 3002 ὥσπερ
1603 2918 1666 2984 οἱ
1722 2922 1855 2985 τῶν
1916 2918 2156 3003 ἰατρῶν
2217 2916 2482 3005 ἄριστοι
2536 2917 2658 2997 τὰς

313 3025 724 3105 φαρμακείας
782 3019 849 3087 ἐν
901 3031 1159 3107 καιροῖς
1216 3023 1693 3109 φλεγμαίνουσι
1751 3024 2266 3104 παραιτοῦνται,
2326 3016 2500 3086 οὕτω
2545 3022 2653 3086 καὶ

312 3114 550 3198 αὖτοὺς
606 3121 1070 3208 παραβιβάσαι
1123 3121 1242 3200 τὰς
1287 3117 1685 3209 ἀπαιτήσεις
1726 3127 1836 3189 καὶ
1877 3121 2110 3209 μικρὸν
2156 3122 2460 3189 ἐνδοῦναι
2504 3146 2655 3209 φει-

312 3222 422 3288 δοῖ
462 3225 577 3301 τῗς
617 3230 845 3307 βιαίας
886 3227 1003 3289 τοῦ
1046 3228 1276 3310 καιροῦ
1323 3226 1615 3310 συνοχῆς.

332 3342 383 3349 —-

522 3343 729 3351 ——-..--
746 3344 805 3350 „-

444 3389 483 3419 ¹⁶
520 3392 641 3456 Epit.
678 3385 735 3440 ἐκ
769 3393 887 3449 τοῦ,
929 3396 1108 3444 omissa
1145 3396 1375 3458 particula
1412 3407 1515 3441 τοι.
1575 3395 1737 3443 Recte.
1905 3392 1938 3420 ¹⁷
1976 3396 2097 3458 Epit.
2135 3389 2224 3444 ἐπὶ
2250 3389 2491 3463 χρόνους
2528 3389 2653 3465 ὥρι-

309 3470 555 3540 σμένους.
732 3473 769 3501 ¹⁸
806 3480 933 3526 Haec
970 3493 1077 3527 meo
1107 3479 1290 3544 Judicio
1330 3485 1553 3540 corrupta
1589 3485 1728 3526 sunt:
1770 3486 1899 3527 certe
1933 3476 2324 3546 παρασχόντας
2359 3488 2406 3530 et
2443 3492 2654 3547 συγχω-

309 3557 543 3623 ροῦντας
578 3558 882 3609 scribendum
918 3562 1087 3611 fuerat.
1138 3562 1355 3625 Epitome
1375 3563 1552 3611 omittit
1584 3565 1722 3611 verba
1746 3557 1831 3611 δεῖ
1847 3556 2061 3620 αὐτούς,
2103 3573 2149 3614 et
2169 3565 2343 3614 deinde
2369 3566 2512 3615 habet
2535 3560 2654 3614 δια-

308 3638 581 3709 τέμνουσι.
658 3644 796 3692 Forte
843 3644 1125 3707 legendum:
1178 3641 1264 3696 δεῖ
1306 3639 1490 3694 αὐτῶν
1533 3674 1604 3682 -
1636 3645 2040 3714 παρασχόντων
2074 3674 2141 3685 -
2177 3647 2651 3717 συγχωρουμένων

309 3758 373 3768 -
410 3728 524 3776 τῶν
559 3720 892 3794 ἀγοραστῶν
923 3727 1032 3778 κτλ.
1245 3727 1282 3757 ¹⁹
1315 3731 1438 3794 Epit.
1477 3733 1610 3783 addit
1642 3728 1872 3798 τίμημα.
2064 3730 2105 3758 ²⁰
2140 3733 2265 3796 Epi«.
2299 3730 2644 3798 καταβαλεῖν.

306 3810 342 3839 ¹¹
392 3814 586 3864 Scilicet
636 3815 759 3864 inter
805 3814 1088 3877 torminum,
1141 3831 1286 3880 quem
1322 3816 1476 3879 prima
1512 3818 1590 3867 iila
1624 3819 1823 3868 Romani
1861 3817 2067 3867 senioris
2105 3819 2385 3868 constitutio
2424 3821 2556 3879 (Nov.
2597 3821 2649 3881 V)

308 3898 529 3962 definivit,
565 3899 596 3949 i.
634 3915 676 3949 e.
714 3900 838 3949 inter
872 3907 1059 3962 tempus
1091 3900 1256 3965 sumiti,
1293 3917 1417 3965 quae
1453 3916 1579 3952 anno
1617 3903 1713 3952 927
1754 3904 1938 3952 initium
1977 3902 2118 3966 cepit,
2157 3911 2204 3951 et
2241 3904 2647 3953 renuntiationem

306 3981 606 4044 imperatoris
656 3984 951 4034 Constantini
1004 3986 1419 4050 porphyrogeniti,
1472 4001 1595 4050 quae
1645 3987 1691 4036 in
1736 4002 1911 4037 annum
1960 3988 2060 4038 945
2109 3987 2306 4049 incidit,
2355 3987 2496 4037 xvul
2535 3989 2647 4038 anni

306 4067 622 4125 intercedunt.
668 4094 736 4103 —
784 4069 851 4117 Cr.
891 4084 1037 4132 supra
1083 4071 1192 4120 Nov.
1233 4072 1273 4120 11
1311 4078 1407 4119 not.
1440 4070 1471 4119 2
1521 4070 1679 4121 locum
1732 4072 1900 4121 Codini
1950 4078 1996 4122 et
2043 4071 2164 4121 infra
2212 4072 2324 4123 Nov.
2359 4072 2499 4122 ΧΧΙΧ
2549 4081 2647 4123 not.

305 4143 347 4171 ²²
378 4147 502 4211 Epit.
539 4144 914 4206 ἆδιαστίκτως.
1059 4151 1096 4180 ²³
1133 4155 1275 4205 Labh.
1317 4147 1494 4203 οὐδέν.
1637 4152 1676 4182 ⁸¹
1715 4157 1858 4206 Labb.
1894 4148 1958 4207 εἰ.
2100 4154 2141 4183 ²⁵
2177 4156 2334 4206 Malim
2369 4152 2547 4223 λιμοῦ.
