2900 4950
402 230 519 291 108
1256 241 1373 290 eon.
1412 241 1470 291 ΙΙ.
1539 240 1654 290 Νον.
1690 240 1862 290 xxvu.

1332 457 1503 520 NOV.
1548 457 1773 520 xxvn.

946 575 1019 638 Ut
1061 575 1281 655 pariter
1322 595 1532 638 omnes
1576 575 1858 655 adoptare
1903 573 2185 654 possint&

1211 761 1722 836 ΔΙΑΤΑΞΙΣ
1765 754 1895 846 κζ.

743 892 924 992 Περὶ
974 900 1110 966 τοῦ
1161 892 1410 989 ἐπίσης
1461 889 1748 974 πάντας
1797 891 2315 965 υἱοθετεῖσθαι
2344 896 2396 962 ².

911 1040 968 1094 Ὁ
1006 1038 1219 1099 αύτὸς
1251 1040 1585 1110 βασιλεὺς
1621 1042 1889 1110 στυλιανῷ
1925 1044 2002 1108 τῷ
2040 1035 2205 1107 αύτῷ.

570 1148 703 1211 Καὶ
744 1145 992 1223 καλῶς3
1035 1149 1297 1228 πρέπον
1341 1139 1623 1229 ὗπάρχει
1663 1141 1781 1230 τὴν
1826 1138 2152 1229 ὠφέλειαν
2197 1140 2280 1207 ἐν·
2308 1143 2507 1226 κοινῷ
2538 1165 2758 1206 κατα-
2797 1143 2800 1146 ’

395 1253 723 1313 τίθεσθαι
775 1245 929 1323 τοὺς
986 1241 1229 1330 ὄφελός
1286 1270 1354 1309 τι
1413 1244 1695 1329 ἐξευρεῖν
1752 1245 1846 1329 τῷ
1902 1250 2029 1328 βίῳ
2088 1243 2418 1321 σπουδαῖς
2460 1242 2755 1321 οἰκείαις

398 1352 995 1432 προθυμηθέντας,
1054 1340 1094 1431 ἢ
1148 1344 1225 1410 τὸ
1267 1343 1638 1428 βούλεσθαι
1679 1350 1900 1427 μέχρις
1947 1344 2136 1410 ἐνίων
2179 1342 2567 1428 προσώπων
2615 1368 2755 1409 πε·-

397 1448 705 1532 ριορίζειν
747 1445 902 1524 τοὺς
946 1442 1002 1511 δ’
1051 1442 1290 1523 ἄλλους
1335 1441 1690 1528 ἀμετόχους
1733 1442 1971 1530 ’ταύτης
2016 1444 2147 1524 ἐᾶν,
2195 1440 2368 1510 πολύ
2414 1445 2485 1509 δὲ
2530 1444 2754 1509 πλέον

399 1552 687 1634 προσῆκε
729 1546 844 1632 τὴν
891 1546 959 1613 ἐκ
1001 1549 1132 1611 τῶν
1180 1545 1397 1630 νόμων
1445 1542 1816 1631 εὐεργεσίαν
1848 1540 2020 1612 εἶναι
2049 1542 2289 1629 κοινήν.
2352 1539 2581 1628 ὥσπερ
2611 1542 2750 1629 γὰρ

398 1648 510 1713 ἐπὶ
559 1645 869 1732 ἄρχοντος
913 1642 1146 1732 ἀρετῆς
1191 1643 1362 1712 οὕτω
1417 1648 1524 1713 καὶ
1572 1647 1682 1714 ἐπὶ
1730 1647 1947 1731 νόμων
1992 1640 2344 1732 ὀφείλομεν
2387 1648 2570 1731 κοινῇ
2615 1648 2750 1711 τοῦ

398 1750 655 1815 ἐκεῖθεν
700 1743 1063 1815 ἀπολαύειν
1107 1747 1307 1813 καλοῦ
1363 1743 1545 1814 ἅπαν
1589 1746 1667 1812 τὸ
1713 1742 2074 1832 ἀρχόμενόν
2114 1771 2189 1813 τε
2230 1749 2337 1812 καὶ
2382 1746 2752 1830 ὑποκείμε-

397 1873 527 1915 νον.
589 1855 655 1915 τί
696 1851 889 1914 τοῦτο
934 1849 1108 1935 λέγει
1149 1845 1226 1913 τὸ
1270 1854 1662 1933 προοίμιον;
1710 1843 1816 1914 ὅτι
1856 1858 2000 1926 τοῖς
2031 1841 2379 1928 ἀτυχοῦσιν
2410 1841 2750 1913 ἀπαιδίαν

399 1949 573 2015 λύειν
615 1949 1016 2034 βουλόμενος
1049 1948 1126 2014 τὸ
1160 1949 1536 2038 δυστύχημα
1568 1948 1766 2033 νόμος
1797 1948 1863 2014 ἐν
1892 1951 1986 2034 τῷ
2018 1948 2489 2015 υἱοθετεῖσθαι
2521 1970 2749 2034 προσ-

396 2050 665 2116 τάσσειν
710 2054 816 2116 καὶ
860 2049 1083 2138 γνώμῃ
1132 2048 1337 2116 ἐκεῖνο
1383 2052 1678 2115 κτᾶσθαι
1724 2046 1759 2114 ὃ
1802 2048 1890 2133 μὴ
1938 2046 2258 2134 εὔπορον4
2293 2049 2519 2134 λαβεῖν
2550 2048 2750 2133 παρὰ

395 2156 512 2237 τῆς
557 2145 849 2238 φύσεως,
910 2147 986 2217 ού
1032 2149 1203 2235 πρὸς
1245 2148 1503 2228 πάντας
1547 2146 1795 2234 ὁμοίιος
1840 2150 2118 2216 διέσωσε
2160 2148 2276 2236 τὴν
2319 2155 2744 2268 προαίρεσιν,

398 2247 535 2317 ἀλλ’
586 2248 865 2336 ἀνδράσι
906 2254 1026 2335 μὲν
1069 2254 1175 2317 καὶ
1220 2253 1530 2336 γυναιξὶν,
1581 2249 1657 2329 ἃς
1703 2248 2011 2336 ἐγνώρισε
2051 2252 2170 2335 μὲν
2213 2245 2252 2338 ἡ
2310 2246 2512 2337 φύσις
2538 2256 2747 2335 μητέ-

397 2377 534 2436 ρας.
574 2353 668 2430 εἰς
713 2349 1034 2419 ἀπαιδίαν
1078 2353 1149 2418 δὲ
1195 2347 1545 2438 ἀφαιρέσει
1587 2355 1703 2437 τῆς
1744 2355 1938 2438 γονῆς
1981 2354 2426 2439 περιέστησε,
2474 2348 2550 2415 τὸ
2596 2352 2742 2417 υἷο-

397 2459 659 2539 θέτημα
717 2452 1125 2540 ἐδωρήσατο,
1185 2449 1526 2537 εὐνούχους
1582 2453 1655 2520 δὲ
1711 2452 1822 2519 καὶ
1876 2452 2141 2538 γύναια,
2192 2479 2294 2518 ων
2351 2448 2542 2518 οὔπω
2602 2455 2741 2518 τῶν

394 2553 662 2621 κόλπων
708 2550 743 2619 ὃ
788 2558 905 2620 τοῦ
948 2561 1173 2641 γένους
1214 2553 1470 2642 ἤνθησε
1503 2552 1769 2637 στάχυς,
1818 2547 1932 2619 οὐκ
1977 2550 2201 2634 ἀξίους
2246 2552 2453 2638 ἔκρινε
2479 2556 2596 2618 τοῦ
2629 2548 2742 2619 εὗ-

397 2656 844 2741 εργετήματος,
905 2652 1020 2738 οὐχ
1080 2651 1213 2742 ὅρῷ
1258 2663 1407 2722 τίνα
1448 2654 1700 2742 τρόπον
1746 2651 1917 2720 οὕτω
1960 2653 2565 2739 μικρολογούμενος.
2655 2648 2740 2719 ού

395 2756 517 2844 γὰρ
566 2754 671 2823 ὅτι
715 2756 1108 2840 ἐζημίωνται
1149 2757 1229 2849 τὸ
1275 2751 1447 2824 εἶναι
1492 2756 1691 2843 φύσει
1721 2760 2002 2840 πατέρες
2034 2751 2346 2838 εὐνοῦχοι,
2394 2752 2505 2820 διὰ
2534 2757 2736 2819 τοῦτο

398 2857 581 2944 νόμῳ
633 2858 749 2944 τὴν
806 2858 1037 2944 ζημίαν
1097 2859 1450 2925 ἐπιτείνειν
1502 2857 1654 2945 χρὴ,
1714 2853 1883 2922 ἀλλὰ
1905 2851 2320 2921 ’τούναντίον
2360 2856 2611 2940 μᾶλλον
2654 2855 2738 2920 τὸ

398 2959 908 3039 ἐκεῖθενὲνδεὲς
953 2960 1150 3046 ἑτέρῳ
1195 2957 1424 3047 τρόπῳ
1469 2957 1559 3046 μὴ
1604 2956 1876 3024 κωλύειν
1922 2958 2345 3043 πορίζεσθαι,
2393 2956 2622 3034 καθὼς
2665 2956 2738 3022 έν

396 3066 543 3137 ταῖς
587 3057 818 3137 ἄλλαις
859 3060 1264 3144 κολοβιόσεσι
1306 3063 1439 3126 τῶν
1486 3061 1783 3147 φυσικῶν
1829 3058 2199 3143 ἐνεργειῶν,
2257 3052 2398 3123 οἷον
2443 3057 2558 3123 ἐπὶ
2599 3080 2736 3140 χει-

395 3164 530 3247 ρῶν
572 3164 679 3227 καὶ
725 3162 954 3227 ποδῶν
998 3166 1101 3227 καὶ
1152 3162 1216 3228 εἴ
1254 3187 1321 3226 τι
1365 3158 1527 3227 ἄλλο
1562 3155 2042 3245 ἀπεστέρηνται
2074 3156 2449 3243 ἅνθρωποι,
2499 3152 2576 3222 ού
2606 3184 2736 3223 κω-

394 3262 665 3329 λύονται
720 3262 834 3327 τὸν
892 3261 1168 3328 δυνατὸν
1228 3260 1481 3346 τρόπον
1540 3267 2107 3345 παραμυθεῖσθαι
2161 3259 2276 3344 τὴν
2343 3257 2731 3341 κολόβωσιν.

396 3368 505 3429 καὶ
557 3361 685 3447 μὴν
744 3357 894 3427 οὐδὲ
949 3373 1285 3446 γυναῖκας,
1330 3358 1524 3426 διότι
1578 3360 1666 3445 μὴ
1729 3358 2060 3447 ὤφθησαν
2102 3365 2405 3448 μητέρες,
2466 3355 2735 3443 εὔλογόν

397 3463 575 3527 ἔστιν
621 3457 1025 3545 ἀποτρέπειν
1075 3462 1562 3528 υἱοθετεῖσθαι.
1639 3467 1740 3540 τίς
1782 3459 1904 3547 γὰρ
1952 3457 1987 3526 ό
2034 3462 2227 3546 λόγος
2268 3464 2384 3547 τοῦ
2430 3458 2548 3538 τὰς
2590 3461 2730 3543 μὲν,

398 3558 505 3626 ὅτι
549 3555 984 3648 ἀφῃρέθησαν
1027 3562 1160 3627 τῶν
1207 3563 1489 3640 παίδων,
1541 3564 2056 3649 φιλοτιμεῖσθαι
2099 3562 2305 3629 πάλιν
2348 3560 2572 3648 κτήσει
2600 3562 2732 3626 τῶν

396 3663 691 3740 παίδων,
736 3660 855 3739 τὰς
900 3663 1001 3743 δὲ,
1055 3658 1160 3727 ὅτι
1204 3663 1547 3741 παντελῶς
1592 3661 1845 3749 ἄποροι
1884 3662 2190 3729 τοιούτου
2234 3662 2542 3749 γεγόνασι
2581 3660 2734 3748 κτή-

532 3917 547 3945 ⁸
594 3919 691 3969 EcL
728 3919 838 3969 Nov.
882 3918 956 3968 18.
1028 3914 1270 3968 Excitatur
1305 3919 1351 3966 in
1390 3918 1516 3982 Epit,
1552 3920 1602 3980 V,
1641 3919 1705 3969 29
1730 3919 1877 3979 (2131,
1914 3933 1942 3966 a
1976 3917 2213 3980 Τίρυείιο,
2252 3917 2548 3976 ΒεΙεεσιοηε,
2587 3916 2729 3965 Blast.

400 4010 448 4050 ει
468 4003 627 4052 Hau-m.
664 4003 784 4053 locis
811 4019 954 4067 supra
990 4003 1151 4066 p.106
1178 4004 1320 4053 not.l
1362 4004 1580 4053 laudatis.
1719 4001 1738 4027 ²
1774 4003 1937 4051 Zuich.
1962 4003 2218 4051 etMeerm.
2245 4002 2553 4051 adscribunt:
2593 3992 2727 4059 αὕτη

399 4076 665 4151 ἀνῄρηται
711 4082 815 4150 διγ.
869 4082 947 4145 λη’
985 4086 1083 4135 τοῦ
1119 4082 1165 4143 ζ’
1204 4082 1271 4134 τί.
1315 4086 1413 4135 τοῦ
1451 4080 1503 4135 α’
1536 4088 1610 4149 βι.
1652 4084 1765 4133 τῶν
1800 4080 1908 4148 chy.
1949 4079 2039 4132 καὶ
2075 4083 2170 4144 τῆς·
2204 4079 2255 4133 α’
2295 4078 2734 4136 ἱνστιτουτίωνος

399 4163 466 4215 τί.
511 4161 545 4216 ι’
584 4170 703 4231 (lege
742 4164 852 4229 ια’),
892 4168 1005 4217 τῶν
1035 4168 1210 4233 βασιλ.
1250 4173 1323 4234 βι.
1365 4163 1446 4234 λγ’
1485 4165 1556 4217 τί.
1597 4164 1649 4218 α’
1682 4181 1806 4235 κεφ.
1845 4161 1942 4235 μα’
1980 4170 2185 4231 (Heimb.
2225 4186 2266 4219 c.
2300 4170 2402 4232 52),
2438 4163 2530 4216 καὶ
2562 4161 2732 4232 νεαρὰ

396 4247 489 4318 μζ
523 4248 646 4318 θέμ.
689 4248 988 4317 τελευταίῳ.
1131 4252 1150 4280 ³
1187 4256 1352 4318 Steph.
1389 4256 1478 4316 legi
1513 4255 1611 4303 vult
1646 4247 1835 4310 ἄλλως,
1875 4254 2001 4317 Agyl.
2035 4249 2260 4319 μᾶλλον.
2403 4251 2434 4315 4,
2461 4252 2615 4303 Malim
2651 4244 2732 4301 εὖ·

397 4336 647 4403 πυροῦσι.
788 4334 808 4364 ⁵
843 4339 1040 4399 Scrimg.
1078 4335 1401 4404 παρέστησε.
1763 4322 1770 4328 ’
2603 4336 2610 4343 “
