2900 4950
1129 207 1249 273 Imp.
1285 207 1509 259 Heraclii.
2404 204 2487 265 47

130 361 316 440 πέραν
368 354 675 422 κέλευσιν
720 347 872 434 εἷς*3
912 353 1029 440 τὴν
1070 358 1187 442 τῆς
1240 352 1640 436 ὑποθέσεως
1681 358 2114 447 παρειληφὼς
2170 349 2487 446 άκρόασιν

132 458 332 540 τύχοι.
432 456 748 524 τοιούτου
801 455 924 541 γάρ
979 480 1160 536 τινος
1222 464 1851 542 παρεμπίπτοντος,
1916 459 2072 539 τοὺς
2125 459 2237 529 ἐπὶ
2292 467 2489 531 τοῦτο

130 564 479 645 κειμένους
519 568 785 643 κρατεῖν
826 555 1217 643 βουλόμεθα
1263 558 1522 644 νόμους.

296 659 388 727 δ’.
471 658 803 745 ’Ἀρχοντα
833 661 904 726 δὲ
938 655 1110 738 ὅλως
1138 658 1485 728 πολιτικὸν
1514 656 1556 747 ἢ
1583 661 2053 746 στρατιωτικὸν
2085 660 2433 752 ἐπισκόπῳ
2451 667 2490 701 ¹⁴

132 765 312 850 δίκην
367 768 859 846 παραπέμπειν
903 754 945 848 ἢ
984 759 1100 847 τὴν
1144 754 1346 827 αὑτοῦ
1389 768 1605 846 κρίσιν
1650 757 2099 852 ἇναψηλαφᾶν
2141 758 2184 851 ἢ
2227 765 2487 852 έκβιβα-

130 868 267 950 σμῷ
320 863 577 950 ταύτην
623 861 1098 948 παραδιδόναι,
1167 858 1320 930 οὑδὲ
1362 863 1531 930 κατὰ
1571 862 1812 952 ταύτην
1853 860 2040 952 ἡμῶν
2082 865 2199 952 τὴν
2241 894 2490 936 πανευ-

131 968 427 1051 δαίμονα
474 964 676 1031 πόλιν
721 959 874 1031 οὐδὲ
916 959 1070 1031 καθ’
1118 964 1338 1050 ἕτερόν
1382 990 1531 1032 τινα
1572 963 1785 1032 τόπον
1815 969 1931 1051 τῆς
1975 964 2238 1035 ἄνωθεν
2269 994 2490 1055 παρα-τ

131 1068 498 1153 δεδομένης
526 1061 682 1151 ἡμῖν
714 1067 1057 1145 πολιτείας
1084 1065 1475 1150 βουλόμεθα
1506 1060 1806 1151 ἀπρεπὲς
1844 1070 2038 1134 τοῦτο
2067 1064 2485 1157 ἡγησάμενοι,

130 1172 227 1234 καὶ
282 1167 407 1234 τὸν
457 1167 749 1234 παλαιὸν
792 1170 898 1234 καὶ
956 1170 1109 1252 περὶ
1159 1169 1358 1233 τοῦτο
1401 1165 1480 1232 τὸ
1521 1173 1723 1253 μέρος
1767 1168 2334 1254 ἐπανορθούμεθα
2376 1174 2488 1240 νό-

128 1290 288 1352 μον·
335 1272 538 1335 ufir*
582 1273 978 1353 κρινομένων
1022 1269 1432 1354 ἑκβιβασμῷ,
1495 1268 1555 1336 εἰ
1606 1270 1726 1353 μὲν
1782 1268 1866 1334 τὰ
1918 1275 2081 1356 μέρη
2137 1282 2282 1350 τοῖς
2341 1274 2491 1339 δια-

132 1375 585 1453 τυπουμένοις
629 1367 1112 1456 ἔφησυχάσωσι,
1160 1375 1449 1457 προνοίᾳ
1492 1373 1609 1435 τοῦ
1650 1377 1986 1456 κρίνοντος
2030 1370 2484 1457 ἐπαγομένων·

130 1473 184 1539 εἰ
228 1474 313 1538 δέ
354 1496 465 1550 τις
512 1471 742 1558 ἔφεσις
795 1469 1413 1558 παρακολουθήσει,
1473 1472 1780 1558 φροντίδι
1833 1475 1951 1539 τοῦ
2005 1471 2123 1558 τὴν
2180 1475 2486 1560 δευτέραν

132 1573 535 1660 ἐκφέροντος
578 1575 811 1659 ψῆφον
828 1592 843 1607 ·
887 1572 1240 1661 προδήλως
1265 1576 1399 1639 τῶν
1427 1577 1571 1653 τοῖς
1599 1569 1941 1662 ἡμετέροις
1971 1575 2485 1662 διηγορευμένων

132 1675 365 1760 νόμοις
413 1674 531 1740 ἐπὶ
575 1679 718 1752 τοῖς
762 1671 1089 1759 ἐναγωγὰς
1130 1672 1316 1759 παρὰ
1357 1673 1678 1761 κληρικῶν
1720 1669 2196 1761 ὑφισταμένοις
2231 1678 2486 1756 λαῑκοῒς

130 1776 242 1861 τὴν
290 1776 479 1844 ἰδίαν
527 1773 804 1856 ἐχόντων
852 1773 1065 1860 ἰσχύν·
1122 1771 1202 1840 τό
1247 1775 1319 1841 δέ
1373 1800 1447 1860 γε
1491 1774 1629 1843 ἐστὶ
1674 1774 1753 1841 τὸ
1791 1779 2026 1862 χρῆναι
2078 1775 2194 1843 τὸν
2239 1776 2486 1864 ἄκτορα

130 1878 240 1944 τὸν
284 1879 415 1943 τοῦ
457 1876 614 1959 ῥέου
655 1875 1084 1959 μεταδιώκειν
1130 1874 1361 1963 φόρον.

299 1977 375 2046 ε’.
469 1977 557 2043 Εἰ
601 1978 673 2044 δὲ
717 1976 888 2062 πρὸς
932 1975 1299 2064 ἐγκλήματα
1342 1982 1615 2064 φέροιτο
1657 1977 1744 2044 τὰ
1783 1975 2078 2044 ἐνταῦθα
2108 1976 2486 2065 ἐπαγόμενά

132 2107 260 2147 τινι
301 2082 443 2145 τῶν
492 2079 862 2163 ἱερωμένων
904 2077 1311 2164 προσώπων,
1355 2071 1476 2143 κᾶν
1518 2080 1635 2162 τῆς
1679 2080 1799 2162 σῆς
1839 2072 1956 2144 κᾶν
2002 2078 2226 2163 ἑτέρας
2256 2081 2485 2167 ε’ίησαν

134 2181 560 2269 διοικήσεως,
621 2178 809 2264 παρὰ
860 2182 939 2266 τῇ
996 2183 1080 2266 σῇ
1136 2177 1573 2266 μακαριότητι
1621 2180 1729 2244 καὶ
1771 2179 1940 2265 μόνῃ
1985 2182 2094 2246 καὶ
2136 2191 2281 2259 τοῖς
2322 2176 2479 2267 παρ’

133 2281 333 2370 αὐτῆς
393 2277 807 2366 ὁριζομένοις
862 2281 978 2368 τὴν
1031 2279 1282 2348 τούτων
1340 2279 1634 2360 ἐξέτασιν
1692 2285 2000 2365 προϊέναι
2049 2282 2481 2367 θεσπίζομεν,

131 2388 229 2454 καὶ
277 2388 402 2473 τῆς
447 2381 619 2448 κατὰ
660 2385 793 2449 τῶν
835 2380 1154 2449 τοιούτων
1204 2387 1695 2470 προτιθεμένης
1746 2388 2136 2469 κατηγορίας
2194 2388 2487 2470 φανεράς

130 2493 514 2573 γινομένης,
581 2478 625 2571 ἢ
690 2483 1304 2571 συνομολογούντων
1363 2483 1685 2562 πολλάκις
1751 2483 2012 2551 ἐκείνων
2064 2485 2151 2551 τὰ
2219 2482 2319 2573 ἐφ’
2382 2483 2485 2566 οἷς

131 2590 652 2675 κατηγοροῦνται
698 2581 740 2672 ἢ
782 2593 1077 2671 νομίμως
1121 2586 1642 2671 διελεγχομένων,
1689 2584 1808 2673 τὴν
1849 2588 2065 2665 καλῶς
2111 2586 2277 2669 ἔχειν
2321 2612 2483 2675 φαι-

135 2697 413 2775 νομένην
460 2690 542 2774 τῇ
588 2689 671 2775 σῇ
713 2686 1146 2775 μακαριότητι
1188 2697 1333 2765 τοῖς
1374 2681 1806 2774 ἡμαρτῆσθαι
1836 2687 2277 2772 δεικνυμένοις
2317 2689 2486 2756 κατὰ

133 2792 285 2871 τοὺς
328 2797 574 2868 θείους
614 2787 892 2867 κανόνας
936 2787 1204 2874 ἐπάγειν
1249 2787 1474 2874 τομήν.
1564 2785 1623 2854 εί
1666 2789 1740 2854 δέ
1782 2812 1854 2872 γε
1883 2795 2148 2871 νομίσοι
2193 2792 2484 2877 σφοδρο-

136 2900 327 2979 τέρας
372 2887 854 2970 ἐπεξελεόσεως
884 2887 1069 2969 ἄξιον
1099 2892 1508 2956 καθεστάναι
1542 2887 1658 2952 τὸν
1687 2888 2086 2971 κρινόμενον,
2131 2895 2484 2976 τηνικαῦτα

136 2994 246 3062 τὸν
290 2995 606 3060 τοιοῦτον
649 2989 836 3073 παρὰ
875 2993 990 3077 τῆς
1034 2993 1154 3077 σῆς
1193 2987 1677 3074 μακαριότητος
1716 2989 1834 3053 τοῦ
1879 2996 2334 3075 περικειμένου
2378 3017 2484 3060 κε-

139 3095 411 3178 λεύομεν
441 3095 863 3177 γυμνοῦσθαι
893 3089 1220 3178 σχήματος
1247 3092 1354 3155 καὶ
1385 3099 1529 3167 τοῖς
1555 3089 1931 3166 πολιτικοῖς
1961 3086 2235 3172 ἄρχουσι
2263 3117 2486 3177 παρα-

140 3197 465 3263 δίδοσθαι
507 3192 630 3271 τὰς
670 3202 815 3270 τοῖς
854 3186 1196 3280 ἡμετέροις
1231 3191 1670 3275 διωρισμένας
1699 3187 1931 3272 νόμοις
1958 3196 2280 3273 τιμωρίας
2313 3188 2485 3257 ὑπο-

141 3296 565 3385 στησόμενον.
652 3296 784 3359 τῶν
829 3289 1077 3378 ὁμοίων
1105 3297 1211 3358 καὶ
1259 3290 1326 3358 ἐν
1354 3301 1504 3370 ταῖς
1548 3289 1897 3375 ἐπαρχίαις
1940 3288 2050 3356 ἐπὶ
2084 3299 2233 3368 ταῖς
2263 3291 2479 3379 ἐγκλη-

138 3408 450 3483 ματικαῒς
505 3396 1015 3483 φυλαττομένων
1074 3391 1444 3481 ζητήσεσιν,
1516 3387 1690 3460 ὥστε
1742 3394 1875 3458 τῶν
1929 3391 2485 3479 προδηλουμένων

143 3501 415 3567 ἕκαστον
469 3493 607 3564 ὑπὸ
662 3501 1054 3582 κατηγορίαν
1109 3491 1452 3579 γινόμενον
1508 3488 1663 3579 παρ’
1725 3493 1948 3579 ἐκείνῳ
2013 3492 2133 3571 τὰς
2198 3489 2486 3576 εὐθύνας

140 3598 437 3684 ὑπέχειν,
496 3592 608 3685 ὑφ’
658 3596 733 3663 ὃν
779 3591 977 3662 αὐτὸν
1021 3593 1343 3677 τετάχθαι
1399 3600 1776 3680 συμβαίνει,
1833 3598 1938 3661 καὶ
1997 3593 2113 3681 τὴν
2170 3594 2286 3663 ἐπὶ
2340 3603 2486 3677 τοῖς

145 3700 315 3789 αὐτῷ
360 3700 980 3786 πεπλημμελῆσθαι
1017 3701 1446 3784 φαινομένοις
1490 3696 1904 3775 ὲπεξέλευσιν
1947 3694 2113 3761 κατὰ
2156 3695 2270 3761 τὸν
2314 3722 2485 3780 προ-

146 3800 697 3890 αναφερόμενον““
738 3793 1160 3884 ὑφίστασθαι
1203 3795 1473 3881 τρόπον.
1562 3800 1695 3861 τιῦν
1739 3791 2134 3861 ὑποθέσεων
2178 3800 2310 3862 τῶν
2360 3795 2482 3884 ἤδη

146 3900 229 3985 ὥς
268 3902 442 3984 εἰκὸς
485 3906 850 3988 προοίμιον
895 3898 962 3986 ἐν
1006 3899 1378 3977 πολιτικοῖς
1420 3891 1463 3985 ἢ
1508 3906 2007 3980 στρατιωτικοῖς
2038 3896 2486 3985 δικαστηρίοις

148 4006 209 4071 ἐν
246 4006 591 4093 γράμμασι
622 4003 991 4083 δεξαμένων
1021 3999 1317 4067 ἐνταῦθά
1343 4025 1417 4066 τε
1446 3995 1751 4066 καὶκατὰ
1790 3994 2029 4080 χώραν,
2073 3996 2241 4064 κατὰ
2283 3993 2479 4066 ὁσιω-

148 4160 291 4168 ———..—.-

268 4242 302 4270 ⁸³
336 4243 483 4295 Voell.
524 4233 622 4294 εἷς.
794 4235 831 4264 “
870 4239 1063 4289 Leuncl.
1099 4233 1397 4288 ἐπίσκοπον
1432 4248 1478 4288 οι
1516 4240 1562 4287 in
1599 4252 1743 4299 marg.
1782 4227 2096 4284 ἐπισκόπου.
2266 4234 2302 4263 ¹⁵
2337 4237 2483 4287 Voen.

149 4320 343 4377 τούτων
378 4357 437 4367 -
477 4320 852 4389 ἔκβιβασμῶν.
994 4321 1033 4349 '⁰
1069 4322 1261 4372 Leuucl.
1297 4336 1590 4389 παραναφ.
