2900 4950
333 186 360 211 ⁶
1117 218 1234 281 lmp.
1273 220 1440 269 [sancii
1479 220 1658 281 Angeli.
2120 190 2129 203 ⁹
2429 214 2547 279 551

221 366 538 431 liberaliter
589 376 648 428 et
701 385 882 446 super
936 366 1048 427 boc
1101 368 1418 447 capitulum
1478 388 1614 446 erga
1659 388 1763 431 eos
1805 370 1951 447 agit,
2010 380 2069 433 et
2113 377 2149 435 4
2197 373 2269 433 de
2314 385 2549 439 centurn
2630 396 2635 401 ·

225 478 447 530 tantum
504 469 643 528 dare
699 487 801 529 eos
850 466 1015 547 jubet
1078 477 1136 529 et
1194 468 1250 528 in
1312 468 1603 530 mercibus
1649 469 1909 549 ipsorum
1959 489 2105 549 quas
2152 472 2223 533 de
2266 473 2550 541 Romania

219 570 492 651 equidem
535 579 759 631 emunt.
826 568 1122 635 Fruentur
1165 569 1338 648 igitur
1382 568 1576 631 Pisani
1621 570 1885 633 libertate
1932 571 2075 651 ipsis
2120 573 2324 635 collata
2370 595 2401 639 a
2451 597 2555 635 no·

221 682 340 735 stra
386 671 699 737 serenitate
745 680 803 733 et
845 670 1120 731 omnibus
1147 669 1294 749 ipsis
1322 671 1574 743 donatiS,
1621 691 1727 733 ceu
1758 673 2031 752 superius
2062 674 2413 752 patefactum
2445 688 2552 749 est,

221 781 283 834 et
323 772 747 833 amovebuntur
788 771 861 832 ab
906 772 997 832 bis
1041 791 1362 851 nunquam.
1454 772 1731 844 Quamvis
1775 774 1929 837 enim
1977 773 2311 853 hujusmodi
2358 777 2553 841 omnia

107 895 122 904 ·
215 871 337 952 jam
385 874 596 936 tradita
642 873 857 937 fuerint
900 873 1275 939 monasteriis
1331 882 1392 934 et
1436 873 1707 952 personis
1751 874 1965 953 quibus
2010 876 2119 937 hec
2163 877 2349 939 ablata
2396 889 2552 950 sunt,

223 984 281 1034 et
327 973 552 1034 Pisanis
609 975 848 1048 tradita,
914 984 1167 1034 attamen
1229 962 1505 1055 quoniam
1564 974 1774 1035 iterum
1823 975 2155 1055 hujusmodi
2203 978 2397 1043 Pisani
2444 980 2554 1045 sub
2618 998 2623 1007 '

222 1074 455 1135 servitio
503 1075 782 1136 Romanie
839 1075 1088 1137 ordinati
1146 1085 1287 1138 sunt
1328 1085 1386 1136 et
1428 1076 1736 1154 pristinam
1781 1095 1945 1137 suam
1995 1078 2167 1138 tidem
2212 1090 2387 1160 atque
2432 1102 2557 1142 ser-

225 1175 420 1235 vitium
470 1177 721 1255 imperio
767 1187 989 1251 nostro,
1036 1176 1350 1237 heredibus
1396 1187 1454 1238 et
1498 1177 1937 1239 successoribus
1982 1179 2110 1258 ejus
2155 1188 2212 1239 et
2252 1181 2551 1256 Romame,

224 1278 533 1337 observare
583 1277 961 1357 juraverunt,
1020 1297 1252 1338 rursum
1313 1277 1398 1338 eis
1456 1277 1643 1338 ablata
1702 1287 1841 1339 sunt
1896 1288 1954 1339 et
1998 1280 2258 1341 restituta
2310 1281 2554 1356 PisaniS,

225 1379 501 1459 quoniam
548 1379 658 1458 ipsi
705 1373 1237 1441 satisfactionem‘a
1287 1380 1427 1439 fiseo
1473 1378 1689 1439 babere
1734 1378 1981 1453 debent;
2028 1380 2076 1440 si
2122 1399 2258 1440 vero
2306 1401 2423 1442 non
2457 1384 2560 1444 ho-

225 1479 486 1552 buerint,
535 1498 651 1539 non
698 1479 915 1540 debent
959 1480 1016 1539 in
1063 1480 1307 1541 Pisanos
1351 1499 1556 1559 agere,
1619 1481 1721 1541 sed
1766 1480 1827 1541 in
1873 1481 2065 1560 ipsum
2114 1482 2350 1555 fiscum,
2408 1484 2557 1544 infra

222 1581 538 1659 legitimum
585 1589 836 1660 tempus.
925 1580 1000 1641 Et.
1039 1580 1527 1641 restaurationem
1572 1579 1766 1659 adepti
1812 1582 2057 1654 suerint,
2126 1582 2426 1645 habebunt
2467 1606 2561 1645 sa·

222 1681 606 1743 tissactionem
651 1700 761 1761 per
803 1682 862 1742 id
908 1682 1063 1760 quod
1111 1681 1372 1756 ‹labitur3
1419 1681 1468 1741 si
1514 1690 1707 1742 autem
1755 1701 1874 1741 non
1922 1683 2116 1762 adepti
2162 1685 2409 1757 suerint,
2456 1678 2561 1746 ha-

221 1783 444 1844 bebunt
501 1802 609 1862 pro
664 1791 820 1843 rato:
882 1783 1159 1863 quoniam
1207 1781 1522 1862 imperium
1571 1791 1834 1843 nostrum
1881 1782 2172 1845 licentiam
2220 1803 2289 1844 ex
2332 1785 2559 1865 legibus

221 1883 399 1947 habet
439 1883 500 1945 in
546 1883 756 1945 noticia
801 1883 1085 1961 largiendi
1131 1891 1189 1943 et
1244 1881 1465 1955 aliena,
1525 1893 1584 1943 et
1626 1882 1869 1961 largitur
1911 1884 2021 1945 hec
2065 1885 2327 1947 l‘isarum
2374 1886 2559 1964 pleni-

222 1983 432 2047 tudini.
517 1984 811 2054 Quoniam
857 2002 992 2044 vero
1040 1982 1314 2044 notificati
1360 1982 1529 2060 legati
1576 1983 1885 2045 clementie
1930 1993 2130 2045 nostre
2161 1985 2559 2063 supplicantes

222 2087 518 2167 petierunt
569 2103 705 2145 cum
763 2083 891 2145 aliis
936 2083 1220 2144 notificari
1265 2083 1323 2144 in
1373 2084 1630 2163 presenti
1677 2083 2025 2163 chrysubulo
2072 2085 2305 2164 imperii
2355 2087 2558 2160 nostri,

223 2197 341 2251 tam
401 2205 466 2247 ea
526 2205 639 2264 que
696 2185 922 2264 pridem
970 2184 1425 2264 possidebantur
1470 2205 1499 2245 a
1547 2195 1711 2265 parte
1758 2185 2003 2246 civitatis
2048 2195 2107 2246 et
2150 2195 2304 2246 terre
2350 2186 2561 2247 Pisane

223 2289 285 2350 in
329 2306 537 2373 magna
586 2286 726 2347 urbe
763 2285 935 2367 jura,
998 2305 1170 2365 quam
1231 2306 1295 2346 ea
1344 2307 1459 2366 que
1505 2306 1663 2347 nunc
1707 2307 1736 2348 a
1783 2286 2127 2349 celsitudine
2174 2299 2371 2348 nostra
2418 2288 2563 2367 ipsis

224 2390 428 2453 collata
475 2398 630 2459 sunt,
678 2388 993 2467 Imperium
1045 2397 1307 2469 nostrum
1366 2387 1451 2448 sic
1494 2390 1619 2451 fieri
1668 2388 1977 2451 concessit.
2070 2388 2140 2451 Et
2185 2388 2402 2453 habent
2448 2407 2563 2471 que

224 2494 451 2574 pridem
495 2492 732 2573 quidem
778 2511 809 2552 a
859 2490 1084 2551 Pisanis
1129 2490 1582 2569 possidebantur
1624 2491 1774 2552 sic‘³:

394 2592 909 2655 Conservabuntur
960 2592 1136 2669 igitur
1187 2592 1456 2653 universa
1517 2592 1788 2672 superius
1842 2594 2059 2672 scripta
2120 2594 2285 2652 firma
2332 2591 2406 2652 ab
2452 2590 2566 2652 lm-

226 2696 389 2775 perio
436 2704 656 2766 nostro,
702 2694 1020 2754 heredibus
1065 2704 1122 2753 et
1152 2693 1594 2754 successoribus
1625 2693 1753 2773 ejus
1785 2702 1843 2753 et
1874 2693 2176 2765 Romania,
2223 2692 2271 2753 si
2306 2700 2564 2772 potestas

227 2815 343 2874 que
388 2805 478 2856 est
521 2795 579 2853 in
626 2795 851 2855 civitate
897 2803 955 2854 et
999 2803 1152 2855 terra
1189 2794 1418 2868 Pisana,
1467 2794 1758 2869 consules,
1805 2794 2119 2856 consiliarii
2153 2804 2211 2855 et
2240 2803 2563 2867 senatoreS,

224 2895 533 2978 capitanei,
581 2904 836 2955 rectores
882 2903 939 2954 et
986 2893 1189 2973 reliqui
1238 2893 1541 2963 meliores,
1588 2912 1655 2954 ac
1698 2894 1890 2972 ipsum
1938 2914 2249 2955 commune
2298 2895 2562 2955 Pisarum

223 2996 558 3075 receperint
600 3015 713 3074 que
760 3014 789 3055 a
835 2994 1107 3073 superius
1152 2994 1385 3074 scriptis
1430 2994 1634 3072 legatis
1679 3013 1882 3056 eorum
1928 3005 2095 3073 pacta
2143 3002 2202 3058 et
2225 2993 2417 3073 jurata
2448 2994 2566 3067 „lm-

225 3097 393 3178 perio
439 3108 660 3170 nos'ro,
705 3096 1022 3157 heredibus
1067 3105 1125 3156 et
1167 3095 1611 3155 successoribus
1655 3094 1784 3173 ejus
1830 3095 2059 3174 ipsique
2094 3094 2375 3154 Romanie
2406 3103 2564 3166 sunt,

226 3209 294 3270 et.
329 3197 662 3278 pepigerint
705 3217 794 3270 ea,
840 3207 899 3258 et
940 3196 1226 3275 corporali
1259 3196 1734 3258 confirmaverint
1764 3204 2150 3268 sacramento,
2197 3203 2255 3255 et
2284 3196 2567 3275 seriptum

228 3302 341 3361 hee
382 3299 694 3361 continens
740 3299 1178 3378 composuerint
1222 3305 1279 3357 et
1323 3306 1605 3358 consuete
1650 3295 2183 3368 corroboraverint,
2235 3305 2295 3357 et
2333 3295 2572 3357 celsitu-

225 3402 348 3463 dini
412 3411 611 3462 nostre
668 3400 970 3473 miserint,
1026 3409 1084 3460 et
1129 3403 1239 3460 hec
1284 3409 1404 3462 rata
1451 3399 1510 3460 in
1557 3408 1906 3478 perpetuum
1952 3397 2263 3458 habuerint
2309 3396 2451 3477 ipsi,
2510 3404 2571 3458 et.

226 3504 325 3583 qui
373 3511 508 3582 post
550 3523 652 3563 eos
696 3513 870 3563 erunt
914 3501 1186 3564 consules
1231 3511 1290 3562 et
1352 3510 1701 3580 potestates,
1756 3499 2074 3564 consiliarii
2132 3508 2190 3560 et
2247 3508 2568 3571 senatores,

223 3605 536 3685 capitanei,
582 3613 841 3665 rectores
885 3623 953 3664 ae
997 3605 1189 3683 ipsum
1235 3622 1547 3664 commune
1591 3601 1837 3666 civitatis
1884 3613 1941 3664 et
1975 3611 2128 3663 terre
2163 3602 2389 3675 Pisane,
2434 3619 2571 3680 pre-

228 3717 393 3768 sente
450 3703 799 3784 chrysubulo
855 3705 1031 3765 verbo
1078 3705 1308 3784 imperii
1365 3705 1550 3765 nostri
1597 3704 1841 3766 tirmiter
1886 3716 1943 3765 ct
1989 3703 2395 3764 inviolabiliter
2438 3720 2572 3780 per-

373 3991 395 4019 ⁶
442 3993 636 4042 Bucbou
687 3991 848 4040 omisit
885 3990 1292 4040 enumerationem
1331 3990 1544 4038 locorum
1582 4004 1608 4036 a
1649 3990 1828 4038 Pisanis
1868 3988 2283 4052 Constantinopoli
2322 4001 2574 4050 possesso-

229 4089 365 4138 rum,
403 4077 488 4125 sed
525 4084 688 4126 notat:
749 4075 783 4124 ll
819 4092 847 4141 y
883 4082 958 4125 est
993 4074 1235 4138 plusieurs
1271 4075 1363 4121 fois
1400 4072 1625 4136 question
1664 4073 1750 4121 des
1787 4073 2172 4122 &abiissements
2209 4072 2295 4122 des
2336 4070 2573 4136 Amalphi-

233 4161 374 4208 taius.
443 4162 557 4221 „Ab
606 4175 730 4226 aque
780 4176 922 4210 cursu
975 4155 1467 4222 Amalpbitanorum“.
1522 4182 1578 4191 -
1645 4157 1801 4219 „lura
1851 4156 2024 4206 donata
2075 4154 2468 4220 Amalpbitanis“.
2505 4183 2574 4191 —-

231 4245 648 4307 „Descendentem
684 4246 743 4296 ab
780 4244 1260 4309 Amalpbitanis“.-—
1296 4242 1501 4306 „Dividit
1538 4242 1753 4291 enuidem
1792 4243 1969 4292 scalam
2007 4256 2100 4305 que
2136 4243 2197 4291 ab
2235 4240 2575 4304 Amalpbitanis

235 4329 562 4395 possidetur“.
