<?xml version="1.0" encoding="UTF-8"?>
<!DOCTYPE html PUBLIC "-//W3C//DTD XHTML 1.0 Transitional//EN"
    "http://www.w3.org/TR/xhtml1/DTD/xhtml1-transitional.dtd">
<html xmlns="http://www.w3.org/1999/xhtml" xml:lang="en" lang="en">
 <head>
  <title>
</title>
<meta http-equiv="Content-Type" content="text/html;charset=utf-8" />
  <meta name='ocr-system' content='tesseract 3.04.00' />
  <meta name='ocr-capabilities' content='ocr_page ocr_carea ocr_par ocr_line ocrx_word'/>
</head>
<body>
  <div class='ocr_page' id='page_1' title='image "./jusgraecoromanu00linggoog_0594.png"; bbox 0 0 2900 4950; ppageno 0'>
   <div class='ocr_carea' id='block_1_1' title="bbox 374 255 1911 319">
    <p class='ocr_par' dir='ltr' id='par_1_1' title="bbox 374 255 1911 319">
     <span class='ocr_line' id='line_1_1' title="bbox 374 255 1911 319; baseline 0 -2"><span class='ocrx_word' id='word_1_1' title='bbox 374 255 498 318; x_wconf 83' lang='lat'><strong>538</strong></span> <span class='ocrx_word' id='word_1_2' title='bbox 1174 268 1292 318; x_wconf 82' lang='lat' dir='ltr'><strong>eon.</strong></span> <span class='ocrx_word' id='word_1_3' title='bbox 1329 268 1403 318; x_wconf 77' lang='lat' dir='ltr'><strong>iv.</strong></span> <span class='ocrx_word' id='word_1_4' title='bbox 1475 268 1586 318; x_wconf 73' lang='grc' dir='ltr'><strong>Νω.</strong></span> <span class='ocrx_word' id='word_1_5' title='bbox 1622 267 1911 319; x_wconf 82' lang='lat' dir='ltr'><strong>xc-xcn.</strong></span> 
     </span>
    </p>
   </div>
   <div class='ocr_carea' id='block_1_2' title="bbox 317 414 2747 4145">
    <p class='ocr_par' dir='ltr' id='par_1_2' title="bbox 317 414 2747 1004">
     <span class='ocr_line' id='line_1_2' title="bbox 373 414 2747 502; baseline -0.002 -20"><span class='ocrx_word' id='word_1_6' title='bbox 373 439 666 502; x_wconf 75' lang='lat' dir='ltr'><strong>‹piaqnam</strong></span> <span class='ocrx_word' id='word_1_7' title='bbox 712 438 743 480; x_wconf 92' lang='lat' dir='ltr'><strong>a</strong></span> <span class='ocrx_word' id='word_1_8' title='bbox 789 421 932 480; x_wconf 80' lang='lat' dir='ltr'><strong>fisco</strong></span> <span class='ocrx_word' id='word_1_9' title='bbox 975 419 1064 480; x_wconf 86' lang='lat' dir='ltr'><strong>vel</strong></span> <span class='ocrx_word' id='word_1_10' title='bbox 1108 418 1183 481; x_wconf 85' lang='lat' dir='ltr'><strong>ab</strong></span> <span class='ocrx_word' id='word_1_11' title='bbox 1226 418 1420 499; x_wconf 82' lang='lat' dir='ltr'><strong>aliqua</strong></span> <span class='ocrx_word' id='word_1_12' title='bbox 1466 435 1888 498; x_wconf 88' lang='lat' dir='ltr'><strong>personarum,</strong></span> <span class='ocrx_word' id='word_1_13' title='bbox 1950 415 2164 496; x_wconf 84' lang='lat' dir='ltr'><strong>quibus</strong></span> <span class='ocrx_word' id='word_1_14' title='bbox 2208 414 2319 475; x_wconf 86' lang='lat' dir='ltr'><strong>hee</strong></span> <span class='ocrx_word' id='word_1_15' title='bbox 2360 415 2622 477; x_wconf 74' lang='lat' dir='ltr'><strong>attinent</strong></span> <span class='ocrx_word' id='word_1_16' title='bbox 2670 427 2747 477; x_wconf 80' lang='lat' dir='ltr'><strong>et</strong></span> 
     </span>
     <span class='ocr_line' id='line_1_3' title="bbox 372 516 2745 602; baseline -0.002 -19"><span class='ocrx_word' id='word_1_17' title='bbox 372 521 587 602; x_wconf 80' lang='lat' dir='ltr'><strong>quibus</strong></span> <span class='ocrx_word' id='word_1_18' title='bbox 640 522 753 582; x_wconf 81' lang='lat' dir='ltr'><strong>hec</strong></span> <span class='ocrx_word' id='word_1_19' title='bbox 806 519 997 581; x_wconf 80' lang='lat' dir='ltr'><strong>ablata</strong></span> <span class='ocrx_word' id='word_1_20' title='bbox 1055 520 1202 601; x_wconf 88' lang='lat' dir='ltr'><strong>ipsis</strong></span> <span class='ocrx_word' id='word_1_21' title='bbox 1256 521 1503 593; x_wconf 87' lang='lat' dir='ltr'><strong>dantur,</strong></span> <span class='ocrx_word' id='word_1_22' title='bbox 1573 518 2009 580; x_wconf 78' lang='lat' dir='ltr'><strong>infestationem</strong></span> <span class='ocrx_word' id='word_1_23' title='bbox 2072 516 2327 595; x_wconf 78' lang='lat' dir='ltr'><strong>aliquam</strong></span> <span class='ocrx_word' id='word_1_24' title='bbox 2385 517 2745 578; x_wconf 74' lang='lat' dir='ltr'><strong>manifestis</strong></span> 
     </span>
     <span class='ocr_line' id='line_1_4' title="bbox 317 616 2741 702; baseline -0 -21"><span class='ocrx_word' id='word_1_25' title='bbox 317 619 330 627; x_wconf 74' lang='grc'><strong>“</strong></span> <span class='ocrx_word' id='word_1_26' title='bbox 374 623 661 685; x_wconf 85' lang='lat' dir='ltr'><strong>Veneticis</strong></span> <span class='ocrx_word' id='word_1_27' title='bbox 705 621 906 683; x_wconf 81' lang='lat' dir='ltr'><strong>subire</strong></span> <span class='ocrx_word' id='word_1_28' title='bbox 949 621 1330 696; x_wconf 87' lang='lat' dir='ltr'><strong>debentibus,</strong></span> <span class='ocrx_word' id='word_1_29' title='bbox 1376 639 1733 702; x_wconf 83' lang='lat' dir='ltr'><strong>quamquam</strong></span> <span class='ocrx_word' id='word_1_30' title='bbox 1782 618 2135 682; x_wconf 88' lang='lat' dir='ltr'><strong>monasteria</strong></span> <span class='ocrx_word' id='word_1_31' title='bbox 2181 618 2301 679; x_wconf 87' lang='lat' dir='ltr'><strong>sint</strong></span> <span class='ocrx_word' id='word_1_32' title='bbox 2343 616 2465 679; x_wconf 85' lang='lat' dir='ltr'><strong>sive</strong></span> <span class='ocrx_word' id='word_1_33' title='bbox 2507 629 2741 680; x_wconf 82' lang='lat' dir='ltr'><strong>sancte</strong></span> 
     </span>
     <span class='ocr_line' id='line_1_5' title="bbox 371 718 2733 804; baseline -0.002 -19"><span class='ocrx_word' id='word_1_34' title='bbox 371 725 581 785; x_wconf 90' lang='lat' dir='ltr'><strong>domus</strong></span> <span class='ocrx_word' id='word_1_35' title='bbox 624 734 724 785; x_wconf 87' lang='lat' dir='ltr'><strong>aut</strong></span> <span class='ocrx_word' id='word_1_36' title='bbox 769 723 1020 804; x_wconf 83' lang='lat' dir='ltr'><strong>Imperio</strong></span> <span class='ocrx_word' id='word_1_37' title='bbox 1067 734 1271 784; x_wconf 88' lang='lat' dir='ltr'><strong>nostro</strong></span> <span class='ocrx_word' id='word_1_38' title='bbox 1331 722 1662 803; x_wconf 76' lang='lat' dir='ltr'><strong>propinque</strong></span> <span class='ocrx_word' id='word_1_39' title='bbox 1720 721 1807 783; x_wconf 88' lang='lat' dir='ltr'><strong>vel</strong></span> <span class='ocrx_word' id='word_1_40' title='bbox 1863 720 2006 794; x_wconf 87' lang='lat' dir='ltr'><strong>alie;</strong></span> <span class='ocrx_word' id='word_1_41' title='bbox 2063 718 2342 798; x_wconf 80' lang='lat' dir='ltr'><strong>quoniam</strong></span> <span class='ocrx_word' id='word_1_42' title='bbox 2400 719 2733 780; x_wconf 76' lang='lat' dir='ltr'><strong>clementia</strong></span> 
     </span>
     <span class='ocr_line' id='line_1_6' title="bbox 370 821 2733 904; baseline -0.001 -19"><span class='ocrx_word' id='word_1_43' title='bbox 370 836 570 886; x_wconf 88' lang='lat' dir='ltr'><strong>nostra</strong></span> <span class='ocrx_word' id='word_1_44' title='bbox 615 824 891 886; x_wconf 76' lang='lat' dir='ltr'><strong>introitus</strong></span> <span class='ocrx_word' id='word_1_45' title='bbox 935 826 1008 885; x_wconf 90' lang='lat' dir='ltr'><strong>de</strong></span> <span class='ocrx_word' id='word_1_46' title='bbox 1051 824 1144 886; x_wconf 86' lang='lat' dir='ltr'><strong>his</strong></span> <span class='ocrx_word' id='word_1_47' title='bbox 1182 824 1597 904; x_wconf 82' lang='lat' dir='ltr'><strong>provenientes</strong></span> <span class='ocrx_word' id='word_1_48' title='bbox 1642 822 1919 884; x_wconf 88' lang='lat' dir='ltr'><strong>talionem</strong></span> <span class='ocrx_word' id='word_1_49' title='bbox 1937 821 2108 882; x_wconf 64' lang='lat' dir='ltr'><strong>&#39;⁰2eis</strong></span> <span class='ocrx_word' id='word_1_50' title='bbox 2151 822 2373 882; x_wconf 73' lang='lat' dir='ltr'><strong>factura</strong></span> <span class='ocrx_word' id='word_1_51' title='bbox 2416 829 2530 893; x_wconf 83' lang='lat' dir='ltr'><strong>est,</strong></span> <span class='ocrx_word' id='word_1_52' title='bbox 2576 840 2733 900; x_wconf 86' lang='lat' dir='ltr'><strong>pos-</strong></span> 
     </span>
     <span class='ocr_line' id='line_1_7' title="bbox 369 924 1795 1004; baseline -0.001 -18"><span class='ocrx_word' id='word_1_53' title='bbox 369 926 813 1004; x_wconf 76' lang='lat' dir='ltr'><strong>sessionemque</strong></span> <span class='ocrx_word' id='word_1_54' title='bbox 857 925 1259 988; x_wconf 88' lang='lat' dir='ltr'><strong>inseditiosam</strong></span> <span class='ocrx_word' id='word_1_55' title='bbox 1304 925 1597 987; x_wconf 89' lang='lat' dir='ltr'><strong>Veneticis</strong></span> <span class='ocrx_word' id='word_1_56' title='bbox 1642 924 1795 985; x_wconf 76' lang='lat' dir='ltr'><strong>facit.</strong></span> 
     </span>
    </p>

    <p class='ocr_par' dir='ltr' id='par_1_3' title="bbox 360 1022 2726 2623">
     <span class='ocr_line' id='line_1_8' title="bbox 538 1022 2726 1106; baseline -0.001 -20"><span class='ocrx_word' id='word_1_57' title='bbox 538 1026 721 1087; x_wconf 90' lang='lat' dir='ltr'><strong>Porro</strong></span> <span class='ocrx_word' id='word_1_58' title='bbox 767 1026 1054 1088; x_wconf 78' lang='lat' dir='ltr'><strong>serenitas</strong></span> <span class='ocrx_word' id='word_1_59' title='bbox 1098 1034 1298 1088; x_wconf 89' lang='lat' dir='ltr'><strong>nostra</strong></span> <span class='ocrx_word' id='word_1_60' title='bbox 1344 1025 1784 1106; x_wconf 78' lang='lat' dir='ltr'><strong>benignitatem,</strong></span> <span class='ocrx_word' id='word_1_61' title='bbox 1830 1043 2005 1104; x_wconf 90' lang='lat' dir='ltr'><strong>quam</strong></span> <span class='ocrx_word' id='word_1_62' title='bbox 2038 1023 2125 1084; x_wconf 90' lang='lat' dir='ltr'><strong>eis</strong></span> <span class='ocrx_word' id='word_1_63' title='bbox 2157 1022 2439 1095; x_wconf 83' lang='lat' dir='ltr'><strong>exhibuit,</strong></span> <span class='ocrx_word' id='word_1_64' title='bbox 2485 1041 2726 1102; x_wconf 79' lang='lat' dir='ltr'><strong>nequa·</strong></span> 
     </span>
     <span class='ocr_line' id='line_1_9' title="bbox 369 1125 2725 1207; baseline -0.001 -19"><span class='ocrx_word' id='word_1_65' title='bbox 369 1146 544 1207; x_wconf 89' lang='lat' dir='ltr'><strong>quam</strong></span> <span class='ocrx_word' id='word_1_66' title='bbox 574 1127 1128 1207; x_wconf 67' lang='lat' dir='ltr'><strong>bucusquestatuit,</strong></span> <span class='ocrx_word' id='word_1_67' title='bbox 1172 1128 1353 1189; x_wconf 92' lang='lat' dir='ltr'><strong>immo</strong></span> <span class='ocrx_word' id='word_1_68' title='bbox 1396 1138 1457 1189; x_wconf 90' lang='lat' dir='ltr'><strong>et</strong></span> <span class='ocrx_word' id='word_1_69' title='bbox 1499 1126 1676 1188; x_wconf 88' lang='lat' dir='ltr'><strong>alium</strong></span> <span class='ocrx_word' id='word_1_70' title='bbox 1721 1125 2122 1188; x_wconf 84' lang='lat' dir='ltr'><strong>centenarium</strong></span> <span class='ocrx_word' id='word_1_71' title='bbox 2170 1144 2351 1186; x_wconf 90' lang='lat' dir='ltr'><strong>unum</strong></span> <span class='ocrx_word' id='word_1_72' title='bbox 2390 1143 2725 1204; x_wconf 79' lang='lat' dir='ltr'><strong>yperpero-</strong></span> 
     </span>
     <span class='ocr_line' id='line_1_10' title="bbox 367 1226 2719 1307; baseline -0.001 -18"><span class='ocrx_word' id='word_1_73' title='bbox 367 1248 498 1289; x_wconf 87' lang='lat' dir='ltr'><strong>rnm</strong></span> <span class='ocrx_word' id='word_1_74' title='bbox 529 1228 618 1290; x_wconf 90' lang='lat' dir='ltr'><strong>eis</strong></span> <span class='ocrx_word' id='word_1_75' title='bbox 646 1229 888 1307; x_wconf 83' lang='lat' dir='ltr'><strong>largitur</strong></span> <span class='ocrx_word' id='word_1_76' title='bbox 917 1229 1065 1290; x_wconf 83' lang='lat' dir='ltr'><strong>ultra</strong></span> <span class='ocrx_word' id='word_1_77' title='bbox 1096 1239 1233 1290; x_wconf 91' lang='lat' dir='ltr'><strong>ante</strong></span> <span class='ocrx_word' id='word_1_78' title='bbox 1264 1230 1463 1290; x_wconf 84' lang='lat' dir='ltr'><strong>datum</strong></span> <span class='ocrx_word' id='word_1_79' title='bbox 1509 1229 1597 1289; x_wconf 91' lang='lat' dir='ltr'><strong>eis</strong></span> <span class='ocrx_word' id='word_1_80' title='bbox 1627 1226 2029 1289; x_wconf 86' lang='lat' dir='ltr'><strong>centenarium</strong></span> <span class='ocrx_word' id='word_1_81' title='bbox 2067 1244 2247 1287; x_wconf 88' lang='lat' dir='ltr'><strong>unum</strong></span> <span class='ocrx_word' id='word_1_82' title='bbox 2280 1244 2719 1305; x_wconf 79' lang='lat' dir='ltr'><strong>yperperorum</strong></span> 
     </span>
     <span class='ocr_line' id='line_1_11' title="bbox 367 1325 2718 1415; baseline -0.001 -25"><span class='ocrx_word' id='word_1_83' title='bbox 367 1340 426 1390; x_wconf 93' lang='lat' dir='ltr'><strong>et</strong></span> <span class='ocrx_word' id='word_1_84' title='bbox 482 1330 715 1391; x_wconf 88' lang='lat' dir='ltr'><strong>residua</strong></span> <span class='ocrx_word' id='word_1_85' title='bbox 774 1329 1213 1409; x_wconf 82' lang='lat' dir='ltr'><strong>quatuordecim</strong></span> <span class='ocrx_word' id='word_1_86' title='bbox 1271 1329 1605 1392; x_wconf 85' lang='lat' dir='ltr'><strong>centenaria</strong></span> <span class='ocrx_word' id='word_1_87' title='bbox 1665 1345 2131 1415; x_wconf 75' lang='lat' dir='ltr'><strong>yperperorum;¹</strong></span> <span class='ocrx_word' id='word_1_88' title='bbox 2181 1326 2254 1388; x_wconf 90' lang='lat' dir='ltr'><strong>de</strong></span> <span class='ocrx_word' id='word_1_89' title='bbox 2311 1325 2527 1407; x_wconf 86' lang='lat' dir='ltr'><strong>quibus</strong></span> <span class='ocrx_word' id='word_1_90' title='bbox 2589 1328 2718 1388; x_wconf 81' lang='lat' dir='ltr'><strong>dno</strong></span> 
     </span>
     <span class='ocr_line' id='line_1_12' title="bbox 367 1429 2717 1510; baseline 0 -19"><span class='ocrx_word' id='word_1_91' title='bbox 367 1432 607 1510; x_wconf 87' lang='lat' dir='ltr'><strong>quidem</strong></span> <span class='ocrx_word' id='word_1_92' title='bbox 651 1450 784 1492; x_wconf 87' lang='lat' dir='ltr'><strong>cum</strong></span> <span class='ocrx_word' id='word_1_93' title='bbox 830 1431 1070 1492; x_wconf 88' lang='lat' dir='ltr'><strong>dimidio</strong></span> <span class='ocrx_word' id='word_1_94' title='bbox 1116 1431 1407 1510; x_wconf 81' lang='lat' dir='ltr'><strong>extemplo</strong></span> <span class='ocrx_word' id='word_1_95' title='bbox 1444 1430 1569 1510; x_wconf 88' lang='lat' dir='ltr'><strong>jam</strong></span> <span class='ocrx_word' id='word_1_96' title='bbox 1601 1430 1687 1491; x_wconf 90' lang='lat' dir='ltr'><strong>eis</strong></span> <span class='ocrx_word' id='word_1_97' title='bbox 1716 1430 1842 1490; x_wconf 86' lang='lat' dir='ltr'><strong>dari</strong></span> <span class='ocrx_word' id='word_1_98' title='bbox 1885 1429 2150 1509; x_wconf 78' lang='lat' dir='ltr'><strong>precepit</strong></span> <span class='ocrx_word' id='word_1_99' title='bbox 2192 1429 2437 1508; x_wconf 86' lang='lat' dir='ltr'><strong>(quippe</strong></span> <span class='ocrx_word' id='word_1_100' title='bbox 2480 1438 2543 1490; x_wconf 87' lang='lat' dir='ltr'><strong>et</strong></span> <span class='ocrx_word' id='word_1_101' title='bbox 2570 1429 2717 1491; x_wconf 78' lang='lat' dir='ltr'><strong>data</strong></span> 
     </span>
     <span class='ocr_line' id='line_1_13' title="bbox 367 1530 2711 1612; baseline -0 -20"><span class='ocrx_word' id='word_1_102' title='bbox 367 1541 561 1606; x_wconf 87' lang='lat' dir='ltr'><strong>sunt),</strong></span> <span class='ocrx_word' id='word_1_103' title='bbox 625 1532 848 1612; x_wconf 87' lang='lat' dir='ltr'><strong>reliqua</strong></span> <span class='ocrx_word' id='word_1_104' title='bbox 894 1550 1030 1592; x_wconf 85' lang='lat' dir='ltr'><strong>vero</strong></span> <span class='ocrx_word' id='word_1_105' title='bbox 1076 1532 1385 1592; x_wconf 80' lang='lat' dir='ltr'><strong>duodecim</strong></span> <span class='ocrx_word' id='word_1_106' title='bbox 1431 1550 1564 1593; x_wconf 90' lang='lat' dir='ltr'><strong>cum</strong></span> <span class='ocrx_word' id='word_1_107' title='bbox 1610 1531 1851 1592; x_wconf 90' lang='lat' dir='ltr'><strong>dimidio</strong></span> <span class='ocrx_word' id='word_1_108' title='bbox 1894 1531 1982 1593; x_wconf 90' lang='lat' dir='ltr'><strong>eis</strong></span> <span class='ocrx_word' id='word_1_109' title='bbox 2024 1530 2151 1591; x_wconf 87' lang='lat' dir='ltr'><strong>dari</strong></span> <span class='ocrx_word' id='word_1_110' title='bbox 2198 1549 2304 1609; x_wconf 91' lang='lat' dir='ltr'><strong>per</strong></span> <span class='ocrx_word' id='word_1_111' title='bbox 2343 1549 2536 1591; x_wconf 88' lang='lat' dir='ltr'><strong>annos</strong></span> <span class='ocrx_word' id='word_1_112' title='bbox 2582 1548 2711 1603; x_wconf 84' lang='lat' dir='ltr'><strong>sex,</strong></span> 
     </span>
     <span class='ocr_line' id='line_1_14' title="bbox 366 1630 2710 1713; baseline -0 -21"><span class='ocrx_word' id='word_1_113' title='bbox 366 1632 619 1693; x_wconf 87' lang='lat' dir='ltr'><strong>debente</strong></span> <span class='ocrx_word' id='word_1_114' title='bbox 663 1632 749 1693; x_wconf 88' lang='lat' dir='ltr'><strong>eis</strong></span> <span class='ocrx_word' id='word_1_115' title='bbox 792 1652 902 1712; x_wconf 92' lang='lat' dir='ltr'><strong>per</strong></span> <span class='ocrx_word' id='word_1_116' title='bbox 944 1650 1424 1713; x_wconf 86' lang='lat' dir='ltr'><strong>unumquemque</strong></span> <span class='ocrx_word' id='word_1_117' title='bbox 1465 1651 1687 1693; x_wconf 89' lang='lat' dir='ltr'><strong>annum</strong></span> <span class='ocrx_word' id='word_1_118' title='bbox 1733 1632 1859 1694; x_wconf 85' lang='lat' dir='ltr'><strong>dari</strong></span> <span class='ocrx_word' id='word_1_119' title='bbox 1889 1631 2212 1712; x_wconf 85' lang='lat' dir='ltr'><strong>quantitate</strong></span> <span class='ocrx_word' id='word_1_120' title='bbox 2248 1630 2710 1711; x_wconf 81' lang='lat' dir='ltr'><strong>proporcionali.</strong></span> 
     </span>
     <span class='ocr_line' id='line_1_15' title="bbox 366 1732 2712 1813; baseline 0 -20"><span class='ocrx_word' id='word_1_121' title='bbox 366 1732 441 1793; x_wconf 89' lang='lat' dir='ltr'><strong>Et</strong></span> <span class='ocrx_word' id='word_1_122' title='bbox 495 1732 784 1813; x_wconf 79' lang='lat' dir='ltr'><strong>accipient</strong></span> <span class='ocrx_word' id='word_1_123' title='bbox 839 1733 1109 1813; x_wconf 87' lang='lat' dir='ltr'><strong>equidem</strong></span> <span class='ocrx_word' id='word_1_124' title='bbox 1168 1735 1278 1794; x_wconf 88' lang='lat' dir='ltr'><strong>bec</strong></span> <span class='ocrx_word' id='word_1_125' title='bbox 1332 1734 1436 1795; x_wconf 82' lang='grc' dir='ltr'><strong>ΧΠ</strong></span> <span class='ocrx_word' id='word_1_126' title='bbox 1493 1732 1596 1795; x_wconf 85' lang='lat' dir='ltr'><strong>sic.</strong></span> <span class='ocrx_word' id='word_1_127' title='bbox 1686 1733 1877 1795; x_wconf 86' lang='lat' dir='ltr'><strong>Erunt</strong></span> <span class='ocrx_word' id='word_1_128' title='bbox 1931 1743 2122 1795; x_wconf 89' lang='lat' dir='ltr'><strong>autem</strong></span> <span class='ocrx_word' id='word_1_129' title='bbox 2178 1743 2241 1794; x_wconf 88' lang='lat' dir='ltr'><strong>et</strong></span> <span class='ocrx_word' id='word_1_130' title='bbox 2295 1732 2505 1795; x_wconf 87' lang='lat' dir='ltr'><strong>tradita</strong></span> <span class='ocrx_word' id='word_1_131' title='bbox 2558 1733 2712 1813; x_wconf 87' lang='lat' dir='ltr'><strong>ipsis</strong></span> 
     </span>
     <span class='ocr_line' id='line_1_16' title="bbox 365 1833 2711 1914; baseline 0.001 -21"><span class='ocrx_word' id='word_1_132' title='bbox 365 1833 560 1894; x_wconf 86' lang='lat' dir='ltr'><strong>omnia</strong></span> <span class='ocrx_word' id='word_1_133' title='bbox 606 1835 999 1914; x_wconf 74' lang='lat' dir='ltr'><strong>possidenteS,</strong></span> <span class='ocrx_word' id='word_1_134' title='bbox 1044 1844 1110 1896; x_wconf 90' lang='lat' dir='ltr'><strong>ut</strong></span> <span class='ocrx_word' id='word_1_135' title='bbox 1153 1835 1370 1897; x_wconf 87' lang='lat' dir='ltr'><strong>dictum</strong></span> <span class='ocrx_word' id='word_1_136' title='bbox 1415 1845 1524 1908; x_wconf 90' lang='lat' dir='ltr'><strong>est,</strong></span> <span class='ocrx_word' id='word_1_137' title='bbox 1570 1853 1881 1914; x_wconf 85' lang='lat' dir='ltr'><strong>quousque</strong></span> <span class='ocrx_word' id='word_1_138' title='bbox 1922 1853 2013 1909; x_wconf 89' lang='lat' dir='ltr'><strong>ea,</strong></span> <span class='ocrx_word' id='word_1_139' title='bbox 2058 1853 2173 1913; x_wconf 87' lang='lat' dir='ltr'><strong>que</strong></span> <span class='ocrx_word' id='word_1_140' title='bbox 2217 1852 2324 1913; x_wconf 86' lang='lat' dir='ltr'><strong>per</strong></span> <span class='ocrx_word' id='word_1_141' title='bbox 2364 1834 2711 1896; x_wconf 86' lang='lat' dir='ltr'><strong>conventio·</strong></span> 
     </span>
     <span class='ocr_line' id='line_1_17' title="bbox 364 1934 2709 2017; baseline 0.001 -21"><span class='ocrx_word' id='word_1_142' title='bbox 364 1954 499 1996; x_wconf 89' lang='lat' dir='ltr'><strong>nem</strong></span> <span class='ocrx_word' id='word_1_143' title='bbox 558 1937 1115 2017; x_wconf 86' lang='lat' dir='ltr'><strong>prespoponderunt</strong></span> <span class='ocrx_word' id='word_1_144' title='bbox 1168 1947 1228 1998; x_wconf 90' lang='lat' dir='ltr'><strong>et</strong></span> <span class='ocrx_word' id='word_1_145' title='bbox 1276 1935 1615 2016; x_wconf 82' lang='lat' dir='ltr'><strong>juramento</strong></span> <span class='ocrx_word' id='word_1_146' title='bbox 1659 1937 2181 2006; x_wconf 80' lang='lat' dir='ltr'><strong>confirmaverunt,</strong></span> <span class='ocrx_word' id='word_1_147' title='bbox 2242 1954 2400 2013; x_wconf 78' lang='lat' dir='ltr'><strong>nunc</strong></span> <span class='ocrx_word' id='word_1_148' title='bbox 2442 1934 2709 1999; x_wconf 83' lang='lat' dir='ltr'><strong>existens</strong></span> 
     </span>
     <span class='ocr_line' id='line_1_18' title="bbox 365 2037 2709 2117; baseline 0.001 -21"><span class='ocrx_word' id='word_1_149' title='bbox 365 2037 785 2099; x_wconf 85' lang='lat' dir='ltr'><strong>nobillissimus</strong></span> <span class='ocrx_word' id='word_1_150' title='bbox 833 2039 956 2100; x_wconf 83' lang='lat' dir='ltr'><strong>Dux</strong></span> <span class='ocrx_word' id='word_1_151' title='bbox 1002 2039 1239 2099; x_wconf 86' lang='lat' dir='ltr'><strong>Venetie</strong></span> <span class='ocrx_word' id='word_1_152' title='bbox 1283 2048 1343 2099; x_wconf 91' lang='lat' dir='ltr'><strong>et</strong></span> <span class='ocrx_word' id='word_1_153' title='bbox 1386 2047 1521 2117; x_wconf 89' lang='lat' dir='ltr'><strong>post</strong></span> <span class='ocrx_word' id='word_1_154' title='bbox 1564 2056 1696 2098; x_wconf 87' lang='lat' dir='ltr'><strong>enm</strong></span> <span class='ocrx_word' id='word_1_155' title='bbox 1743 2037 1921 2098; x_wconf 72' lang='lat' dir='ltr'><strong>futuri</strong></span> <span class='ocrx_word' id='word_1_156' title='bbox 1967 2037 2158 2097; x_wconf 85' lang='lat' dir='ltr'><strong>Duces</strong></span> <span class='ocrx_word' id='word_1_157' title='bbox 2188 2037 2425 2098; x_wconf 82' lang='lat' dir='ltr'><strong>venetie</strong></span> <span class='ocrx_word' id='word_1_158' title='bbox 2469 2048 2529 2099; x_wconf 86' lang='lat' dir='ltr'><strong>et</strong></span> <span class='ocrx_word' id='word_1_159' title='bbox 2570 2037 2709 2098; x_wconf 89' lang='lat' dir='ltr'><strong>uni·</strong></span> 
     </span>
     <span class='ocr_line' id='line_1_19' title="bbox 361 2138 2703 2220; baseline 0.001 -23"><span class='ocrx_word' id='word_1_160' title='bbox 361 2157 526 2199; x_wconf 78' lang='lat' dir='ltr'><strong>versa</strong></span> <span class='ocrx_word' id='word_1_161' title='bbox 573 2139 703 2218; x_wconf 86' lang='lat' dir='ltr'><strong>ejus</strong></span> <span class='ocrx_word' id='word_1_162' title='bbox 750 2141 1050 2220; x_wconf 82' lang='lat' dir='ltr'><strong>plenitudo</strong></span> <span class='ocrx_word' id='word_1_163' title='bbox 1095 2139 1465 2211; x_wconf 87' lang='lat' dir='ltr'><strong>custodiunt,</strong></span> <span class='ocrx_word' id='word_1_164' title='bbox 1526 2148 1760 2199; x_wconf 82' lang='lat' dir='ltr'><strong>servant</strong></span> <span class='ocrx_word' id='word_1_165' title='bbox 1817 2157 2052 2217; x_wconf 84' lang='lat' dir='ltr'><strong>quoque</strong></span> <span class='ocrx_word' id='word_1_166' title='bbox 2108 2138 2354 2199; x_wconf 85' lang='lat' dir='ltr'><strong>firmiter</strong></span> <span class='ocrx_word' id='word_1_167' title='bbox 2402 2146 2464 2200; x_wconf 90' lang='lat' dir='ltr'><strong>et</strong></span> <span class='ocrx_word' id='word_1_168' title='bbox 2504 2157 2623 2218; x_wconf 86' lang='lat' dir='ltr'><strong>que</strong></span> <span class='ocrx_word' id='word_1_169' title='bbox 2669 2158 2703 2200; x_wconf 87' lang='lat' dir='ltr'><strong>a</strong></span> 
     </span>
     <span class='ocr_line' id='line_1_20' title="bbox 362 2238 2707 2318; baseline 0.002 -20"><span class='ocrx_word' id='word_1_170' title='bbox 362 2238 567 2318; x_wconf 84' lang='lat' dir='ltr'><strong>legatis</strong></span> <span class='ocrx_word' id='word_1_171' title='bbox 612 2260 835 2316; x_wconf 89' lang='lat' dir='ltr'><strong>eorum,</strong></span> <span class='ocrx_word' id='word_1_172' title='bbox 881 2242 1108 2304; x_wconf 83' lang='lat' dir='ltr'><strong>sororio</strong></span> <span class='ocrx_word' id='word_1_173' title='bbox 1153 2241 1374 2302; x_wconf 87' lang='lat' dir='ltr'><strong>scilicet</strong></span> <span class='ocrx_word' id='word_1_174' title='bbox 1418 2239 1763 2301; x_wconf 82' lang='lat' dir='ltr'><strong>nobilissimi</strong></span> <span class='ocrx_word' id='word_1_175' title='bbox 1811 2240 1987 2301; x_wconf 88' lang='lat' dir='ltr'><strong>Ducis</strong></span> <span class='ocrx_word' id='word_1_176' title='bbox 2021 2240 2293 2313; x_wconf 76' lang='lat' dir='ltr'><strong>venetie,</strong></span> <span class='ocrx_word' id='word_1_177' title='bbox 2343 2241 2512 2301; x_wconf 83' lang='lat' dir='ltr'><strong>Petro</strong></span> <span class='ocrx_word' id='word_1_178' title='bbox 2559 2241 2707 2302; x_wconf 83' lang='lat' dir='ltr'><strong>Cor·</strong></span> 
     </span>
     <span class='ocr_line' id='line_1_21' title="bbox 363 2340 2705 2414; baseline 0 -13"><span class='ocrx_word' id='word_1_179' title='bbox 363 2342 548 2413; x_wconf 83' lang='lat' dir='ltr'><strong>nario,</strong></span> <span class='ocrx_word' id='word_1_180' title='bbox 597 2342 768 2403; x_wconf 79' lang='lat' dir='ltr'><strong>Petro</strong></span> <span class='ocrx_word' id='word_1_181' title='bbox 814 2341 1111 2414; x_wconf 81' lang='lat' dir='ltr'><strong>Micbaele,</strong></span> <span class='ocrx_word' id='word_1_182' title='bbox 1161 2341 1478 2402; x_wconf 86' lang='lat' dir='ltr'><strong>Octaviano</strong></span> <span class='ocrx_word' id='word_1_183' title='bbox 1526 2341 1790 2412; x_wconf 89' lang='lat' dir='ltr'><strong>Quirino,</strong></span> <span class='ocrx_word' id='word_1_184' title='bbox 1842 2340 2111 2402; x_wconf 80' lang='lat' dir='ltr'><strong>Johanne</strong></span> <span class='ocrx_word' id='word_1_185' title='bbox 2157 2340 2437 2401; x_wconf 79' lang='lat' dir='ltr'><strong>Michaele</strong></span> <span class='ocrx_word' id='word_1_186' title='bbox 2482 2351 2544 2403; x_wconf 91' lang='lat' dir='ltr'><strong>et</strong></span> <span class='ocrx_word' id='word_1_187' title='bbox 2587 2341 2705 2402; x_wconf 88' lang='lat' dir='ltr'><strong>Do-</strong></span> 
     </span>
     <span class='ocr_line' id='line_1_22' title="bbox 360 2441 2702 2522; baseline 0 -18"><span class='ocrx_word' id='word_1_188' title='bbox 360 2442 577 2506; x_wconf 87' lang='lat' dir='ltr'><strong>minico</strong></span> <span class='ocrx_word' id='word_1_189' title='bbox 621 2444 893 2516; x_wconf 80' lang='lat' dir='ltr'><strong>Memmo,</strong></span> <span class='ocrx_word' id='word_1_190' title='bbox 943 2443 1321 2504; x_wconf 79' lang='lat' dir='ltr'><strong>Procuratore</strong></span> <span class='ocrx_word' id='word_1_191' title='bbox 1365 2442 1610 2504; x_wconf 87' lang='lat' dir='ltr'><strong>ecclesie</strong></span> <span class='ocrx_word' id='word_1_192' title='bbox 1653 2441 1838 2503; x_wconf 86' lang='lat' dir='ltr'><strong>sancti</strong></span> <span class='ocrx_word' id='word_1_193' title='bbox 1872 2441 2066 2516; x_wconf 83' lang='lat' dir='ltr'><strong>Marci,</strong></span> <span class='ocrx_word' id='word_1_194' title='bbox 2114 2461 2222 2522; x_wconf 90' lang='lat' dir='ltr'><strong>per</strong></span> <span class='ocrx_word' id='word_1_195' title='bbox 2249 2442 2702 2504; x_wconf 84' lang='lat' dir='ltr'><strong>conventionem</strong></span> 
     </span>
     <span class='ocr_line' id='line_1_23' title="bbox 361 2543 2042 2623; baseline 0 -18"><span class='ocrx_word' id='word_1_196' title='bbox 361 2563 520 2605; x_wconf 89' lang='lat' dir='ltr'><strong>nunc</strong></span> <span class='ocrx_word' id='word_1_197' title='bbox 563 2544 850 2623; x_wconf 87' lang='lat' dir='ltr'><strong>promissa</strong></span> <span class='ocrx_word' id='word_1_198' title='bbox 896 2552 1036 2605; x_wconf 83' lang='lat' dir='ltr'><strong>sunt</strong></span> <span class='ocrx_word' id='word_1_199' title='bbox 1078 2554 1138 2605; x_wconf 86' lang='lat' dir='ltr'><strong>et</strong></span> <span class='ocrx_word' id='word_1_200' title='bbox 1173 2543 1307 2623; x_wconf 84' lang='lat' dir='ltr'><strong>jure</strong></span> <span class='ocrx_word' id='word_1_201' title='bbox 1345 2543 1603 2622; x_wconf 86' lang='lat' dir='ltr'><strong>jurando</strong></span> <span class='ocrx_word' id='word_1_202' title='bbox 1648 2544 2042 2605; x_wconf 83' lang='lat' dir='ltr'><strong>corroborata.</strong></span> 
     </span>
    </p>

    <p class='ocr_par' dir='ltr' id='par_1_4' title="bbox 352 2644 2699 3944">
     <span class='ocr_line' id='line_1_24' title="bbox 529 2644 2699 2724; baseline 0.002 -20"><span class='ocrx_word' id='word_1_203' title='bbox 529 2644 809 2705; x_wconf 85' lang='lat' dir='ltr'><strong>Concedit</strong></span> <span class='ocrx_word' id='word_1_204' title='bbox 852 2645 1122 2724; x_wconf 84' lang='lat' dir='ltr'><strong>equidem</strong></span> <span class='ocrx_word' id='word_1_205' title='bbox 1169 2655 1370 2706; x_wconf 85' lang='lat' dir='ltr'><strong>nostra</strong></span> <span class='ocrx_word' id='word_1_206' title='bbox 1416 2645 1744 2707; x_wconf 88' lang='lat' dir='ltr'><strong>sublimitas</strong></span> <span class='ocrx_word' id='word_1_207' title='bbox 1788 2645 2077 2706; x_wconf 88' lang='lat' dir='ltr'><strong>Veneticis</strong></span> <span class='ocrx_word' id='word_1_208' title='bbox 2128 2645 2415 2707; x_wconf 87' lang='lat' dir='ltr'><strong>actionem</strong></span> <span class='ocrx_word' id='word_1_209' title='bbox 2463 2665 2699 2708; x_wconf 80' lang='lat' dir='ltr'><strong>movere</strong></span> 
     </span>
     <span class='ocr_line' id='line_1_25' title="bbox 359 2744 2698 2827; baseline 0.002 -22"><span class='ocrx_word' id='word_1_210' title='bbox 359 2754 562 2806; x_wconf 87' lang='lat' dir='ltr'><strong>contra</strong></span> <span class='ocrx_word' id='word_1_211' title='bbox 607 2744 878 2806; x_wconf 88' lang='lat' dir='ltr'><strong>homines</strong></span> <span class='ocrx_word' id='word_1_212' title='bbox 923 2747 1156 2826; x_wconf 88' lang='lat' dir='ltr'><strong>lmperii</strong></span> <span class='ocrx_word' id='word_1_213' title='bbox 1203 2748 1405 2820; x_wconf 85' lang='lat' dir='ltr'><strong>nostri,</strong></span> <span class='ocrx_word' id='word_1_214' title='bbox 1453 2748 1573 2827; x_wconf 90' lang='lat' dir='ltr'><strong>qui,</strong></span> <span class='ocrx_word' id='word_1_215' title='bbox 1620 2765 1727 2807; x_wconf 89' lang='lat' dir='ltr'><strong>ceu</strong></span> <span class='ocrx_word' id='word_1_216' title='bbox 1772 2746 1882 2826; x_wconf 55' lang='lat' dir='ltr'><strong>ip&amp;</strong></span> <span class='ocrx_word' id='word_1_217' title='bbox 1913 2757 2350 2825; x_wconf 82' lang='lat' dir='ltr'><strong>suggesserunt,</strong></span> <span class='ocrx_word' id='word_1_218' title='bbox 2397 2766 2494 2809; x_wconf 89' lang='lat' dir='ltr'><strong>res</strong></span> <span class='ocrx_word' id='word_1_219' title='bbox 2537 2759 2698 2810; x_wconf 85' lang='lat' dir='ltr'><strong>astu·</strong></span> 
     </span>
     <span class='ocr_line' id='line_1_26' title="bbox 357 2845 2698 2928; baseline 0.002 -22"><span class='ocrx_word' id='word_1_220' title='bbox 357 2845 554 2909; x_wconf 88' lang='lat' dir='ltr'><strong>lerunt</strong></span> <span class='ocrx_word' id='word_1_221' title='bbox 606 2846 872 2927; x_wconf 87' lang='lat' dir='ltr'><strong>ipsorum</strong></span> <span class='ocrx_word' id='word_1_222' title='bbox 923 2848 1192 2927; x_wconf 86' lang='lat' dir='ltr'><strong>jussione</strong></span> <span class='ocrx_word' id='word_1_223' title='bbox 1248 2867 1487 2928; x_wconf 87' lang='lat' dir='ltr'><strong>semper</strong></span> <span class='ocrx_word' id='word_1_224' title='bbox 1530 2848 1891 2910; x_wconf 85' lang='lat' dir='ltr'><strong>memorandi</strong></span> <span class='ocrx_word' id='word_1_225' title='bbox 1943 2847 2320 2927; x_wconf 87' lang='lat' dir='ltr'><strong>Imperatoris</strong></span> <span class='ocrx_word' id='word_1_226' title='bbox 2363 2858 2422 2910; x_wconf 91' lang='lat' dir='ltr'><strong>et</strong></span> <span class='ocrx_word' id='word_1_227' title='bbox 2465 2850 2698 2911; x_wconf 88' lang='lat' dir='ltr'><strong>deside-</strong></span> 
     </span>
     <span class='ocr_line' id='line_1_27' title="bbox 358 2948 2695 3030; baseline 0.002 -22"><span class='ocrx_word' id='word_1_228' title='bbox 358 2948 633 3010; x_wconf 86' lang='lat' dir='ltr'><strong>ratissimi</strong></span> <span class='ocrx_word' id='word_1_229' title='bbox 679 2950 870 3029; x_wconf 87' lang='lat' dir='ltr'><strong>patrui</strong></span> <span class='ocrx_word' id='word_1_230' title='bbox 902 2950 1264 3012; x_wconf 83' lang='lat' dir='ltr'><strong>celsitudinis</strong></span> <span class='ocrx_word' id='word_1_231' title='bbox 1297 2961 1517 3023; x_wconf 89' lang='lat' dir='ltr'><strong>nostre,</strong></span> <span class='ocrx_word' id='word_1_232' title='bbox 1564 2950 1782 3011; x_wconf 84' lang='lat' dir='ltr'><strong>domini</strong></span> <span class='ocrx_word' id='word_1_233' title='bbox 1822 2948 2125 3021; x_wconf 84' lang='lat' dir='ltr'><strong>Manuelis,</strong></span> <span class='ocrx_word' id='word_1_234' title='bbox 2168 2958 2329 3024; x_wconf 87' lang='lat' dir='ltr'><strong>tunc,</strong></span> <span class='ocrx_word' id='word_1_235' title='bbox 2374 2969 2508 3012; x_wconf 89' lang='lat' dir='ltr'><strong>cum</strong></span> <span class='ocrx_word' id='word_1_236' title='bbox 2540 2952 2695 3030; x_wconf 84' lang='lat' dir='ltr'><strong>capti</strong></span> 
     </span>
     <span class='ocr_line' id='line_1_28' title="bbox 358 3050 2693 3132; baseline 0.003 -24"><span class='ocrx_word' id='word_1_237' title='bbox 358 3050 629 3125; x_wconf 84' lang='lat' dir='ltr'><strong>suerunt,</strong></span> <span class='ocrx_word' id='word_1_238' title='bbox 674 3051 1092 3113; x_wconf 80' lang='lat' dir='ltr'><strong>subtraxerunt</strong></span> <span class='ocrx_word' id='word_1_239' title='bbox 1133 3060 1324 3113; x_wconf 86' lang='lat' dir='ltr'><strong>autem</strong></span> <span class='ocrx_word' id='word_1_240' title='bbox 1371 3062 1429 3114; x_wconf 92' lang='lat' dir='ltr'><strong>et</strong></span> <span class='ocrx_word' id='word_1_241' title='bbox 1476 3071 1592 3112; x_wconf 88' lang='lat' dir='ltr'><strong>non</strong></span> <span class='ocrx_word' id='word_1_242' title='bbox 1639 3051 2007 3124; x_wconf 89' lang='lat' dir='ltr'><strong>obtulerunt,</strong></span> <span class='ocrx_word' id='word_1_243' title='bbox 2059 3051 2381 3112; x_wconf 86' lang='lat' dir='ltr'><strong>secundum</strong></span> <span class='ocrx_word' id='word_1_244' title='bbox 2429 3053 2588 3132; x_wconf 90' lang='lat' dir='ltr'><strong>quod</strong></span> <span class='ocrx_word' id='word_1_245' title='bbox 2630 3053 2693 3114; x_wconf 89' lang='lat' dir='ltr'><strong>in</strong></span> 
     </span>
     <span class='ocr_line' id='line_1_29' title="bbox 356 3152 2695 3234; baseline 0.001 -22"><span class='ocrx_word' id='word_1_246' title='bbox 356 3152 707 3231; x_wconf 85' lang='lat' dir='ltr'><strong>predimisso</strong></span> <span class='ocrx_word' id='word_1_247' title='bbox 764 3153 1114 3234; x_wconf 82' lang='lat' dir='ltr'><strong>chrysobulo</strong></span> <span class='ocrx_word' id='word_1_248' title='bbox 1173 3152 1537 3215; x_wconf 87' lang='lat' dir='ltr'><strong>celsitudinis</strong></span> <span class='ocrx_word' id='word_1_249' title='bbox 1593 3161 1792 3213; x_wconf 85' lang='lat' dir='ltr'><strong>nostre</strong></span> <span class='ocrx_word' id='word_1_250' title='bbox 1849 3152 1923 3213; x_wconf 89' lang='lat' dir='ltr'><strong>de</strong></span> <span class='ocrx_word' id='word_1_251' title='bbox 1975 3152 2091 3213; x_wconf 89' lang='lat' dir='ltr'><strong>boc</strong></span> <span class='ocrx_word' id='word_1_252' title='bbox 2147 3153 2528 3214; x_wconf 86' lang='lat' dir='ltr'><strong>constitutum</strong></span> <span class='ocrx_word' id='word_1_253' title='bbox 2580 3163 2695 3222; x_wconf 82' lang='lat' dir='ltr'><strong>est,</strong></span> 
     </span>
     <span class='ocr_line' id='line_1_30' title="bbox 355 3253 2694 3334; baseline 0.001 -21"><span class='ocrx_word' id='word_1_254' title='bbox 355 3253 551 3314; x_wconf 84' lang='lat' dir='ltr'><strong>omnia</strong></span> <span class='ocrx_word' id='word_1_255' title='bbox 597 3254 706 3315; x_wconf 84' lang='lat' dir='ltr'><strong>alia</strong></span> <span class='ocrx_word' id='word_1_256' title='bbox 751 3256 981 3316; x_wconf 87' lang='lat' dir='ltr'><strong>actione</strong></span> <span class='ocrx_word' id='word_1_257' title='bbox 1014 3254 1211 3329; x_wconf 87' lang='lat' dir='ltr'><strong>debiti,</strong></span> <span class='ocrx_word' id='word_1_258' title='bbox 1257 3273 1372 3334; x_wconf 91' lang='lat' dir='ltr'><strong>que</strong></span> <span class='ocrx_word' id='word_1_259' title='bbox 1397 3254 1686 3315; x_wconf 88' lang='lat' dir='ltr'><strong>Veneticis</strong></span> <span class='ocrx_word' id='word_1_260' title='bbox 1715 3263 1919 3315; x_wconf 88' lang='lat' dir='ltr'><strong>contra</strong></span> <span class='ocrx_word' id='word_1_261' title='bbox 1951 3253 2304 3316; x_wconf 84' lang='lat' dir='ltr'><strong>Romeorum</strong></span> <span class='ocrx_word' id='word_1_262' title='bbox 2335 3254 2694 3333; x_wconf 85' lang='lat' dir='ltr'><strong>qnempiam,</strong></span> 
     </span>
     <span class='ocr_line' id='line_1_31' title="bbox 354 3355 2693 3444; baseline 0.001 -31"><span class='ocrx_word' id='word_1_263' title='bbox 354 3355 442 3415; x_wconf 80' lang='lat' dir='ltr'><strong>vel</strong></span> <span class='ocrx_word' id='word_1_264' title='bbox 487 3367 689 3416; x_wconf 89' lang='lat' dir='ltr'><strong>contra</strong></span> <span class='ocrx_word' id='word_1_265' title='bbox 736 3356 928 3436; x_wconf 86' lang='lat' dir='ltr'><strong>ipsum</strong></span> <span class='ocrx_word' id='word_1_266' title='bbox 975 3358 1213 3427; x_wconf 80' lang='lat' dir='ltr'><strong>fiscum,</strong></span> <span class='ocrx_word' id='word_1_267' title='bbox 1260 3357 1344 3416; x_wconf 87' lang='lat' dir='ltr'><strong>vel</strong></span> <span class='ocrx_word' id='word_1_268' title='bbox 1392 3355 1629 3417; x_wconf 85' lang='lat' dir='ltr'><strong>Romeis</strong></span> <span class='ocrx_word' id='word_1_269' title='bbox 1673 3364 1731 3416; x_wconf 90' lang='lat' dir='ltr'><strong>et</strong></span> <span class='ocrx_word' id='word_1_270' title='bbox 1774 3357 1917 3444; x_wconf 75' lang='lat' dir='ltr'><strong>fisco</strong></span> <span class='ocrx_word' id='word_1_271' title='bbox 1959 3364 2163 3416; x_wconf 89' lang='lat' dir='ltr'><strong>contra</strong></span> <span class='ocrx_word' id='word_1_272' title='bbox 2208 3355 2507 3417; x_wconf 79' lang='lat' dir='ltr'><strong>veneticos</strong></span> <span class='ocrx_word' id='word_1_273' title='bbox 2548 3364 2693 3416; x_wconf 88' lang='lat' dir='ltr'><strong>ante</strong></span> 
     </span>
     <span class='ocr_line' id='line_1_32' title="bbox 352 3456 2693 3536; baseline 0.001 -21"><span class='ocrx_word' id='word_1_274' title='bbox 352 3456 686 3533; x_wconf 83' lang='lat' dir='ltr'><strong>captionem</strong></span> <span class='ocrx_word' id='word_1_275' title='bbox 732 3458 993 3536; x_wconf 82' lang='lat' dir='ltr'><strong>ipsorum</strong></span> <span class='ocrx_word' id='word_1_276' title='bbox 1041 3457 1395 3529; x_wconf 76' lang='lat' dir='ltr'><strong>convenerit,</strong></span> <span class='ocrx_word' id='word_1_277' title='bbox 1442 3456 1655 3518; x_wconf 82' lang='lat' dir='ltr'><strong>irritari</strong></span> <span class='ocrx_word' id='word_1_278' title='bbox 1702 3457 1953 3518; x_wconf 86' lang='lat' dir='ltr'><strong>debente</strong></span> <span class='ocrx_word' id='word_1_279' title='bbox 1998 3456 2072 3518; x_wconf 91' lang='lat' dir='ltr'><strong>ab</strong></span> <span class='ocrx_word' id='word_1_280' title='bbox 2102 3457 2367 3536; x_wconf 87' lang='lat' dir='ltr'><strong>utrisque</strong></span> <span class='ocrx_word' id='word_1_281' title='bbox 2397 3456 2693 3536; x_wconf 81' lang='lat' dir='ltr'><strong>partibus3</strong></span> 
     </span>
     <span class='ocr_line' id='line_1_33' title="bbox 353 3557 2695 3639; baseline 0.001 -24"><span class='ocrx_word' id='word_1_282' title='bbox 353 3564 629 3635; x_wconf 89' lang='lat' dir='ltr'><strong>presente</strong></span> <span class='ocrx_word' id='word_1_283' title='bbox 674 3557 1023 3639; x_wconf 76' lang='lat' dir='ltr'><strong>chrysobnlo</strong></span> <span class='ocrx_word' id='word_1_284' title='bbox 1065 3557 1244 3618; x_wconf 82' lang='lat' dir='ltr'><strong>verbo</strong></span> <span class='ocrx_word' id='word_1_285' title='bbox 1292 3558 1524 3636; x_wconf 77' lang='lat' dir='ltr'><strong>imperii</strong></span> <span class='ocrx_word' id='word_1_286' title='bbox 1571 3558 1757 3619; x_wconf 87' lang='lat' dir='ltr'><strong>nostri</strong></span> <span class='ocrx_word' id='word_1_287' title='bbox 1803 3560 1971 3619; x_wconf 80' lang='lat' dir='ltr'><strong>firmo</strong></span> <span class='ocrx_word' id='word_1_288' title='bbox 2015 3567 2076 3619; x_wconf 91' lang='lat' dir='ltr'><strong>et</strong></span> <span class='ocrx_word' id='word_1_289' title='bbox 2118 3558 2430 3619; x_wconf 82' lang='lat' dir='ltr'><strong>inviolabili</strong></span> <span class='ocrx_word' id='word_1_290' title='bbox 2464 3576 2695 3638; x_wconf 86' lang='lat' dir='ltr'><strong>perma-</strong></span> 
     </span>
     <span class='ocr_line' id='line_1_34' title="bbox 353 3657 2693 3740; baseline 0.002 -23"><span class='ocrx_word' id='word_1_291' title='bbox 353 3675 498 3718; x_wconf 87' lang='lat' dir='ltr'><strong>nere</strong></span> <span class='ocrx_word' id='word_1_292' title='bbox 554 3657 836 3731; x_wconf 84' lang='lat' dir='ltr'><strong>debente,</strong></span> <span class='ocrx_word' id='word_1_293' title='bbox 895 3660 1045 3720; x_wconf 78' lang='lat' dir='ltr'><strong>sacto</strong></span> <span class='ocrx_word' id='word_1_294' title='bbox 1105 3678 1310 3720; x_wconf 89' lang='lat' dir='ltr'><strong>mense</strong></span> <span class='ocrx_word' id='word_1_295' title='bbox 1364 3659 1543 3721; x_wconf 81' lang='lat' dir='ltr'><strong>Junio</strong></span> <span class='ocrx_word' id='word_1_296' title='bbox 1600 3660 1892 3740; x_wconf 86' lang='lat' dir='ltr'><strong>presentis</strong></span> <span class='ocrx_word' id='word_1_297' title='bbox 1948 3660 2195 3739; x_wconf 83' lang='lat' dir='ltr'><strong>septime</strong></span> <span class='ocrx_word' id='word_1_298' title='bbox 2238 3659 2577 3722; x_wconf 88' lang='lat' dir='ltr'><strong>indictionis</strong></span> <span class='ocrx_word' id='word_1_299' title='bbox 2618 3660 2693 3722; x_wconf 89' lang='lat' dir='ltr'><strong>v1</strong></span> 
     </span>
     <span class='ocr_line' id='line_1_35' title="bbox 355 3759 2691 3841; baseline 0.001 -21"><span class='ocrx_word' id='word_1_300' title='bbox 355 3759 645 3821; x_wconf 87' lang='lat' dir='ltr'><strong>millesimi</strong></span> <span class='ocrx_word' id='word_1_301' title='bbox 693 3761 762 3820; x_wconf 87' lang='lat' dir='ltr'><strong>vt</strong></span> <span class='ocrx_word' id='word_1_302' title='bbox 807 3760 1109 3822; x_wconf 87' lang='lat' dir='ltr'><strong>centesimi</strong></span> <span class='ocrx_word' id='word_1_303' title='bbox 1158 3761 1520 3841; x_wconf 81' lang='lat' dir='ltr'><strong>nonagesimi</strong></span> <span class='ocrx_word' id='word_1_304' title='bbox 1567 3762 1798 3841; x_wconf 89' lang='lat' dir='ltr'><strong>septimi</strong></span> <span class='ocrx_word' id='word_1_305' title='bbox 1846 3761 2005 3834; x_wconf 89' lang='lat' dir='ltr'><strong>anni,</strong></span> <span class='ocrx_word' id='word_1_306' title='bbox 2052 3762 2112 3822; x_wconf 91' lang='lat' dir='ltr'><strong>in</strong></span> <span class='ocrx_word' id='word_1_307' title='bbox 2158 3780 2275 3839; x_wconf 92' lang='lat' dir='ltr'><strong>quo</strong></span> <span class='ocrx_word' id='word_1_308' title='bbox 2320 3771 2376 3823; x_wconf 90' lang='lat' dir='ltr'><strong>et</strong></span> <span class='ocrx_word' id='word_1_309' title='bbox 2423 3771 2691 3823; x_wconf 86' lang='lat' dir='ltr'><strong>nostrum</strong></span> 
     </span>
     <span class='ocr_line' id='line_1_36' title="bbox 352 3862 2018 3944; baseline 0.001 -22"><span class='ocrx_word' id='word_1_310' title='bbox 352 3862 512 3941; x_wconf 88' lang='lat' dir='ltr'><strong>pium</strong></span> <span class='ocrx_word' id='word_1_311' title='bbox 559 3872 617 3924; x_wconf 89' lang='lat' dir='ltr'><strong>et</strong></span> <span class='ocrx_word' id='word_1_312' title='bbox 661 3883 694 3924; x_wconf 88' lang='lat' dir='ltr'><strong>a</strong></span> <span class='ocrx_word' id='word_1_313' title='bbox 741 3864 852 3925; x_wconf 90' lang='lat' dir='ltr'><strong>deo</strong></span> <span class='ocrx_word' id='word_1_314' title='bbox 896 3873 1228 3944; x_wconf 87' lang='lat' dir='ltr'><strong>promotum</strong></span> <span class='ocrx_word' id='word_1_315' title='bbox 1276 3863 1638 3942; x_wconf 80' lang='lat' dir='ltr'><strong>subsignavit</strong></span> <span class='ocrx_word' id='word_1_316' title='bbox 1681 3862 2018 3942; x_wconf 88' lang='lat' dir='ltr'><strong>Imperium.</strong></span> 
     </span>
    </p>

    <p class='ocr_par' dir='ltr' id='par_1_5' title="bbox 1096 3962 2695 4145">
     <span class='ocr_line' id='line_1_37' title="bbox 1096 3962 2695 4043; baseline 0 -15"><span class='ocrx_word' id='word_1_317' title='bbox 1096 3964 1440 4028; x_wconf 82' lang='lat' dir='ltr'><strong>lsaakius</strong></span> <span class='ocrx_word' id='word_1_318' title='bbox 1484 3964 1545 4025; x_wconf 90' lang='lat' dir='ltr'><strong>in</strong></span> <span class='ocrx_word' id='word_1_319' title='bbox 1592 3964 1825 4026; x_wconf 85' lang='lat' dir='ltr'><strong>Christo</strong></span> <span class='ocrx_word' id='word_1_320' title='bbox 1869 3967 1980 4027; x_wconf 83' lang='lat' dir='ltr'><strong>deo</strong></span> <span class='ocrx_word' id='word_1_321' title='bbox 2026 3964 2213 4026; x_wconf 84' lang='lat' dir='ltr'><strong>fidelis</strong></span> <span class='ocrx_word' id='word_1_322' title='bbox 2261 3962 2590 4043; x_wconf 76' lang='lat' dir='ltr'><strong>{inperator</strong></span> <span class='ocrx_word' id='word_1_323' title='bbox 2628 3974 2695 4028; x_wconf 85' lang='lat' dir='ltr'><strong>et</strong></span> 
     </span>
     <span class='ocr_line' id='line_1_38' title="bbox 1333 4065 2432 4145; baseline 0 -18"><span class='ocrx_word' id='word_1_324' title='bbox 1333 4067 1671 4128; x_wconf 84' lang='lat' dir='ltr'><strong>moderator</strong></span> <span class='ocrx_word' id='word_1_325' title='bbox 1716 4066 2113 4129; x_wconf 84' lang='lat' dir='ltr'><strong>Romanorum</strong></span> <span class='ocrx_word' id='word_1_326' title='bbox 2157 4065 2432 4145; x_wconf 59' lang='lat' dir='ltr'><strong>Angelus</strong></span> 
     </span>
    </p>
   </div>
   <div class='ocr_carea' id='block_1_3' title="bbox 486 4228 1018 4286">
    <p class='ocr_par' dir='ltr' id='par_1_6' title="bbox 486 4228 1018 4286">
     <span class='ocr_line' id='line_1_39' title="bbox 486 4228 1018 4286; baseline 0.009 -7"><span class='ocrx_word' id='word_1_327' title='bbox 486 4228 525 4257; x_wconf 80' lang='lat'><strong>¹⁰</strong></span> <span class='ocrx_word' id='word_1_328' title='bbox 559 4233 703 4282; x_wconf 68' lang='lat' dir='ltr'><strong>marin</strong></span> <span class='ocrx_word' id='word_1_329' title='bbox 722 4247 736 4284; x_wconf 74' lang='grc' dir='ltr'><em>τ</em></span> <span class='ocrx_word' id='word_1_330' title='bbox 778 4236 1018 4286; x_wconf 75' lang='lat' dir='ltr'><strong>teloneum.</strong></span> 
     </span>
    </p>
   </div>
  </div>
 </body>
</html>
