2900 4950
949 237 954 250 ’
1040 256 1157 319 Imp.
1193 255 1390 306 loannis
1428 254 1675 306 Comneui.
2398 245 2514 306 431

189 402 416 469 λειῶν·
476 396 614 468 ἀλλ’
677 402 791 470 ἐάν
843 427 949 482 τις
1003 397 1324 489 ἀποθάνῃ
1383 397 1549 484 ἔχων
1590 408 1928 488 θυγατέρα
1967 409 2126 486 μίαν
2168 397 2210 491 ἢ
2252 406 2525 486 πλείους

189 499 473 589 ἇνδράσι
515 504 1033 589 συνεζευγμένας,
1078 504 1186 569 καὶ
1234 502 1470 588 ἔλαβον
1515 492 1711 570 αὗται
1753 502 1868 590 τὴν
1912 514 2159 590 προῖκα
2192 505 2377 589 παρὰ
2406 510 2523 574 τοῦ

190 603 364 672 ἰδίου
408 604 664 692 πατρὸς
704 599 747 693 ἢ
793 603 1376 691 συνεφωνήθησαν,
1424 603 1484 671 εἰ
1525 605 1645 688 μὲν
1691 602 2042 691 διάθηται,
2093 604 2178 672 τὰ
2220 609 2337 693 τῆς
2380 608 2526 674 δια-

188 705 400 792 θήκης
441 713 779 791 κρατείτω,
829 706 887 773 εἷ
931 707 1002 773 δὲ
1043 704 1130 790 μὴ
1180 703 1532 790 διάθηται,
1581 703 1828 785 ἐκείνας
1868 707 1987 789 μὲν
2034 701 2387 791 ἀρκεῖσθαι
2434 709 2526 788 εἰς

186 803 267 891 ἠν
312 806 546 891 ἔλαβον
591 818 838 894 προῖκα
893 800 934 893 ἢ
976 804 1573 892 συνεφωνήθησαν,
1640 804 1756 870 τὸν
1801 807 1872 872 δὲ
1917 811 2173 890 πατέρα
2216 808 2527 895 κληρονο-

187 917 337 991 μεῖν
379 908 535 988 τοὺς
578 906 858 986 λοιποὺς
901 908 1152 986 παῖδας
1196 908 1330 973 εἴτε
1374 904 1639 992 ἅῤῥενες
1683 895 1845 973 ὦσιν
1891 909 2024 974 εἴτε
2066 909 2339 993 θήλειαι
2389 906 2524 976 ὑπὸ

188 1008 306 1096 τὴν
362 1012 479 1073 τοῦ
534 1008 791 1094 πατρὸς
848 1008 1167 1089 ἐξουσίαν.
1258 1008 1355 1074 ἔτι
1413 1006 1526 1073 ἐὰν
1586 996 1748 1073 ὦσιν
1806 1001 2217 1087 αὖτεξούσιοι
2262 1009 2526 1096 ἅῤῥενες

189 1112 299 1176 καὶ
342 1110 562 1192 ’έχουσι
603 1113 709 1177 καὶ
753 1116 951 1195 μέρος
992 1115 1060 1175 τί
1102 1132 1270 1175 ποτε
1315 1103 1454 1174 ἀπὸ
1484 1112 1602 1175 τοῦ
1630 1116 1781 1193 βίου
1811 1114 1928 1175 τοῦ
1960 1114 2303 1193 πατρικοῦ,
2352 1106 2525 1178 άπο-

187 1211 367 1298 θάνῃ
426 1212 498 1277 δὲ
556 1207 591 1276 ὁ
647 1210 866 1297 πατὴρ
924 1205 1285 1290 ἀδιάθετος
1340 1210 1452 1276 ἐπὶ
1498 1214 1734 1277 παισὶν
1778 1205 2218 1289 ὖπεξουσίοις,
2264 1211 2525 1291 τούτοις

191 1317 644 1399 συνεισφέρειν
699 1306 775 1378 οὗ
816 1310 1167 1396 κωλύομεν.
1255 1311 1464 1395 μόνας
1505 1309 1627 1396 γὰρ
1671 1308 1791 1390 τὰς
1833 1317 2203 1397 θυγατέρας
2244 1311 2364 1391 τὰς
2408 1312 2527 1388 ἄν·

193 1415 355 1500 δρας
409 1413 681 1497 ἐχούσας
736 1413 1176 1497 ἐμποδίζομεν
1221 1418 1674 1498 συνεισφέρειν
1721 1411 1834 1479 διὰ
1875 1415 1992 1478 τοῦ
2038 1411 2371 1495 παρόντος
2415 1413 2525 1480 νό-

188 1539 351 1600 μου,
409 1514 564 1594 τοὺς
619 1517 690 1581 δὲ
747 1513 1021 1599 ἄῤῥενας
1075 1513 1328 1591 παῖδας
1384 1508 1459 1578 οὗ
1517 1511 1868 1595 κωλύομεν.
1957 1520 2325 1598 γινωσκέτω
2369 1518 2525 1599 γοῦν

189 1619 326 1694 πᾶς
382 1613 775 1700 ἄνθρωπος,
835 1611 939 1681 ὅτι
991 1613 1289 1701 θυγάτηρ
1348 1613 1751 1697 ἐξώπροικος
1795 1609 2011 1678 οὐκέτι
2053 1614 2527 1701 κληρονομήσει

187 1718 305 1785 τὸν
347 1718 524 1784 ἴδιον
566 1721 823 1800 πατέρα
867 1711 1228 1783 ἆδιάθετον
1271 1716 1692 1794 τελευτῶντα,
1742 1715 1800 1782 εἰ
1841 1714 2068 1802 μήπου
2111 1715 2198 1802 μὴ
2247 1716 2377 1798 ἔχει
2408 1715 2527 1784 ἄλ-

190 1822 307 1887 λον
363 1818 504 1886 υἱὸν
558 1812 603 1904 ἢ
655 1823 989 1903 θυγατέρα
1043 1813 1462 1896 ὑπεξουσίαν.
1550 1815 1702 1882 τότε
1743 1815 1864 1900 γὰρ
1911 1821 2366 1901 συγχωροῦμεν
2406 1818 2523 1901 τὴν
2574 1843 2581 1848 ·

189 1926 527 2006 θυγατέρα
568 1918 684 1984 τὸν
728 1919 901 1984 ἴδιον
946 1923 1202 2001 πατέρα
1245 1917 1691 2002 κληρονομεῖν.
1756 1916 1873 2004 τὴν
1917 1916 2039 2002 γὰρ
2086 1917 2526 2003 συνεισφορὰν

192 2019 606 2107 ἂναιροῦμεν,
654 2013 730 2085 οὗ
773 2018 900 2104 μὴν
946 2019 1018 2084 δὲ
1060 2017 1176 2105 τὴν
1223 2017 1656 2103 κληρονομίαν
1705 2012 2174 2101 άνατρέπομεν.

1540 2233 1668 2243 ..ι-ο.

1199 2423 1368 2485 Nov.
1415 2423 1508 2485 LI.

904 2543 1050 2624 Imp.
1095 2542 1411 2604 Joannis
1465 2543 1817 2605 comneni

1033 2645 1104 2706 de
1151 2645 1285 2707 dote
1330 2645 1682 2707 adulterae¹.

197 2815 444 2910 Νεαρά
494 2813 856 2908 βασιλέως
906 2818 1141 2905 κυροῦ
1193 2807 1522 2884 ἶωάννου
1573 2819 1709 2884 τοῦ
1752 2808 2078 2911 μεγάλου
2120 2822 2522 2910 κομνηνοῦ.

355 2959 723 3047 Ἐμάθομεν
780 2962 851 3028 δὲ
903 2963 1014 3026 καὶ
1067 2956 1228 3026 ἄλλο
1287 2963 1350 3026 τὶ
1416 2959 1982 3043 παρανομώτατον
2048 2959 2119 3040 ἐξ
2173 2962 2374 3040 ἔθους
2431 2965 2524 3044 εἷς

192 3067 313 3145 τὰς
368 3061 685 3149 ἡμετέρας
739 3061 1056 3146 ἐπαρχίας
1110 3060 1640 3144 πολιτευόμενον.
1714 3060 1772 3126 εἰ
1828 3059 1950 3145 γάρ
1994 3085 2175 3140 τινος
2216 3070 2527 3148 γυναῖκαῖ

192 3163 525 3251 εὑρίσκετο
566 3169 1022 3247 μοιχευθεῖσα,
1087 3161 1204 3248 τὴν
1248 3172 1494 3246 προῖκα
1539 3155 1737 3245 αὐτῆς
1780 3165 2004 3228 πᾶσαν
2050 3160 2415 3247 ἐλάμβανον
2461 3164 2525 3230 οἱ

189 3269 309 3357 τὴν
360 3264 578 3352 χώραν
637 3264 880 3350 ἐκείνην
926 3265 1400 3347 διενεργοῦντες
1443 3262 1538 3340 εἷς
1580 3268 1902 3348 τιμωρίαν
1946 3260 2117 3349 λόγῳ
2161 3266 2278 3328 τοῦ
2323 3264 2527 3350 δημο-

192 3377 360 3438 σίου.
448 3370 645 3434 τοῦτο
701 3368 857 3451 γοῦν
912 3363 990 3429 τὸ
1047 3362 1614 3448 παρανομώτατον
1659 3363 1821 3442 ἔθος
1864 3357 2343 3447 ἀνατρέποντες
2387 3361 2527 3452 ὁρί-

194 3473 404 3557 ζομεν,
453 3469 520 3536 ἐν
564 3466 819 3545 πάσαις
865 3461 1046 3553 ἡμῶν
1089 3475 1237 3543 ταῖς
1282 3464 1628 3548 ἐπαρχίαις
1656 3464 1772 3549 τὴν
1804 3476 2051 3548 προῖκα
2079 3469 2194 3551 τῆς
2220 3491 2526 3550 μοιχευο-

190 3581 387 3661 μένης
426 3571 729 3658 γυναικὸς
770 3568 1130 3653 κερδαίνειν
1172 3564 1325 3644 τοὺς
1351 3567 1623 3645 παῖδας,
1674 3565 1860 3648 ε’ίπερ
1894 3567 2023 3648 ἔχει
2065 3565 2132 3633 ἔκ
2172 3573 2289 3635 τοῦ
2340 3566 2525 3655 ὕβρι-

192 3680 432 3758 σμένου
475 3673 719 3758 γάμου·
788 3669 846 3736 εἷ
891 3668 962 3733 δὲ
1007 3668 1132 3734 εἶσὶ
1177 3669 1418 3746 παῖδες
1463 3667 1531 3733 ἐκ
1572 3672 1897 3752 προτέρου
1940 3666 2171 3753 γάμου,
2216 3669 2367 3738 τότε
2408 3670 2523 3756 τήν

191 3786 439 3861 προῖκα
494 3773 565 3852 ἐξ
618 3772 768 3838 ἰ’σου
825 3769 1215 3854 μερίζεσθαι
1266 3771 1398 3835 τῶν
1441 3794 1513 3834 τε
1557 3768 1820 3834 παίδων
1867 3769 2137 3836 ἕκαστον
2181 3771 2525 3853 κελεύομεν

191 3876 299 3943 καὶ
356 3875 471 3940 τὸν
525 3871 919 3959 ὑβρισμένον
975 3867 1183 3955 ἄνδρα
1238 3868 1408 3956 λόγῳ
1467 3869 1891 3947 δεσποτείας,
1949 3874 2056 3936 καὶ
2117 3870 2286 3937 ἔστω
2344 3866 2523 3956 αὐτῷ

190 3979 387 4044 τοῦτο
425 3971 672 4059 ’ὥσπερ
731 3968 1165 4056 παραμύθιον
1222 3974 1338 4057 τῆς
1392 3966 1659 4054 ὕβρεως.
1752 3968 1810 4036 εἰ
1866 3969 1938 4035 δὲ
1979 3970 2066 4057 μὴ
2115 3965 2243 4036 εἶεν
2287 3971 2526 4050 παῖδες

190 4076 354 4166 μήτε
399 4075 467 4143 ἐκ
509 4079 835 4162 προτέρου
876 4070 1087 4156 γάμου
1131 4068 1295 4157 μήτε
1340 4070 1409 4137 ἐκ
1449 4073 1568 4135 τοῦ
1612 4066 2024 4156 ὑβρισμένου,
2071 4069 2223 4137 τότε
2264 4070 2378 4137 τὸν
2410 4069 2524 4140 ἄν·

330 4279 345 4307 ¹
392 4281 459 4330 Ex
509 4281 622 4331 θοαὶ.
672 4280 817 4330 Paris,
857 4278 986 4331 1368
1034 4277 1218 4342 primus
1270 4275 1395 4326 edidi
1444 4276 1476 4325 1.
1514 4276 1545 4326 1.
1580 4291 1628 4339 p.
1665 4274 1774 4325 ¹34.
1846 4275 2041 4325 Videtur
2073 4282 2231 4327 autem
2270 4292 2376 4329 esse
2411 4295 2523 4344 pars

195 4364 532 4431 praecedentis
568 4364 805 4415 Novellae.
878 4363 946 4414 Cf.
986 4364 1051 4412 ibi
1087 4368 1185 4413 not.
1217 4362 1258 4411 1.
1396 4357 1416 4386 ²
1449 4360 1629 4422 Lingua
1663 4359 1838 4423 vulgari
1874 4374 1963 4424 pro
1995 4353 2149 4426 γυνή.
