2900 4950
352 163 479 228 488
1229 175 1347 226 con.
1387 176 1459 226 ιν.
1529 174 1642 226 Nm.
1682 174 1811 226 Lxx.

354 329 494 415 τῇ”
547 328 665 393 τοῦ
719 326 1112 420 μονογενοῦς
1164 317 1537 390 ὗποστάσει
1588 322 1757 391 κατὰ
1806 321 1927 410 τὴν
1984 327 2185 389 θείαν
2238 316 2444 390 aino&
2488 322 2708 410 φύσιν

355 427 626 507 πάντως
677 425 1206 513 προσάπτεσθαι
1257 424 1336 490 τὸ
1390 423 1769 511 λεγόμενον·
1824 416 2021 504 οὗτος
2073 424 2196 509 γὰρ
2241 423 2475 491 ἑαυτὸν
2518 430 2703 492 κεκέ-

356 555 556 597 νωκεν
601 527 890 611 ἄσαρκος
934 521 1054 607 ὢν,
1099 529 1207 593 καὶ
1250 526 1369 614 τὴν
1413 523 1612 613 ἁγνὴν
1655 522 1865 592 ύπέδυ
1906 525 2159 614 μήτραν
2201 529 2320 613 τῆς
2360 525 2706 614 θεομήτο-

354 655 497 716 ρος,
543 633 676 697 τῶν
717 635 948 714 μέντοι
989 631 1331 713 πατρικῶν
1376 623 1492 694 ούκ
1536 623 1792 714 άπέστη
1836 628 2123 707 κόλπων,
2185 624 2341 706 ὅλος
2386 621 2477 693 ὢν
2521 623 2703 710 ἀχω-

355 756 584 816 ριστος
636 736 754 798 τοῦ
809 730 1209 818 γεννήτορος.
1298 731 1364 797 οἱ
1421 731 1496 796 δὲ
1556 730 1906 817 προσώπῳ
1968 733 2086 813 τῆς
2138 732 2360 813 κοινῆς
2401 731 2533 795 τῶν
2578 723 2703 795 άν-

354 834 660 919 θρώπων
724 833 989 920 φύσεως
1048 835 1244 899 τοῦτο
1308 832 1603 919 ῥηθῆναι
1663 831 1850 917 παρὰ
1911 835 2028 897 τοῦ
2082 827 2308 915 κυρίου
2365 829 2697 910 ἐτίθεντο,

358 932 535 1004 ὥστε
576 936 923 1019 μονονουχὶ
971 933 1401 1021 φαντασιώδη
1444 932 1566 1021 τὴν
1618 931 1999 1017 οἰκονομίαν
2051 935 2168 1020 τῆς
2225 931 2394 1015 μετὰ
2450 932 2700 1014 σαρκὸς

358 1032 780 1124 ἀναστροφῆς
824 1031 1027 1103 αύτοῦ
1072 1035 1190 1103 ἐπὶ
1230 1038 1347 1122 τῆς
1387 1038 1505 1122 γῆς
1547 1034 2007 1113 εἷκονίζεσθαι.
2097 1034 2269 1101 ἔνιοι
2308 1033 2380 1099 δὲ
2423 1036 2532 1099 καὶ
2575 1037 2700 1119 τῆς

359 1137 600 1222 σαρκὸς
640 1139 760 1222 μὲν
789 1140 907 1204 τοῦ
935 1144 1160 1223 κυρίου
1192 1136 1310 1223 τὴν
1337 1135 1649 1222 τοιαύτην
1680 1135 1908 1221 φωνὴν
1948 1140 2395 1222 περιέγραφον
2408 1139 2470 1215 ³⁰,
2519 1135 2698 1222 πλὴν

359 1234 496 1307 ἀλλ’
548 1236 801 1307 ὃπότε3’
847 1238 1015 1305 κατὰ
1060 1235 1264 1325 ψιλὴν
1309 1232 1777 1322 ἆποδιαίρεσιν
1821 1236 1988 1320 σὰρξ
2028 1232 2192 1323 αῦτη
2226 1247 2498 1316 νοεῖται,
2544 1239 2695 1325 ξένη

354 1343 473 1428 τῆς
514 1342 1058 1427 προσλαβομένης
1099 1340 1341 1421 ταύτην
1382 1337 1725 1424 θεότητος,
1774 1333 2001 1421 ὥσπερ
2043 1336 2236 1420 τυχόν
2277 1333 2316 1425 ἦ
2362 1341 2481 1425 τῆς
2506 1334 2699 1420 ὑμῶν

357 1441 633 1509 ἑκάστου
677 1440 918 1526 σαρκὸς
959 1436 1349 1520 ὑπόστασις,
1394 1439 1567 1523 πρὸς
1608 1437 1687 1526 ἣν
1730 1434 2038 1523 οὐδαμῶς
2076 1434 2352 1522 οὐδεμία
2386 1443 2501 1526 τῆς
2527 1441 2699 1507 θεό-

356 1567 553 1628 τητος
594 1543 858 1620 ἕνωσις·
906 1539 980 1605 ὃν
1026 1540 1101 1627 δὴ
1147 1540 1417 1625 τρόπων
1463 1543 1621 1620 [καὶ]
1650 1536 1690 1628 ἦ
1724 1541 1988 1607 δουλεία
2016 1542 2125 1606 καὶ
2154 1536 2192 1627 ἡ
2222 1538 2459 1625 ἄγνοια
2483 1540 2695 1630 ταύτῃ

356 1642 840 1727 προσάπτεται,
883 1638 1075 1729 ἡνίκα
1118 1642 1352 1724 ψιλαῖς
1394 1644 1514 1707 τοῦ
1558 1645 1674 1709 νοῦ
1720 1637 2120 1729 φαντασίαις
2152 1641 2231 1707 τὸ
2261 1638 2591 1726 ὁρώμενον
2622 1643 2699 1710 ἐκ

354 1748 474 1811 τοῦ
519 1750 871 1828 νοουμένου
916 1745 1232 1828 διέλωμεν
1275 1742 1442 1810 κατὰ
1484 1742 1599 1809 τὸν
1645 1744 1686 1809 δ
1700 1742 2181 1828 αμασκόθεν
2226 1744 2470 1830 σοφόν·
2524 1746 2699 1812 κατὰ

355 1846 477 1932 γὰρ
521 1845 639 1934 τὴν
681 1851 798 1934 τῆς
839 1842 1272 1924 ὑποστάσεως
1309 1845 1682 1932 ταυτότητά
1722 1847 1829 1911 καὶ
1875 1844 1992 1931 τὴν
2037 1839 2500 1912 ἀδιάσπαστον
2530 1848 2698 1914 ἕνω-

356 1971 464 2017 σιν
507 1946 660 2015 οὕτε
702 1948 899 2036 δούλη
945 1948 1096 2016 οὔτε
1141 1943 1469 2033 ἀγνοοῦσα
1513 1946 1905 2034 λεχθήσεται
1927 1967 1940 1981 ·
1997 1948 2103 2014 καὶ
2151 1943 2327 2014 οὕτω
2368 1951 2473 2014 καὶ
2518 1948 2699 2032 πρὸς

355 2045 595 2129 αὐτοὺς
649 2052 1139 2138 διαφωνοῦντες
1182 2039 1369 2115 οὗτοι
1412 2050 1808 2116 ἐδείκνυντο·
1868 2048 1931 2113 οἱ
1976 2049 2048 2114 δὲ
2092 2048 2419 2131 ἑτέρωθεν
2463 2044 2699 2129 αὐτοῖς

356 2147 988 2238 ἇντικαθιστάμενοι
1047 2149 1290 2239 ᾔδεσαν
1351 2151 1473 2235 μὲν
1532 2157 1646 2218 καί
1694 2174 1880 2227 τινας
1932 2152 2065 2215 τῶν
2123 2148 2698 2238 πνευματοφόρων

353 2256 470 2341 τῆς
524 2258 641 2320 τοῦ
695 2257 863 2322 θεοῦ
920 2255 1258 2339 ἐκκλησίας
1300 2258 1608 2336 πατέρων
1649 2255 1759 2318 καὶ
1803 2251 2216 2318 διδασκάλων
2256 2251 2374 2339 τὴν
2417 2255 2534 2318 τοῦ
2578 2279 2697 2319 κυ-

354 2362 502 2441 ρίου
544 2355 786 2443 ταύτην
830 2353 1056 2442 φωνὴν
1099 2353 1620 2440 ἑρμηνεύσαντας
1659 2355 1770 2419 καὶ
1811 2351 1978 2419 κατὰ
2017 2351 2095 2418 τὸ
2140 2353 2357 2419 αἴτιον
2385 2357 2501 2441 τῆς
2531 2349 2697 2421 άκα-

355 2455 694 2544 ταλήπτου
739 2456 1006 2542 πρώτης
1049 2455 1435 2541 γεννήσεως,
1484 2449 1621 2522 ἀλλ’
1672 2443 1786 2521 οῦν
1832 2449 2039 2521 ὁπότε
2078 2453 2243 2522 κατὰ
2272 2457 2405 2523 τῶν
2436 2456 2695 2542 ἐρεσχε-

359 2558 648 2624 λούντων
691 2553 826 2624 κατ’
877 2552 1107 2624 οῦσιάν
1154 2558 1494 2644 διαφέρειν
1538 2558 1655 2621 τοῦ
1699 2556 1846 2622 υἱοῦ
1889 2554 2004 2624 τὸν
2036 2563 2294 2641 πατέρα
2320 2559 2440 2637 τὰς
2468 2553 2697 2646 άντιῤ-

355 2658 578 2746 ῥήσεις
620 2665 987 2746 πεποίηντο
1029 2662 1109 2746 τῇ
1152 2661 1270 2724 τοῦ
1311 2659 1612 2742 μείζονος
1656 2660 1844 2746 φωνῇ
1888 2657 2053 2725 κατὰ
2094 2658 2316 2725 πάντα
2338 2667 2694 2745 χρωμένων

355 2762 466 2826 καὶ
518 2755 852 2846 ὑπόβασιν
908 2759 975 2828 ἐν
1030 2755 1436 2848 ἀμφοτέροις
1490 2759 1657 2828 κατὰ
1709 2758 1827 2848 τὴν
1883 2759 2086 2847 φύσιν
2143 2760 2538 2846 εἰσαγόντων
2580 2767 2690 2831 καὶ

356 2859 722 2949 ἑτερότητα,
771 2856 847 2928 οὗ
892 2861 1019 2950 μὴν
1062 2863 1136 2929 δὲ
1177 2860 1344 2929 κατὰ
1384 2866 1582 2929 τοῦτο
1626 2865 1732 2929 καὶ
1775 2860 1979 2946 μόνον
2010 2861 2545 2947 ἐπιλαμβάνεσθαι
2572 2865 2693 2954 τὴν

355 2962 667 3051 τοιαύτην
712 2963 937 3053 φωνὴν
981 2963 1552 3048 προσεπάγοντας.
1628 2959 1819 3052 ἡνίκα
1859 2962 1981 3049 γὰρ
2027 2958 2102 3030 ού
2148 2963 2320 3047 πρὸς
2347 2966 2697 3047 τοιούτους

352 3055 521 3154 ἦσαν
565 3067 636 3133 αἱ
680 3061 1058 3144 ἀντιθέσεις
1099 3068 1210 3132 καὶ
1251 3065 1335 3133 τὰ
1376 3055 1830 3150 παλάίσματα,
1878 3068 2031 3149 περὶ
2078 3066 2150 3131 δὲ
2192 3068 2307 3151 τῆς
2332 3068 2501 3149 μετὰ
2530 3092 2697 3154 σαρ-

354 3166 467 3247 κός
510 3168 887 3252 οἰκονομίας
940 3170 1047 3235 καὶ
1091 3170 1225 3233 τῶν
1269 3170 1567 3255 φυσικῶν
1614 3165 1961 3250 ἰδιοτήτων
2003 3169 2111 3232 καὶ
2157 3169 2500 3256 διαφορῶν
2544 3169 2696 3238 ἐδο-

352 3269 683 3356 γμάτιζον,
731 3268 966 3356 ἑκάστῃ
1011 3271 1142 3334 τῶν
1189 3266 1452 3356 φύσεων
1481 3269 1601 3348 τὰς
1627 3268 2058 3356 προσφόρους
2085 3268 2309 3357 ῥήσεις
2338 3264 2692 3355 ἀπένεμον,

352 3370 474 3449 τὰς
513 3373 634 3455 μὲν
677 3367 1159 3454 ύψηλοτάτας3’
1198 3373 1307 3435 καὶ
1351 3366 1821 3453 ὑπερκειμένας
1862 3373 1942 3457 τῇ
1985 3373 2106 3435 τοῦ
2145 3374 2487 3456 χριστοῦ
2527 3373 2697 3441 θεό-

352 3497 501 3559 τητι
557 3468 646 3549 ὥς
702 3474 812 3537 καὶ
854 3474 1022 3536 θεοῦ
1065 3470 1317 3536 τελείου
1365 3468 1555 3549 ὄντος
1597 3473 2237 3559 προσαφορίζοντες,
2293 3472 2414 3553 τὰς
2458 3475 2531 3542 δὲ
2574 3501 2697 3542 τα-

355 3578 746 3657 πεινοτέρας
799 3574 905 3638 καὶ
962 3567 1447 3657 ύποβεβηκυίας
1488 3576 1568 3660 τῇ
1614 3572 1681 3640 ἐν
1724 3577 1817 3660 τῷ
1863 3568 2039 3660 αὐτῷ
2080 3578 2378 3663 χριστῷ
2422 3571 2696 3661 ἂνθρω-

353 3675 599 3757 πότητι
629 3670 720 3753 ὦς
749 3672 859 3740 καὶ
890 3667 1235 3759 ἀνθρώπῳ
1268 3672 1565 3759 γεγονότι
1593 3676 1820 3761 τελείῳ
1851 3676 2544 3763 προσεφαρμόζοντες·
2589 3674 2699 3758 οἷς

353 3781 461 3846 καὶ
506 3776 584 3844 τὸ
626 3773 941 3866 ἡμέτερον
985 3770 1365 3863 ὠμοφρόνει
1405 3775 1661 3862 κράτος,
1705 3787 1855 3855 ταῖς
1896 3781 2028 3844 τῶν
2074 3774 2276 3863 ἁγίων
2319 3782 2436 3866 τῆς
2470 3779 2698 3868 ἐκκλη-

356 3888 506 3959 σίας
553 3879 919 3968 φωστήρων
965 3878 1423 3957 διδασκαλίαις
1458 3878 1801 3961 ἑπόμενον.
1863 3874 2036 3945 οὕτω
2069 3878 2147 3964 δὴ
2174 3878 2344 3964 μετὰ
2370 3880 2698 3950 τοιούτων

356 3977 765 4052 ἀντιθέσεων
821 3976 1483 4069 άμφιγνωμονοῦντες
1540 3975 1848 4066 ἀλλήλοις
1902 3983 2007 4048 καὶ
2055 3976 2501 4067 ἀντιλέγοντες
2545 3977 2700 4051 ἆνε-

493 4218 532 4245 ²⁰’
569 4222 695 4271 idem
738 4214 798 4269 lv
833 4221 913 4289 τῇ.
1068 4219 1108 4247 ³⁰
1145 4223 1248 4271 Mai.
1289 4220 1351 4287 τῇ
1389 4217 1549 4286 σαρκὶ
1592 4249 1643 4256 -
1686 4215 2089 4287 ἐπεγράφοντο.
2241 4221 2274 4249 ⁸¹
2315 4224 2381 4272 lla
2420 4224 2526 4273 Mai.
2600 4224 2701 4273 No-

358 4314 456 4357 sne-r
490 4298 558 4354 ἄν
591 4319 739 4354 ποτε.
880 4305 919 4333 ³²
955 4306 1059 4355 Mai.
1097 4298 1451 4372 ὑψηλοτέρας.
