2900 4950
1059 266 1176 330 Imp.
1214 266 1444 317 nannetis
1483 267 1732 319 Comueni.
2435 253 2558 322 437

168 401 178 418 “
221 424 322 486 „et
363 413 436 477 ab
480 418 638 494 ipso,
660 413 918 495 eparcho
959 416 1515 496 parathalasst’te³²‚
1560 416 1956 500 eleoparoclno
1982 420 2350 496 dominico³³‚
2397 442 2559 487 com-

223 503 630 589 ‚‚merk2·aae³i2·s,
679 516 1090 589 chartulariis,
1138 518 1432 599 bipoloyis
1464 528 1521 580 et
1551 521 1842 592 omnibus,
1889 525 1994 603 qui
2022 520 2373 598 hujusmodi
2396 538 2560 602 snnt,

225 615 442 688 „nullo
487 635 718 692 eorum,
766 621 869 697 qui
901 638 1018 697 per
1064 618 1196 681 loca
1226 630 1372 681 sunt
1396 624 1768 701 principium
1797 622 1897 684 bel
1938 621 2203 685 aliorum
2245 629 2562 687 servitium

225 723 596 789 „communis
643 722 1056 793 tractantium,
1102 734 1524 801 contempnere
1563 725 1705 803 quid
1746 742 1957 785 eorum
2000 743 2111 804 que
2158 724 2249 786 bic
2294 726 2563 805 diffinita

225 831 412 892 „sunt
449 833 876 902 presumente„
949 821 1228 882 Omnium
1272 807 1458 895 enim,
1520 842 1668 905 quas
1713 828 1844 905 quis
1891 825 2068 898 dicat,
2115 829 2449 905 specierum
2491 844 2562 889 ac

225 938 480 992 „rerum
527 939 808 982 concessa
853 933 940 983 est
987 923 1099 983 hiis
1143 928 1496 1002 negociatio,
1541 934 1600 985 et
1644 927 1906 986 omnium
1940 932 2298 1005 emptionem
2339 930 2403 988 in
2443 946 2560 1008 po-

227 1031 487 1092 „testate
545 1020 840 1083 habebunt
892 1023 1127 1101 facere,
1186 1027 1535 1103 superiores
1592 1031 1913 1087 existentes
1967 1030 2257 1089 universa
2298 1029 2559 1090 datione.

224 1121 389 1192 „Hec
433 1126 519 1183 ita
565 1141 697 1184 cum
742 1124 1183 1203 dispensaverit
1229 1123 1480 1204 Imperii
1515 1125 1696 1186 michi
1729 1129 1924 1204 pietas
1954 1139 2185 1200 sancta,
2229 1138 2407 1208 atque
2437 1128 2561 1208 dif-

226 1224 425 1303 ‚,finit,
471 1224 710 1285 'tullum
755 1230 1042 1286 resistere
1087 1228 1169 1285 eis
1213 1229 1370 1287 sicut
1417 1231 1596 1288 rectis
1641 1236 1699 1287 et
1729 1231 1891 1287 veris
1930 1227 2088 1288 (lulis
2132 1227 2265 1302 ejus
2312 1241 2370 1291 et
2415 1247 2561 1290 con-

227 1336 375 1401 „tra
419 1329 693 1387 inimicos
738 1323 1127 1401 adjutoribus
1184 1338 1244 1388 et
1293 1346 1484 1408 usque
1538 1328 1618 1388 ad
1658 1327 1842 1407 finem
1884 1328 2077 1389 seculi
2130 1328 2282 1390 tales
2328 1347 2391 1390 se
2435 1341 2590 1390 esse·

226 1427 791 1506 „promittentibus,
836 1445 943 1487 nec
986 1445 1334 1507 quemquam
1379 1431 1621 1489 omnino
1669 1434 1987 1490 contraria
2029 1433 2256 1516 sentire
2302 1430 2416 1491 biis
2462 1441 2562 1493 ta-

225 1526 447 1598 „libus,
493 1546 598 1588 nec
644 1531 908 1589 actiones
953 1527 1173 1609 aliqm‘s
1219 1529 1518 1590 adversus
1551 1547 1754 1590 omnes
1799 1547 2085 1591 exercere
2122 1540 2383 1611 propter
2426 1540 2561 1592 tra-

225 1629 429 1700 „dicta
486 1631 571 1688 eis
630 1633 966 1707 eryasteria
1020 1639 1076 1690 et
1131 1628 1329 1691 scalas
1388 1634 1544 1691 istic.
1641 1628 2105 1711 Qualiscumque
2145 1629 2363 1692 θυιὺπ’*
2386 1630 2561 1707 juris

226 1729 373 1802 „hec
416 1734 706 1800 existunt,
756 1734 879 1792 sive
922 1728 1314 1792 ecclesiastici
1342 1735 1470 1792 sive
1494 1733 1733 1810 privati
1758 1735 1883 1793 sive
1907 1730 2155 1811 publici,
2203 1736 2329 1793 sive
2357 1743 2563 1794 sancte

226 1832 479 1904 „demus
510 1835 651 1899 sint,
700 1834 800 1892 hec
833 1829 1183 1893 nullatenus
1218 1835 1534 1909 continyet,
1577 1849 1687 1910 que
1717 1848 1880 1892 nnnc
1911 1843 2053 1893 sunt
2080 1831 2348 1912 fidelium
2379 1831 2563 1894 duli³³

224 1931 523 2013 „Imperii
560 1932 742 1992 michi
788 1931 1200 1994 Veneticorum
1227 1943 1288 1993 et
1318 1935 1381 1992 in
1405 1940 1722 2011 posterum
1747 1933 2149 2010 futurorum5
2192 1951 2373 2013 quum
2399 1931 2563 1994 mul-

226 2044 391 2107 „tam
436 2033 894 2095 benivolentiam
939 2043 996 2093 et
1041 2043 1270 2093 rectum
1314 2036 1579 2094 animum
1620 2051 1767 2111 erya
1800 2031 2149 2093 Romaniam
2178 2043 2233 2094 et
2262 2051 2407 2112 crya
2436 2032 2563 2094 Im—

225 2139 506 2215 „perium
551 2152 746 2194 meum
792 2134 1204 2203 ostenderunt,
1253 2144 1308 2195 et
1354 2143 1480 2194 toto
1526 2137 1724 2193 animo
1771 2134 1873 2195 bec
1908 2151 2158 2194 servare
2196 2138 2564 2214 promittunt

228 2239 336 2310 „in
371 2247 752 2315 perpetuum,
801 2243 857 2295 et
894 2253 1172 2313 puynare
1209 2252 1328 2313 pro
1375 2233 1739 2296 Romeorum
1769 2244 1935 2297 statu
1967 2244 2024 2294 et
2057 2234 2415 2298 Christianis
2440 2252 2562 2314 pro

228 2334 503 2417 „parte³⁶
547 2334 764 2398 volunt
792 2346 852 2396 et
875 2345 1331 2416 protestantur.
1392 2335 1467 2397 Et
1511 2346 1724 2397 contra
1768 2335 1918 2396 tales
1950 2340 2119 2398 viros
2150 2340 2279 2416 quis
2312 2345 2563 2397 contra-

228 2440 442 2514 „dicet‚
490 2435 587 2500 vel
632 2447 847 2499 contra
890 2455 987 2499 eos
1023 2435 1314 2515 juditium
1357 2438 1616 2500 movebit
1659 2433 2029 2518 aliquando?
2108 2435 2271 2500 Unde
2315 2456 2421 2499 nec
2465 2455 2564 2499 se-

228 2553 504 2614 „cretum
549 2538 744 2600 Petrii
783 2539 882 2600 vel
926 2538 1212 2611 Mireleu‚
1271 2558 1378 2601 nec
1433 2543 1610 2600 etiam
1648 2543 1934 2618 privatus
1980 2544 2248 2621 quisque,
2309 2540 2413 2600 sed
2455 2556 2565 2600 nec

227 2645 704 2715 „monasterium
752 2641 849 2702 vel
902 2640 1184 2719 templum
1237 2651 1542 2712 sanctum,
1601 2641 1814 2720 quibus
1868 2639 2136 2702 vido-ticet
2195 2641 2419 2702 donata
2462 2658 2564 2701 er·-

227 2746 535 2822 „9asteria
574 2745 887 2821 pertinent
919 2754 1094 2821 atque
1138 2742 1313 2811 scale,
1362 2753 1577 2803 contra
1623 2742 1727 2802 hos
1770 2741 2115 2803 movebunt.
2208 2740 2406 2802 Erunt
2448 2758 2565 2802 au-

228 2854 384 2917 „tem
430 2843 673 2903 silentes
719 2852 776 2903 et
821 2849 883 2902 in
928 2844 1369 2920 dispensatione
1412 2861 1485 2902 ac
1529 2843 1855 2903 donatione
1882 2841 2136 2922 Imperii
2158 2846 2273 2902 mei
2311 2860 2566 2903 manen-

228 2953 361 3019 „tes
406 2961 570 3004 vere.
662 2941 814 3003 Nam
859 2945 916 3002 si
954 2942 1309 3004 voluntaria
1351 2960 1477 3003 non
1522 2944 1814 3004 donamus
1865 2944 2058 3021 diynis
2103 2945 2400 3020 accipere,
2460 2961 2565 3005 ceu

228 3047 378 3125 „qui
418 3041 686 3104 viriliter
730 3054 983 3122 eyerunt
1039 3054 1095 3104 et
1149 3042 1415 3104 viriliter
1467 3061 1646 3122 ayere
1698 3043 1945 3104 student
2001 3056 2177 3123 atque
2221 3042 2562 3116 studebunt,

230 3147 487 3225 „quibus
543 3144 680 3211 aliis
740 3143 1090 3204 donabimus
1148 3140 1521 3223 aliquando?
1607 3142 1767 3221 Eryo
1825 3155 1882 3206 et
1939 3143 2327 3203 donabuntur
2372 3144 2552 3205 dona-

231 3260 481 3322 „torum
522 3245 642 3306 sibi
681 3242 1070 3305 immobilium
1113 3248 1243 3305 sine
1287 3242 1592 3307 ablatione
1634 3255 1694 3305 et
1737 3247 1866 3304 sine
1896 3244 2241 3305 turbatione
2283 3246 2351 3304 in
2392 3243 2566 3304 dein-

229 3366 408 3429 „ceps
456 3351 656 3410 omnia
699 3356 754 3407 et
792 3343 1095 3426 perpetua
1124 3358 1396 3425 tempora
1423 3345 1751 3406 secundum
1783 3347 2207 3406 continentiam
2251 3344 2434 3406 debiti
2456 3362 2568 3406 ezc-

231 3454 425 3532 „poni
484 3450 603 3511 sibi
659 3450 925 3528 practici
975 3448 1327 3510 traditionis
1384 3462 1597 3508 eorum
1648 3465 1688 3507 a
1734 3446 2257 3525 protoanthypato
2313 3445 2566 3525 Georqio

231 3563 335 3627 „et
376 3554 621 3613 notario
653 3548 904 3629 Imperii
941 3552 1060 3610 mei
1099 3558 1166 3610 tu
1201 3547 1584 3617 Macluitariu,
1630 3548 1788 3628 quod
1815 3557 1870 3608 et
1898 3547 2144 3626 firmum
2188 3551 2304 3610 erit
2348 3559 2407 3609 et
2435 3556 2568 3608 sta-

232 3651 390 3725 „bile
433 3671 503 3714 ac
547 3649 892 3713 inviolabile
935 3654 996 3711 in
1040 3650 1345 3724 omnibus,
1405 3668 1516 3730 que
1561 3650 2029 3710 continebuntur
2072 3652 2137 3710 in
2193 3667 2296 3726 eo;
2352 3648 2565 3709 debens

234 3767 332 3830 „et
380 3753 488 3816 boc
529 3757 595 3813 in
641 3751 762 3814 illis
809 3750 1256 3830 suba-stipulari
1295 3754 1571 3820 secretis,
1629 3752 1695 3810 in
1750 3750 1962 3830 quibus
2014 3761 2073 3810 et
2126 3767 2376 3829 presens
2421 3746 2568 3807 sub-

233 3853 676 3937 „astipulatnm
720 3861 810 3912 est
854 3850 1283 3928 chrysobylion
1329 3849 1581 3928 Imperii
1620 3852 1847 3917 nostri,
1901 3853 1966 3910 in
2009 3853 2293 3910 noticiam
2336 3864 2565 3918 eorum,

235 3975 388 4036 „que
431 3957 654 4018 donata
699 3961 844 4015 sunt
888 3954 1068 4012 rectis
1114 3950 1275 4012 dulis
1320 3949 1572 4029 Imperii
1615 3953 1733 4011 mei
1776 3947 2096 4019 Veneticis,
2153 3959 2210 4009 et
2264 3947 2343 4008 ad
2387 3948 2567 4008 deor·—

372 4205 413 4235 ³²
448 4209 518 4257 De
551 4198 1010 4274 παραθαλασσίτῃ
1047 4204 1109 4255 cs.
1149 4203 1319 4269 Πεῖρα
1355 4203 1427 4266 Ι.Ι,
1467 4202 1548 4253 29.
1719 4199 1756 4228 ⁸³
1792 4201 2011 4252 Editores
2046 4209 2096 4251 tu
2130 4202 2297 4264 qeniku
2331 4198 2448 4261 (τοῦ
2480 4213 2567 4265 γε·

235 4290 409 4350 ναοῦ)
445 4292 750 4341 scribendum
786 4298 1001 4340 censent.
1072 4290 1186 4340 Vide
1223 4287 1342 4337 infra
1366 4286 1747 4338 Nov.1,xxxvt1.
1849 4283 1889 4312 ⁸⁴
1927 4286 2025 4335 Lib.
2046 4286 2209 4336 albus:
2249 4287 2570 4350 qualicumque

233 4392 375 4428 nam.
524 4373 564 4401 ³⁵
601 4376 753 4436 Lege:
792 4377 1020 4426 dulor-um.
1158 4369 1199 4399 ³⁸
1233 4371 1300 4422 Ex
1336 4370 1447 4423 Non.
1488 4371 1718 4422 Lxxxvn
1753 4369 1885 4445 intra,
1910 4369 2161 4433 legendum
2196 4370 2313 4421 erit:
2346 4376 2568 4436 prompte.
