2900 4950
1244 233 1360 298 lmp.
1398 233 1622 283 uer-cm.
1779 276 1788 289 .
2521 222 2600 284 39

263 387 507 451 στικῶν
566 391 881 468 παρεῖναι
924 380 1466 468 φροντισμάτων,
1525 381 1687 464 πρὶν
1731 373 1812 446 ἂν
1855 380 2045 449 ἐνίων
2086 385 2218 450 τῶν
2262 383 2330 449 ἐν
2373 379 2602 463 αὐτοῖς

262 491 672 571 τεταγμένων
739 480 1245 550 διαπιπτόντων
1322 480 1416 559 εἷς
1490 479 1606 547 τὸν
1680 480 2083 562 συνδόξαντα
2147 486 2354 549 πᾶσιν
2413 482 2602 567 ὖμῖνῦ

265 581 562 671 ἀριθμὸν
605 580 648 673 ἢ
691 585 757 651 οἱ
799 585 1089 670 κληρικοὶ
1148 584 1280 649 τῶν
1325 581 1680 669 εἰρημένων
1724 578 1975 669 εὖαγιῦν
2019 583 2218 650 οἴκων
2269 579 2313 671 ἢ
2354 584 2437 650 τὰ
2488 589 2602 670 τῆς

265 686 606 769 ἐκκλησίας
649 692 1113 774 φροντίσματα
1152 686 1538 769 περιστῶσι.
1626 687 1760 750 τῶν
1804 681 1978 752 οῦτω
2021 691 2244 753 τοίνυν
2275 685 2602 764 δοξάντων

263 784 422 871 ύμῖν
465 787 560 867 εἰς
613 786 735 865 τὰς
789 782 1109 873 ἡμετέρας
1162 783 1497 851 ἐλθόντων
1555 780 1784 866 ἀκοὰς,
1841 789 1949 853 καὶ
2011 786 2334 873 αἰτήσεως
2391 810 2604 870 προσ-

266 896 587 975 αχθείσης
626 885 805 975 ἡμῖν,
853 883 1028 953 ὥστε
1069 880 1151 952 δι’
1184 882 1500 973 ἡμετέρου
1530 892 1984 972 πραγματικοῦ
2019 887 2233 953 τύπου
2263 887 2349 954 τὰ
2389 888 2604 965 καλῶς

262 985 420 1076 παρ’
469 987 655 1075 ὑμῶν
701 990 1192 1072 δοκιμασθέντα
1231 990 1712 1074 βεβαιωθῆναι,
1760 990 2025 1068 εἰκότως
2065 985 2257 1076 ἡμεῖς
2298 988 2382 1055 τὰ
2415 991 2602 1054 λυσι-

260 1093 581 1158 τελοῦντα
631 1093 713 1176 τῇ
770 1083 932 1175 αὐτῇ
988 1083 1317 1174 ἁγιωτάτῃ
1374 1088 1622 1174 μεγάλῃ
1675 1093 1793 1153 τοῦ
1847 1094 2012 1156 θεοῦ
2071 1090 2373 1177 ἐκκλησίᾳ
2412 1115 2601 1174 μερι-

259 1196 556 1275 μνῶντες
586 1185 689 1257 ἀεὶ
716 1192 823 1256 καὶ
857 1189 1335 1272 διανοούμενοι,
1359 1187 1477 1272 τὴν
1500 1183 1818 1272 ὖμετέραν
1848 1189 2012 1275 ἔργῳ
2043 1191 2599 1273 παραδεδώκαμεν

262 1294 532 1378 αἴτησιν
560 1290 677 1358 τὸν
707 1290 1045 1377 εἰρημένω
1073 1287 1530 1374 πραγματικὸν
1564 1288 1827 1355 τύπον*
1854 1292 1935 1376 τῇ
1965 1286 2117 1355 καθ’
2151 1290 2356 1372 ὑμᾶς6
2399 1287 2599 1374 ἁγιω-

260 1392 431 1479 τάτῃ
476 1392 776 1478 ἐκκλησίᾳ
819 1388 1450 1478 φιλοτιμησάμενοι,
1510 1386 1739 1457 ἄδειαν
1797 1385 1951 1473 ὖμῖν
2008 1384 2093 1456 δι’
2142 1384 2342 1456 αὐτοῦ
2400 1391 2601 1456 δεδω--

258 1492 479 1572 κότες,
528 1489 697 1560 ὥστε
736 1490 853 1559 τὸν
899 1486 1226 1580 ὠφελείας
1267 1500 1641 1577 προφανεῖς
1682 1501 1827 1569 τοῖς
1866 1494 1985 1577 τῆς
2027 1490 2367 1578 ἐκκλησίας
2408 1515 2599 1575 περι·-

258 1598 590 1661 ποιοῦντα
632 1593 1044 1679 πράγμασιν,
1091 1586 1135 1679 ἢ
1178 1590 1292 1658 διὰ
1334 1593 1587 1675 δωρεᾶς
1635 1584 1680 1677 ἢ
1721 1591 1835 1657 διὰ
1877 1590 2210 1679 συνθήκης
2253 1587 2296 1679 ἢ
2339 1592 2452 1658 διὰ
2493 1617 2599 1661 τε·

258 1697 565 1774 λευταίας
607 1696 848 1781 βουλῆς
888 1688 932 1780 ἢ
975 1694 1200 1778 ἑτέρας
1243 1692 1577 1771 ἐπινοίας,
1634 1690 1752 1778 τὴν
1795 1693 2145 1779 διδομένην
2189 1687 2366 1777 αὐτῷ’
2406 1693 2597 1778 χάριν

257 1794 821 1881 ὖπερβαινούσας,
890 1797 997 1861 καὶ
1057 1796 1219 1879 πρὶν
1285 1792 1441 1871 τοὺς
1499 1792 1876 1879 εἰρημένους
1919 1794 2261 1881 κληρικοὺς
2327 1793 2421 1872 εἷς
2482 1792 2596 1858 τὸν

260 1898 664 1977 συνδόξαντα
722 1892 1016 1981 ἀριθμὸν
1070 1898 1467 1980 περιστῆναι
1515 1889 1559 1980 ἢ
1614 1894 1769 1972 τοὺς
1821 1898 1989 1961 τῶν7
2049 1894 2597 1979 ἐκκλησιαστικῶν

262 1995 600 2088 ὄφφικίων
645 1996 1013 2081 διοικητὰς,
1071 1990 1423 2073 ἀκωλύτως
1474 1998 1593 2059 τοῦ
1649 1995 1824 2061 ἰδίου
1867 1994 2052 2074 ἐντὸς
2090 2000 2402 2079 γίνεσθαι
2445 2016 2598 2060 σκο-

259 2104 424 2181 ποῦ,
481 2104 599 2187 τῆς
651 2102 786 2164 τῶν
832 2098 1025 2183 ἱερῶν
1083 2094 1389 2182 δηλονότι
1441 2093 1733 2161 κανόνων
1788 2097 2279 2182 φυλαττομένης
2331 2094 2595 2173 τάξεως,

261 2202 395 2269 εἴτε
438 2195 637 2279 αὐτὸς
681 2196 718 2266 ὃ
762 2202 958 2265 τοῦτο
1005 2195 1318 2282 πράττων
1360 2197 1725 2282 βουληθείη
1781 2190 1856 2281 ἢ’
1913 2195 1979 2262 ἐν
2025 2195 2121 2260 ἑνὶ
2178 2199 2311 2261 τῶν
2355 2198 2598 2279 προλε-

257 2309 550 2389 γομένων
593 2302 948 2388 κληρικῶν“
988 2301 1264 2385 ταγῆναι
1306 2290 1349 2384 ἢ
1392 2292 1924 2384 ἐκκλησιαστικὸν
1962 2290 2282 2383 ὂφφίκιον
2324 2319 2597 2363 πιστευ-

257 2408 495 2492 θῆναι,
557 2404 691 2471 εἴτε
747 2402 946 2488 ἑτέρῳ
1003 2400 1262 2466 συνίδοι
1313 2398 1556 2487 ταύτην
1605 2397 1953 2486 προσώπῳ
1995 2402 2438 2484 περιποιῆσαι
2479 2397 2595 2485 τὴν

258 2506 462 2587 τάξιν.
551 2508 759 2571 ταῦτα
811 2509 1034 2569 τοίνυν
1088 2504 1207 2568 τοῦ
1264 2501 1614 2584 λεχθέντος
1666 2503 2126 2587 πραγματικοῦ
2177 2506 2597 2619 περιέχοντος

258 2607 494 2689 τύπου,
540 2602 855 2694 ἀνήγαγεν
897 2601 1056 2692 ἡμῖν
1102 2602 1216 2670 ἐπὶ
1259 2606 1375 2668 τοῦ
1408 2603 1741 2689 παρόντος
1769 2597 1807 2689 ἡ
1837 2599 2022 2687 ὑμῶν
2052 2596 2402 2688 ἆγιωσύνη,
2450 2600 2596 2666 διά-

260 2734 440 2798 φορα
480 2711 600 2794 μὲν
642 2708 1060 2794 βουληθῆναι
1100 2704 1439 2790 πρόσωπα
1482 2707 1615 2771 τῶν
1646 2704 1997 2790 εἰρημένων
2028 2697 2405 2789 ἀξιωθῆναι
2445 2701 2596 2787 κλή-

256 2837 391 2896 ρων
413 2805 476 2931 ωἢ
521 2809 1051 2894 ἐκκλησιαστικοῦ
1099 2801 1420 2893 ὂφφικίου
1478 2805 1930 2927 ἐπιλαβέσθαι
1985 2798 2026 2891 ἢ
2066 2807 2175 2870 καὶ
2220 2804 2419 2890 ἑτέρῳ
2462 2806 2596 2870 τινὶ

254 2909 527 2979 τοιοῦτό
554 2927 624 2973 τι
628 2909 1109 3027 ωπεριποιῆσαι,
1156 2907 1443 2973 δεδιέναι
1473 2907 1565 2984 δὲ,
1609 2902 1850 2990 μήπως
1887 2901 2158 2987 ὕστερον
2188 2904 2594 2990 πραγμάτων

256 3013 438 3089 τινὲς
481 3004 699 3075 αὐτῶν
743 3009 1226 3091 πειρασθῶσιν,
1274 3002 1791 3089 ἐπιζητούμενοι,
1836 3012 1903 3070 τί
1946 3004 2313 3089 πράξαντες
2356 3006 2467 3072 ἐπὶ
2513 3009 2592 3092 τῇ

254 3117 395 3181 τιῦν
452 3110 999 3195 ἐκκλησιαστικῶν
1055 3102 1460 3189 πραγμάτων
1518 3099 1807 3190 ὠφελείᾳ
1868 3103 1985 3170 τὸν
2048 3105 2288 3171 οἰκεῖον
2345 3105 2594 3170 σκοπὸν

261 3210 761 3299 ἀνεπλήρωσαν,
811 3208 1163 3292 δυσχεροῦς
1193 3202 1395 3290 ου’σης
1437 3199 1666 3282 αὐτοῖς
1692 3203 1860 3287 μετὰ
1898 3203 2134 3288 χρόνου
2164 3205 2595 3289 παραδρομὴν

260 3321 374 3404 τῆς
418 3312 728 3437 τοιαύτης
772 3306 1209 3389 ἀποδείξεως·
1268 3303 1509 3385 ἄλλους
1566 3307 1639 3372 δὲ
1691 3305 1818 3395 μὴ”
1872 3307 2100 3373 θέλειν
2151 3302 2593 3390 γινώσκεσθαι

258 3418 342 3485 τὰ
385 3416 556 3503 πρὸς
612 3409 850 3491 αὐτούς
903 3414 1011 3479 καὶ
1066 3409 1143 3474 τὸ
1198 3414 1400 3493 μέρος
1441 3411 1559 3495 τῆς
1601 3407 1941 3496 ἐκκλησίας
1994 3404 2448 3493 πραττόμενα·
2508 3401 2597 3482 ὡς

259 3521 567 3588 ἐντεῦθεν
612 3511 1140 3582 άναστέλλεσθαί
1180 3535 1368 3589 τινας
1411 3508 1624 3576 ἐκεῖνα
1666 3509 2002 3596 πράττειν,
2055 3504 2228 3594 άπερ
2275 3507 2368 3587 εἷς
2411 3509 2596 3574 λυσι-

259 3623 512 3687 τέλειαν
555 3621 689 3683 τῶν
733 3611 932 3702 αὐτῆς
975 3612 1379 3699 πραγμάτων
1425 3606 1566 3698 όρᾷ.

428 3720 510 3786 α’.
584 3715 784 3785 Ὥστε
839 3706 954 3783 οὖν
1008 3714 1098 3802 μὴ
1158 3714 1270 3784 διὰ
1322 3711 1439 3797 τὴν
1496 3712 1841 3798 πρόφασιν
1896 3709 2137 3798 ταύτην
2187 3710 2265 3775 τὸ
2308 3708 2597 3794 πρῴην10

263 3824 357 3903 εἰς
402 3818 729 3909 ὠφέλειαν
775 3813 1003 3918 αὐτῆς
1018 3816 1380 3902 ἐπινοηθὲν
1423 3812 1673 3899 βλάβης
1716 3815 1933 3878 α’ίτιον
1970 3805 2132 3896 αὐτῇ
2175 3811 2593 3894 καταστῆναι,

204 3931 211 3936 ’
261 3923 691 4012 γινώσκοντες
733 3915 923 4007 ημεῒς
968 3917 1239 3985 πάντων
1282 3915 1489 3981 πλέον
1516 3913 1632 3998 τὴν
1665 3907 2030 3997 ἁγιωσύνην
2071 3908 2186 3994 τὴν
2231 3932 2349 3997 σην
2392 3907 2476 3977 τὰ
2515 3912 2596 3997 τῆ

397 4179 418 4207 ·”’
455 4169 834 4242 ιευυε1.ἢμῖν.
977 4173 1008 4206 *
1044 4178 1198 4238 Supra
1232 4166 1906 4223 Nov.xx11.‘³.Leunc1
1944 4164 2099 4234 ἡμᾶς.
2240 4164 2259 4191 “’
2292 4167 2436 4217 Deest
2470 4165 2596 4227 apud

263 4265 462 4317 Leuncl.
597 4259 851 4312 ⁸Leuncl.
868 4255 1099 4325 κληρων.
1161 4258 1301 4308 Certe
1334 4248 1549 4322 κλήρων
1583 4253 1886 4304 scribendum
1924 4259 2039 4303 erat.
2174 4248 2196 4276 ⁹
2231 4251 2427 4313 Negatio
2464 4250 2600 4298 abest

267 4365 294 4400 a
326 4349 474 4400 vuelli
514 4347 745 4398 editione.
900 4342 1103 4393 ⁰.Voen
1140 4336 1243 4401 τὴν
1275 4332 1516 4407 πρώτην.
