2900 4950
1039 273 1157 335 Imp.
1194 272 1422 321 Uanuelis
1463 272 1709 322 Comneni.
2410 263 2534 325 465

193 418 314 506 τὴν
368 418 918 506 νομοθετήσασαν
972 419 1052 485 τὸ
1107 444 1262 504 περι
1319 423 1438 508 τῆς
1479 418 1943 507 προτιμήσεως
1988 422 2301 490 δίκαιον’ιι
2344 450 2535 510 περι-

191 518 471 607 γράφειν
528 520 950 608 προσχήματι
1007 516 1475 609 άντιχρήσεως·
1534 516 1893 588 κάντεῦθεν
1936 521 2020 587 τὰ
2062 517 2362 612 ἀκίνητα,
2425 526 2511 613 ἐφ

195 617 300 701 οἷς
342 623 563 707 ἕτερος
603 625 1031 708 προτιμᾶται,
1081 648 1248 690 κατα
1291 618 1669 710 ἅντίχρησιν
1713 623 2071 709 λαμβάνειν
2112 627 2287 705 τινὲς
2328 652 2536 713 μηχα-

192 727 466 803 νῶνται,
525 727 632 790 καὶ
690 724 760 791 ἐκ
814 724 1051 791 τούτου
1093 722 1209 790 τὸν
1254 723 1761 809 προτιμώμενον
1806 719 2242 794 άποκλείειν”
2285 726 2535 811 ἐπιχει-

193 828 441 910 ροῦσιν,
490 821 579 904 ὥς
621 823 787 908 τάχα
829 829 947 891 τοῦ
994 820 1318 913 ἀκινήτου,
1368 820 1469 911 ἐφ’
1520 815 1599 892 οὗ
1640 821 2132 914 ἧπροτίμησις,
2176 830 2533 912 μέλλοντος

193 926 367 1011 πρὸς
416 926 531 993 τὸν
586 927 918 1011 δεσπότην
974 927 1376 994 ἐπανελθεῖν
1430 926 1600 1010 μετὰ
1652 930 1771 993 τοῦ
1831 923 2391 1016 άντιμετρηθῆναι
2453 929 2533 996 τὸ

195 1027 474 1095 δάνειον.
564 1032 672 1095 καὶ
715 1028 928 1115 τούτῳ
971 1031 1064 1114 τῷ
1108 1027 1338 1114 τρόπῳ
1382 1028 1499 1093 τὸν
1544 1028 2049 1113 προτιμώμενον
2080 1031 2531 1118 περιγράφον-

192 1131 380 1209 ταιω,
436 1131 544 1194 καὶ
593 1128 683 1196 τὰ
723 1132 839 1216 τῆς
882 1132 1117 1214 νεαρᾶς
1159 1124 1656 1197 άναποτέλεστα
1697 1136 2002 1213 μένουσι,
2059 1135 2177 1197 τοῦ
2223 1127 2531 1220 ἀκινήτου

195 1224 649 1313 άπομένοντος
691 1229 878 1316 παρὰ
920 1234 1013 1317 τῷ
1056 1230 1223 1297 κατὰ
1267 1225 1643 1318 άντίχρησιν
1685 1229 1851 1313 τάχα
1879 1235 2075 1298 τοῦτο
2107 1232 2530 1318 λαμβάνοντι.

192 1329 516 1409 πολλάκις
571 1332 643 1398 δὲ
697 1335 806 1398 καὶ
864 1332 1083 1417 ἕτερόν
1138 1358 1207 1398 τι
1259 1336 1539 1399 ποιοῦσι
1593 1338 1972 1418 περίεργον·
2029 1332 2368 1421 πεφύκασι
2410 1333 2532 1419 γὰρ

190 1435 328 1499 τῶν
369 1427 754 1553 ἀνθρώπων
810 1433 875 1499 οἱ
919 1432 1288 1518 δύστροποι
1330 1437 1436 1499 καὶ
1483 1433 1551 1500 ἐν
1591 1441 1739 1511 τοῖς
1781 1433 2144 1519 προδήλοις
2186 1434 2533 1519 πράγμασι

191 1532 485 1619 μηχανὰς
526 1532 957 1601 ἐπινοεῖσθαι
997 1536 1104 1601 καὶ
1151 1533 1385 1612 δόλους
1416 1533 1837 1620 συρῤάπτειν,
1883 1536 1991 1600 καὶ
2023 1537 2161 1602 πᾶν
2192 1532 2230 1601 ὃ
2261 1561 2341 1601 αν
2372 1535 2529 1622 είπῃ

190 1638 295 1715 τὶς
349 1631 755 1723 έφευρίσκειν
813 1635 906 1713 εἰς
960 1633 1078 1723 τὴν
1119 1638 1238 1701 τοῦ
1284 1629 1581 1722 ἀληθοῦς
1622 1637 1783 1702 καιτί
1831 1637 2088 1703 δικαίου
2134 1630 2532 1723 ἐπήρειαν*
2488 1662 2528 1721 η

190 1740 298 1804 καὶ
355 1737 667 1804 τελείανῖἘι
722 1730 1078 1822 ἀναίρεσιν.
1166 1746 1370 1803 ποῖον
1426 1737 1498 1803 δὲ
1551 1739 1785 1819 τοῦτο,·
1841 1733 1952 1805 ότε
1993 1738 2219 1823 μέλλει
2261 1738 2529 1824 ἐκποιη-

190 1841 400 1925 θῆναι
442 1832 773 1925 ἀκίνητον,
822 1832 922 1925 ἐφ’
969 1828 1027 1923 ᾧ
1068 1863 1172 1916 τις
1216 1837 1347 1919 ἔχει
1387 1836 1812 1923 πλησιασμὸν
1854 1833 1897 1924 ἢ
1941 1833 2404 1919 άνακοίνωσιν,
2451 1839 2530 1906 τὸ

190 1946 390 2025 μέρος
444 1943 563 2005 τοῦ
620 1940 1053 2021 πωλουμένου
1111 1932 1418 2024 ἀκινήτου
1473 1937 1551 2003 τὸ
1594 1938 1960 2024 πλησιάζον
2016 1942 2110 2024 τῷ
2156 1939 2372 2021 ἔχοντι
2412 1939 2531 2025 τὴν

190 2045 593 2127 προτίμησιν
661 2040 961 2123 γείτονι”
1018 2042 1589 2122 παρακρατοῦντες
1651 2037 1716 2103 οἱ
1780 2038 2085 2125 κτήτορες
2146 2042 2223 2104 τὸ
2289 2039 2531 2108 λοιπὸν

189 2144 497 2208 πωλοῦσι
538 2138 711 2224 πρὸς
754 2137 828 2206 ὃν
868 2138 1253 2225 βούλονται,
1322 2142 1432 2205 καὶ
1477 2139 1544 2205 ἐκ
1583 2138 1821 2204 τούτου
1862 2139 1940 2205 τὸ
1983 2142 2153 2226 τῆς“
2197 2141 2527 2228 προτιμή-

189 2266 358 2320 σεως
403 2236 776 2326 ἀπόλλυται
818 2241 1093 2320 δίκαιον,
1142 2236 1259 2307 ἅτε
1299 2244 1419 2305 τοῦ
1465 2239 1947 2327 πλησιάζοντος
1986 2240 2077 2325 μὴ
2121 2247 2525 2326 πραθέντος.

185 2347 294 2411 καὶ
354 2348 700 2427 συμβαίνει
738 2341 824 2409 τὰ
864 2344 982 2428 τῆς
1025 2345 1260 2426 νεαρᾶς
1303 2348 1710 2424 νομοθεσίας
1754 2341 2372 2429 περιγράφεσθαΰῧ,
2435 2339 2527 2424 ὥς

184 2448 301 2535 τῆς
345 2443 599 2524 ἑννοίας
639 2446 759 2512 τοῦ
802 2442 1006 2529 νόμου
1050 2448 1658 2531 παραβαινομένης,
1715 2446 1846 2510 τῶν
1891 2444 1964 2511 δὲ
2009 2443 2317 2532 ῥημάτων
2359 2444 2529 2529 τάχα

185 2551 725 2636 φυλαττομένων·
771 2546 1171 2634 περιγράφει
1210 2545 1351 2633 γάρ,
1399 2569 1604 2633 φησιν
1636 2541 1673 2612 ό
1704 2544 1987 2631 νομικὸς,
2036 2540 2075 2611 δ
2104 2550 2323 2613 ποιῶν
2356 2542 2523 2633 ὅπερ

190 2645 226 2715 ὅ
279 2650 482 2734 νόμος
536 2643 654 2716 οὗκ
710 2648 1061 2728 ἐκώλυσεν,
1123 2643 1200 2714 οὗ
1254 2647 1382 2735 μὴν
1427 2643 1590 2713 αὐτὸ
1631 2646 1944 2732 βούλεται
1985 2653 2314 2733 γίνεσθαι.
2403 2648 2526 2729 τὰς

185 2751 498 2830 τοιαύτας
549 2756 774 2817 τοίνυν
828 2755 1272 2834 κακοτροπίας
1326 2751 1852 2834 περιαθροῢσα’8
1906 2744 1946 2834 ἦ
2000 2750 2308 2833 βασιλεία
2370 2773 2522 2833 μου,

185 2855 294 2920 καὶ
336 2852 457 2931 τὰς
497 2855 634 2919 τῶν
678 2850 745 2929 ἐν
787 2856 980 2936 κακίᾳ
1024 2853 1255 2937 σοφῶν
1295 2849 1589 2935 μηχανὰς
1633 2849 2117 2929 διακόπτουσα,
2168 2852 2527 2936 διορίζεται

186 2957 294 3021 καὶ
353 2951 471 3019 ἐπὶ
519 2955 638 3039 τῆς
692 2946 1127 3037 άντιχρήσεως
1181 2949 1259 3015 τὸ
1313 2953 1429 3036 τῆς
1479 2949 1944 3036 προτιμήσεως
1986 2950 2379 3036 εἰσάγεσθαι
2425 2953 2525 3019 δί-

183 3077 392 3132 καιον,
438 3051 549 3119 καὶ
591 3053 703 3119 ἐπὶ
750 3055 828 3140 τῇ
874 3046 1303 3137 άντιχρήσει’”’
1346 3050 1560 3117 ἐκεῖνα
1614 3062 1907 3134 κρατεῖν,
1970 3050 2015 3117 ἃ
2059 3051 2172 3118 ἐπὶ
2217 3055 2348 3118 τῶν
2393 3053 2525 3119 δω-

184 3159 353 3241 ρεῶν
409 3155 477 3222 ἐν
529 3157 608 3242 τῇ
668 3157 1330 3240 προμνημονευθείσῃ
1389 3154 1589 3238 νεαρᾷ
1641 3149 2118 3239 διωρίσθησαν.
2209 3147 2523 3233 ὡσαύτως

182 3257 261 3323 τὸ
305 3259 421 3322 τοῦ
466 3258 892 3343 πλησιασμοῦ
938 3256 1194 3322 δίκαιον
1239 3252 1623 3339 δοθήσεται,
1669 3249 1789 3320 κᾶν
1830 3278 1933 3331 τις
1974 3259 2173 3340 μέρος
2213 3255 2332 3336 μὲν
2379 3252 2523 3321 άκι-

183 3358 379 3445 νήτου
423 3357 721 3445 πωλήσῃ,
771 3351 871 3445 ἐφ’
920 3346 976 3445 ᾧ
1020 3356 1239 3441 ἕτερος
1280 3358 1710 3442 προτιμᾶται,
1754 3361 1953 3439 μέρος
1984 3355 2056 3421 δέ
2082 3381 2152 3421 τι
2180 3354 2522 3438 ἐλάχιστον

182 3460 551 3547 καταλείψῃ
609 3454 1054 3544 ἇδιάπρατον,
1111 3457 1190 3524 τὸ
1234 3456 1605 3545 πλησιάζον
1645 3457 1839 3541 τυχὸν
1881 3461 1961 3545 τῇ
2007 3457 2183 3544 οἰκίᾳ
2225 3460 2343 3523 τοῦ
2386 3465 2515 3544 γεί-

182 3584 374 3640 τονος
416 3556 457 3649 ἢ
498 3565 592 3647 τῷ
638 3556 834 3647 ἀγρῷ,
881 3560 948 3628 ἐν
993 3555 1095 3640 οἷς
1138 3556 1175 3627 ὅ
1219 3560 1644 3647 πλησιασμός
1685 3564 2079 3644 θεωρεῖται·
2122 3561 2230 3625 καὶ
2266 3560 2356 3647 μὴ
2401 3559 2521 3640 τὰς

180 3662 494 3741 τοιαύτας
535 3668 913 3748 περιεργίας
966 3665 1148 3730 νικᾶν
1202 3661 1318 3750 τὴν
1375 3656 1699 3748 άλήθειαν
1759 3660 1869 3727 καὶ
1916 3659 2254 3746 ἄπρακτον
2297 3668 2518 3745 μένειν

180 3765 257 3830 τὸ
312 3765 398 3832 τὰ
452 3763 608 3849 περὶ
652 3762 890 3830 τούτου
933 3766 1394 3850 νομοθετῆσαν
1440 3762 1770 3846 διάταγμα
1811 3765 1891 3848 τῇ
1937 3769 2282 3848 περιεργίᾳ
2324 3763 2515 3830 νικώ-

180 3890 376 3950 μενον
420 3871 526 3933 καὶ
573 3862 1163 3951 περιγραφόμενον.

315 4136 358 4165 ²⁰
407 4138 475 4189 Cf.
515 4140 631 4189 Con.
672 4140 733 4189 ΙΙΙ
782 4139 894 4196 Νον.
929 4136 977 4187 2.
1183 4132 1223 4161 ²⁹
1272 4135 1467 4185 Leunel.
1514 4128 1776 4184 ἐκκλεῖειν.
1973 4130 2026 4158 >³⁰
2078 4132 2233 4182 Malim
2269 4147 2506 4201 παραγρ.

178 4221 214 4250 ⁸¹
262 4223 455 4272 Leuncl.
501 4218 592 4271 καὶ
635 4225 825 4273 omittit.
1027 4218 1068 4247 ³²
1116 4221 1185 4273 ld.
1223 4215 1448 4274 τελείως.
1658 4216 1696 4246 ³⁸
1742 4220 1812 4268 Id.
1859 4209 2117 4277 ἀκινήτου
2163 4232 2249 4282 pro
2282 4212 2505 4282 γείτονι.

176 4304 216 4334 ⁸¹
254 4307 322 4357 ld.
359 4299 483 4371 περὶ
516 4319 608 4371 πρ.
799 4304 838 4334 ⁸⁶
875 4307 942 4357 ld.
977 4301 1442 4372 περιγεγράφθω.
1616 4301 1657 4329 ³⁸
1695 4303 1761 4353 ld.
1797 4297 2194 4365 καταλαβοῦσα.
2368 4298 2406 4330 ⁸³
2441 4306 2510 4355 m.

175 4391 318 4441 verba
353 4382 441 4439 ἐπὶ
477 4388 539 4457 τῇ
576 4381 788 4458 ἀντιχρ.
830 4404 925 4441 non
953 4385 1120 4440 habet.

277 4475 357 4524 ln.
2039 4471 2102 4520 30
