2900 4950
364 221 449 283 3⁰
1195 232 1313 282 eon.
1353 233 1388 281 1.
1459 231 1572 281 Nm.
1607 230 1870 281 xii-xvi.

360 386 592 449 θεῖναι
632 383 727 467 τῷ
758 379 1101 466 πράγματι
1141 377 1346 458 τάξιν.
1438 377 1498 444 εἰ
1538 377 1659 461 μὲν
1687 376 1812 462 γὰρ
1838 378 2166 460 βασιλέως
2203 375 2728 461 στρατευμάτων

360 485 493 550 τῶν
539 481 651 549 ἐπὶ
695 481 1069 567 βαρβάρους
1113 480 1634 564 ἐκπεμπομένων
1678 478 1998 563 πάροδον,
2042 472 2085 566 ἢ
2125 480 2233 545 καὶ
2278 471 2430 544 καθ’
2478 473 2730 565 ἡμετέ-

361 609 486 669 ραν
526 584 821 650 κέλευσιν
867 578 1204 667 εὐετηρίας
1247 582 1432 648 ἕνεκα
1475 584 1591 667 τῆς
1636 579 1901 659 ἐνδόξου
1930 579 2169 667 ταύτης
2211 578 2474 659 πόλεως
2514 574 2557 666 ἢ
2596 582 2719 647 καὶ

364 685 603 769 ἑτέρων
647 682 1057 771 προφάσεων
1097 682 1289 769 χάριν
1319 681 1611 768 συνωνήν
1641 707 1791 748 τινα
1821 681 2015 748 εἰδῶν
2042 686 2359 766 γενέσθαι
2397 686 2719 766 συμβαίη,

361 785 624 865 τούτοις
664 782 923 852 ἅπασιν
969 779 1045 851 οὗ
1089 783 1297 867 μόνον
1339 782 1496 862 τοὺς
1538 781 1779 862 ἄλλους
1823 779 2170 860 ὑποτελεῖς
2183 832 2202 862 ,
2251 777 2419 850 ἀλλὰ
2458 781 2581 867 γὰρ
2627 781 2720 869 δὴ

363 890 474 954 καὶ
518 886 637 967 τὰς
678 890 811 953 τῶν
852 886 1216 973 βασιλικῶν
1260 885 1459 963 οἴκων
1504 884 1762 973 κτήσεις
1804 884 1916 950 καὶ
1959 882 2243 971 οἰκήσεις
2298 879 2724 951 ὑποκεῖσθαι

360 988 770 1075 βουλόμεθα.
858 991 991 1055 τῶν
1036 989 1109 1054 δὲ
1153 986 1386 1053 αἰτιῶν
1417 986 1672 1052 τούτων
1697 988 1898 1071 χωρὶς
1942 980 2095 1052 οὐδὲ
2123 984 2243 1064 τὰς
2271 991 2468 1064 θείας
2497 984 2723 1064 οἰκίας

365 1087 520 1158 οὐδὲ
578 1088 798 1175 ἕτερόν
851 1114 1002 1156 τινα
1057 1092 1190 1155 τῶν
1246 1084 1588 1155 ὑποτελῶν
1643 1087 2066 1172 ἐνοχλεῖσθαι
2121 1086 2495 1171 κελεύομεν,
2551 1080 2720 1152 οὐδὲ

365 1191 485 1260 σὺν
529 1186 768 1279 άνάγκῃ
815 1191 1079 1259 τοιοῦτό
1122 1217 1190 1258 τι
1231 1196 1547 1276 γενέσθαι
1593 1192 2065 1275 συγχωροῦμεν.

1233 1376 1640 1385 ..-.-.—-—.—--.—
1653 1375 1844 1383 -σ--υ-

1352 1475 1722 1575 ΝονζΧιιι.

1282 1631 1427 1711 lmp.
1473 1629 1793 1692 Tiberii

684 1733 757 1795 dc
802 1733 936 1796 liliis
981 1732 1476 1812 adscriptitiorum
1523 1742 1583 1794 et
1630 1732 1964 1795 liberarum.
2055 1739 2144 1801 (Α.
2193 1734 2400 1809 582.)“

365 1905 442 1968 In
483 1906 721 1967 nominc
767 1904 995 1966 domiin·
1033 1902 1182 1965 Jesu
1243 1902 1474 1965 Christi
1515 1901 1861 1984 Imperator
1910 1903 2134 1966 Caesar
2187 1902 2434 1965 Flavius
2487 1901 2716 1965 Tibe-

366 2011 541 2068 rius
591 2005 1026 2067 Constantinus
1083 2009 1148 2066 ὑι
1203 2003 1444 2066 Christo
1498 2015 1853 2066 mercandus
1906 2009 2208 2066 ”teximus
2255 2004 2608 2084 benefactor
2655 2018 2716 2069 ec

367 2107 616 2170 Flavius
661 2105 812 2167 Not.
867 2105 1136 2168 Tiberius
1190 2104 1521 2167 Manutius
1565 2105 1953 2185 felicissimus
2009 2107 2235 2169 Caesar
2280 2107 2714 2170 Alamannicus

367 2209 651 2272 Gothicus
698 2206 1032 2270 francicus
1079 2208 1473 2269 Germanicus
1516 2208 1764 2269 Anticus
1812 2206 2097 2269 Alam'cus
2137 2205 2494 2269 Vandalicas
2531 2209 2716 2287 Afri-

449 2328 635 2372 canus
673 2312 817 2389 pius
860 2308 1018 2387 [elix
1059 2308 1326 2387 inclytus
1372 2313 1574 2371 viceor
1617 2327 1688 2370 ac
1731 2308 2145 2388 triumphator
2189 2327 2427 2388 semper
2473 2311 2622 2390 Any.

1346 2407 1675 2471 Theodoro.

538 2513 897 2572 Consuetum
960 2520 1019 2572 et
1072 2510 1366 2591 peculiare
1423 2521 1661 2573 nostrae
1716 2511 2185 2574 mansuetndinis
2235 2510 2558 2574 remedium
2608 2532 2718 2573 ne-

367 2612 736 2675 cessitatibus
764 2611 1162 2674 subiectorum
1196 2622 1532 2674 nostrorum
1565 2613 1869 2693 imponere
1899 2614 2225 2694 cupientes,
2271 2614 2712 2693 suggestionem

367 2714 470 2776 viri
517 2713 836 2775 beatissimi
884 2712 1180 2787 publiani,
1239 2713 1517 2776 antistitis
1564 2715 2110 2794 Carthaginensium
2168 2714 2414 2777 civitatis
2471 2726 2530 2777 et
2570 2734 2720 2795 pos—

366 2834 665 2877 sessorum
711 2814 974 2876 eiusdem
1008 2814 1312 2875 Africanae
1357 2816 1796 2902 proconsularis
1840 2817 2174 2897 provinciae
2216 2816 2469 2878 libenter
2509 2835 2718 2878 susce-

364 2917 593 2997 pimus,
650 2935 757 2996 per
812 2935 959 2996 quas
1016 2917 1431 2997 pragmaticam
1491 2918 1856 2979 sanctionem
1898 2918 2114 2980 Jnstini
2169 2918 2334 2978 divae
2387 2918 2715 2980 memoriae

366 3017 551 3098 patris
596 3017 817 3079 nostri²
859 3037 969 3097 pro
1013 3017 1350 3080 conditione
1393 3017 1614 3079 sobolis
1660 3019 1731 3080 ab
1775 3019 2137 3098 adscriptitio
2170 3029 2335 3099 patre
2365 3029 2425 3081 et
2453 3020 2718 3100 ingenua

366 3129 552 3181 matre
597 3118 669 3180 ad
714 3119 1085 3181 Theodorum
1131 3129 1276 3180 tunc
1319 3121 1744 3200 praefecturam
1790 3129 1950 3183 tuam
1993 3131 2261 3200 agentem
2294 3132 2430 3183 ante
2474 3130 2718 3202 tempus

367 3220 643 3283 emissam
690 3223 916 3282 firmam
961 3220 1359 3300 illibatamque
1414 3221 1636 3283 nostris
1688 3223 1862 3283 etiam
1920 3223 2191 3284 affatibus
2246 3222 2522 3283 constitui
2567 3243 2718 3302 sup-

364 3322 753 3404 plicaverunt,
813 3332 877 3384 ut
923 3322 1145 3383 cultura
1193 3332 1482 3383 terrarum
1541 3333 1914 3402 permaneat,
1983 3323 2141 3385 nulla
2185 3324 2312 3404 lege
2357 3324 2442 3385 vel
2489 3323 2717 3386 macbi—

366 3424 605 3485 natione
649 3431 710 3484 et
752 3421 825 3483 ab
870 3442 937 3483 ea
983 3423 1282 3501 separari³
1326 3424 1587 3485 valitura.

537 3521 924 3584 Consulentes
968 3522 1165 3601 itaque
1209 3523 1585 3586 collatoribus
1629 3525 1881 3586 Africani
1929 3535 2147 3589 tractus
2191 3527 2523 3601 sancimus,
2570 3545 2720 3587 ean-

366 3621 499 3683 dem
545 3623 959 3702 pragmaticam
1005 3624 1367 3686 sanctionem
1415 3635 1474 3687 et
1531 3625 1661 3705 ejus
1705 3626 2153 3706 dispositionem
2198 3628 2473 3690 omnibus
2518 3627 2716 3689 modis

366 3742 435 3786 ex
493 3743 610 3803 quo
667 3723 801 3785 data
857 3733 949 3786 est
1003 3744 1141 3786 suas
1195 3725 1351 3788 vires
1405 3726 1656 3801 habene,
1715 3738 1773 3790 et
1827 3729 2142 3791 insertam³
2200 3729 2252 3791 ei
2305 3729 2716 3791 auctoritatem

367 3825 654 3889 universis
700 3825 955 3887 dominis
1000 3837 1286 3889 terrarum
1318 3828 1613 3909 opitulari,
1660 3839 1724 3891 ut
1766 3829 1931 3892 liberi
1977 3831 2267 3911 procreati
2313 3851 2346 3892 a
2392 3839 2578 3893 matre
2622 3830 2723 3892 in·

365 3945 553 4000 genua
600 3938 657 3990 et
701 3937 867 4008 patre
913 3927 1275 4009 adscriptitio
1319 3929 1405 3990 vel
1449 3930 1660 3992 colono
1705 3931 2090 3995 rusticitatem
2135 3941 2442 4013 paternam
2495 3951 2724 4012 cogno-

365 4036 550 4101 scant,
597 4037 657 4090 et
698 4030 976 4110 operibus
1020 4031 1142 4093 suis
1188 4043 1503 4094 consuetos
1546 4033 1769 4095 reditus
1814 4034 1925 4107 his,
1972 4035 2188 4114 quibus
2222 4034 2512 4116 suppositi
2545 4044 2711 4110 sunt,

500 4192 515 4220 ¹
552 4196 685 4245 Hanc
723 4213 749 4246 e
786 4197 902 4247 Cod.
941 4198 1202 4250 Ranconeti
1240 4200 1422 4264 primus
1459 4201 1610 4251 edidit
1646 4202 1866 4254 miraeus.
1932 4204 2001 4252 Cf.
2040 4204 2152 4254 Nor.
2192 4203 2246 4253 lV
2284 4212 2382 4255 not.
2412 4206 2453 4256 Ι.
2584 4201 2604 4229 ²
2642 4206 2720 4256 Cf.

367 4293 510 4344 supra
546 4279 657 4329 Nov.
692 4281 763 4330 Vl.
900 4277 920 4307 ⁸
955 4283 1144 4334 Omissa
1180 4284 1411 4347 particula
1449 4294 1490 4335 ct
1526 4285 1708 4336 videtur
1742 4287 1993 4350 legendum
2029 4290 2086 4339 ab
2124 4305 2179 4340 ea
2214 4305 2445 4354 separare.
2584 4286 2604 4316 ⁴
2646 4290 2718 4340 lta

367 4364 459 4415 edo
496 4381 551 4415 ex
586 4366 712 4431 conj.
751 4365 1109 4430 Osenbn'iggen.
1170 4367 1315 4431 Vulgo
1349 4372 1585 4422 incertam.
1677 4419 1716 4432 ,,,
