<?xml version="1.0" encoding="UTF-8"?>
<!DOCTYPE html PUBLIC "-//W3C//DTD XHTML 1.0 Transitional//EN"
    "http://www.w3.org/TR/xhtml1/DTD/xhtml1-transitional.dtd">
<html xmlns="http://www.w3.org/1999/xhtml" xml:lang="en" lang="en">
 <head>
  <title>
</title>
<meta http-equiv="Content-Type" content="text/html;charset=utf-8" />
  <meta name='ocr-system' content='tesseract 3.04.00' />
  <meta name='ocr-capabilities' content='ocr_page ocr_carea ocr_par ocr_line ocrx_word'/>
</head>
<body>
  <div class='ocr_page' id='page_1' title='image "./jusgraecoromanu00linggoog_0507.png"; bbox 0 0 2900 4950; ppageno 0'>
   <div class='ocr_carea' id='block_1_1' title="bbox 1066 235 2569 313">
    <p class='ocr_par' dir='ltr' id='par_1_1' title="bbox 1066 235 2569 313">
     <span class='ocr_line' id='line_1_1' title="bbox 1066 235 2569 313; baseline 0.009 -15"><span class='ocrx_word' id='word_1_1' title='bbox 1066 248 1184 312; x_wconf 78' lang='lat' dir='ltr'><strong>Imp.</strong></span> <span class='ocrx_word' id='word_1_2' title='bbox 1220 249 1452 300; x_wconf 67' lang='lat' dir='ltr'><strong><em>manuelis</em></strong></span> <span class='ocrx_word' id='word_1_3' title='bbox 1491 252 1742 304; x_wconf 70' lang='lat' dir='ltr'>Com-eui</span> <span class='ocrx_word' id='word_1_4' title='bbox 2444 235 2569 313; x_wconf 77' lang='grc'><strong><em>453</em></strong></span> 
     </span>
    </p>
   </div>
   <div class='ocr_carea' id='block_1_2' title="bbox 223 390 2565 599">
    <p class='ocr_par' dir='ltr' id='par_1_2' title="bbox 223 390 2564 599">
     <span class='ocr_line' id='line_1_2' title="bbox 223 390 2562 516; baseline 0.009 -59"><span class='ocrx_word' id='word_1_5' title='bbox 223 390 508 475; x_wconf 80' lang='grc' dir='ltr'><strong><em>θέδραις</em></strong></span> <span class='ocrx_word' id='word_1_6' title='bbox 548 393 683 458; x_wconf 79' lang='grc' dir='ltr'><strong><em>τῶν</em></strong></span> <span class='ocrx_word' id='word_1_7' title='bbox 709 400 1170 516; x_wconf 54' lang='lat' dir='ltr'><strong><em>umamnqlco&#39;r</em></strong></span> <span class='ocrx_word' id='word_1_8' title='bbox 1201 399 1417 485; x_wconf 80' lang='grc' dir='ltr'><strong><em>νοηθῇ</em></strong></span> <span class='ocrx_word' id='word_1_9' title='bbox 1446 393 1616 486; x_wconf 75' lang='grc' dir='ltr'><strong><em>ὑπὲρ</em></strong></span> <span class='ocrx_word' id='word_1_10' title='bbox 1647 402 1766 467; x_wconf 84' lang='grc' dir='ltr'><strong><em>τοῦ</em></strong></span> <span class='ocrx_word' id='word_1_11' title='bbox 1784 400 2119 488; x_wconf 77' lang='grc' dir='ltr'>δημοσίου</span> <span class='ocrx_word' id='word_1_12' title='bbox 2149 407 2338 492; x_wconf 86' lang='grc' dir='ltr'><strong><em>παρά</em></strong></span> <span class='ocrx_word' id='word_1_13' title='bbox 2361 433 2562 493; x_wconf 85' lang='grc' dir='ltr'><strong><em>τινος,</em></strong></span> 
     </span>
     <span class='ocr_line' id='line_1_3' title="bbox 223 485 2565 599; baseline 0.009 -43"><span class='ocrx_word' id='word_1_14' title='bbox 223 485 270 578; x_wconf 84' lang='grc' dir='ltr'><em>ἢ</em></span> <span class='ocrx_word' id='word_1_15' title='bbox 322 494 438 558; x_wconf 78' lang='grc' dir='ltr'><strong><em>νῦν</em></strong></span> <span class='ocrx_word' id='word_1_16' title='bbox 492 486 537 580; x_wconf 82' lang='grc' dir='ltr'><em>ἢ</em></span> <span class='ocrx_word' id='word_1_17' title='bbox 592 488 987 578; x_wconf 83' lang='grc' dir='ltr'><strong><em>ότεδήποτε,</em></strong></span> <span class='ocrx_word' id='word_1_18' title='bbox 1059 490 1221 563; x_wconf 79' lang='grc' dir='ltr'><strong><em>αὗτὸ</em></strong></span> <span class='ocrx_word' id='word_1_19' title='bbox 1279 500 1480 565; x_wconf 80' lang='grc' dir='ltr'><strong><em>τοῦτο</em></strong></span> <span class='ocrx_word' id='word_1_20' title='bbox 1537 500 1988 587; x_wconf 82' lang='grc' dir='ltr'><strong><em>δεδωρημένον</em></strong></span> <span class='ocrx_word' id='word_1_21' title='bbox 2043 505 2430 591; x_wconf 84' lang='grc' dir='ltr'><strong><em>λογίζεσθαι</em></strong></span> <span class='ocrx_word' id='word_1_22' title='bbox 2484 514 2565 599; x_wconf 81' lang='grc' dir='ltr'><strong><em>τῇ</em></strong></span> 
     </span>
    </p>
   </div>
   <div class='ocr_carea' id='block_1_3' title="bbox 208 589 2563 4241">
    <p class='ocr_par' dir='ltr' id='par_1_3' title="bbox 213 589 2563 2606">
     <span class='ocr_line' id='line_1_4' title="bbox 222 589 2562 691; baseline 0.009 -35"><span class='ocrx_word' id='word_1_23' title='bbox 222 596 428 680; x_wconf 80' lang='grc' dir='ltr'><strong><em>μονῇ·</em></strong></span> <span class='ocrx_word' id='word_1_24' title='bbox 480 595 588 660; x_wconf 83' lang='grc' dir='ltr'><strong><em>καὶ</em></strong></span> <span class='ocrx_word' id='word_1_25' title='bbox 647 589 787 676; x_wconf 71' lang='grc' dir='ltr'><strong><em>ἅμα</em></strong></span> <span class='ocrx_word' id='word_1_26' title='bbox 842 596 946 674; x_wconf 82' lang='grc' dir='ltr'><strong><em>τὶς</em></strong></span> <span class='ocrx_word' id='word_1_27' title='bbox 1000 598 1198 662; x_wconf 80' lang='grc' dir='ltr'><strong><em>τοῦτο</em></strong></span> <span class='ocrx_word' id='word_1_28' title='bbox 1256 598 1682 687; x_wconf 85' lang='grc' dir='ltr'><strong><em>διανοήσεταί</em></strong></span> <span class='ocrx_word' id='word_1_29' title='bbox 1732 627 1808 669; x_wconf 85' lang='grc' dir='ltr'><strong><em>τε</em></strong></span> <span class='ocrx_word' id='word_1_30' title='bbox 1848 607 1956 670; x_wconf 70' lang='grc' dir='ltr'><strong><em>καὶ</em></strong></span> <span class='ocrx_word' id='word_1_31' title='bbox 2003 607 2394 691; x_wconf 71' lang='grc' dir='ltr'><strong><em>φθέγξεται,</em></strong></span> <span class='ocrx_word' id='word_1_32' title='bbox 2452 614 2562 679; x_wconf 78' lang='grc' dir='ltr'><strong><em>καὶ</em></strong></span> 
     </span>
     <span class='ocr_line' id='line_1_5' title="bbox 226 688 2561 815; baseline 0.007 -53"><span class='ocrx_word' id='word_1_33' title='bbox 226 689 431 815; x_wconf 71' lang='grc' dir='ltr'><strong><em>εὐθὺς</em></strong></span> <span class='ocrx_word' id='word_1_34' title='bbox 487 688 926 781; x_wconf 74' lang='grc' dir='ltr'><strong><em>ἀντιλήψεται</em></strong></span> <span class='ocrx_word' id='word_1_35' title='bbox 983 692 1184 764; x_wconf 80' lang='grc' dir='ltr'><strong><em>αὐτοῦ</em></strong></span> <span class='ocrx_word' id='word_1_36' title='bbox 1240 696 1278 787; x_wconf 86' lang='grc' dir='ltr'><em>ἦ</em></span> <span class='ocrx_word' id='word_1_37' title='bbox 1335 701 1534 789; x_wconf 86' lang='grc' dir='ltr'><strong><em>μονὴ,</em></strong></span> <span class='ocrx_word' id='word_1_38' title='bbox 1604 698 1695 781; x_wconf 78' lang='grc' dir='ltr'><strong><em>ὥς</em></strong></span> <span class='ocrx_word' id='word_1_39' title='bbox 1761 702 2044 790; x_wconf 81' lang='grc' dir='ltr'><strong><em>σήμερον</em></strong></span> <span class='ocrx_word' id='word_1_40' title='bbox 2110 708 2561 797; x_wconf 86' lang='grc' dir='ltr'><strong><em>δεδωρημένου</em></strong></span> 
     </span>
     <span class='ocr_line' id='line_1_6' title="bbox 220 794 2563 893; baseline 0.008 -33"><span class='ocrx_word' id='word_1_41' title='bbox 220 795 427 883; x_wconf 79' lang='grc' dir='ltr'><strong><em>ταύτῃ</em></strong></span> <span class='ocrx_word' id='word_1_42' title='bbox 484 796 672 882; x_wconf 86' lang='grc' dir='ltr'><strong><em>παρὰ</em></strong></span> <span class='ocrx_word' id='word_1_43' title='bbox 726 798 842 883; x_wconf 76' lang='grc' dir='ltr'><strong><em>τῆς</em></strong></span> <span class='ocrx_word' id='word_1_44' title='bbox 892 794 1238 882; x_wconf 79' lang='grc' dir='ltr'><strong><em>βασιλείας</em></strong></span> <span class='ocrx_word' id='word_1_45' title='bbox 1288 825 1437 885; x_wconf 91' lang='grc' dir='ltr'><strong><em>μου.</em></strong></span> <span class='ocrx_word' id='word_1_46' title='bbox 1529 799 1714 876; x_wconf 81' lang='grc' dir='ltr'><strong><em>ὅσον</em></strong></span> <span class='ocrx_word' id='word_1_47' title='bbox 1743 803 1866 890; x_wconf 85' lang='grc' dir='ltr'><strong><em>γὰρ</em></strong></span> <span class='ocrx_word' id='word_1_48' title='bbox 1922 801 2024 892; x_wconf 73' lang='grc' dir='ltr'><strong><em>ἐφ’</em></strong></span> <span class='ocrx_word' id='word_1_49' title='bbox 2074 802 2177 886; x_wconf 80' lang='grc' dir='ltr'><strong><em>οἷς</em></strong></span> <span class='ocrx_word' id='word_1_50' title='bbox 2217 816 2563 893; x_wconf 80' lang='grc' dir='ltr'><strong><em>κατέχουσι</em></strong></span> 
     </span>
     <span class='ocr_line' id='line_1_7' title="bbox 222 887 2563 993; baseline 0.009 -33"><span class='ocrx_word' id='word_1_51' title='bbox 222 899 337 962; x_wconf 85' lang='grc' dir='ltr'><strong><em>νῦν</em></strong></span> <span class='ocrx_word' id='word_1_52' title='bbox 382 890 733 983; x_wconf 88' lang='grc' dir='ltr'><strong><em>ἀκινήτοις,</em></strong></span> <span class='ocrx_word' id='word_1_53' title='bbox 760 900 935 982; x_wconf 79' lang='grc' dir='ltr'><strong><em>περὶ</em></strong></span> <span class='ocrx_word' id='word_1_54' title='bbox 982 887 1073 965; x_wconf 78' lang='grc' dir='ltr'><strong><em>ὧν</em></strong></span> <span class='ocrx_word' id='word_1_55' title='bbox 1119 901 1508 987; x_wconf 78' lang='grc' dir='ltr'><strong><em>διαγιώσεις</em></strong></span> <span class='ocrx_word' id='word_1_56' title='bbox 1549 899 1717 990; x_wconf 76' lang='grc' dir='ltr'><strong><em>ὑπὲρ</em></strong></span> <span class='ocrx_word' id='word_1_57' title='bbox 1747 909 1866 971; x_wconf 77' lang='grc' dir='ltr'><strong><em>τοῦ</em></strong></span> <span class='ocrx_word' id='word_1_58' title='bbox 1902 907 2223 993; x_wconf 78' lang='grc' dir='ltr'><strong><em>δημοσίου</em></strong></span> <span class='ocrx_word' id='word_1_59' title='bbox 2253 904 2370 977; x_wconf 76' lang='grc' dir='ltr'><strong><em>οὐκ</em></strong></span> <span class='ocrx_word' id='word_1_60' title='bbox 2412 912 2563 979; x_wconf 83' lang='grc' dir='ltr'><strong><em>ε’λα-</em></strong></span> 
     </span>
     <span class='ocr_line' id='line_1_8' title="bbox 218 996 2562 1098; baseline 0.007 -35"><span class='ocrx_word' id='word_1_61' title='bbox 218 1002 344 1083; x_wconf 83' lang='grc' dir='ltr'><strong><em>βον</em></strong></span> <span class='ocrx_word' id='word_1_62' title='bbox 385 996 470 1065; x_wconf 83' lang='grc' dir='ltr'><strong><em>τὰ</em></strong></span> <span class='ocrx_word' id='word_1_63' title='bbox 513 1004 985 1085; x_wconf 75' lang='grc' dir='ltr'><strong><em>προγραφέντα</em></strong></span> <span class='ocrx_word' id='word_1_64' title='bbox 1011 1001 1443 1090; x_wconf 83' lang='grc' dir='ltr'><strong><em>μοναστήρια,</em></strong></span> <span class='ocrx_word' id='word_1_65' title='bbox 1492 1005 1812 1092; x_wconf 87' lang='grc' dir='ltr'><strong><em>δημόσιον</em></strong></span> <span class='ocrx_word' id='word_1_66' title='bbox 1841 1006 2220 1093; x_wconf 64' lang='grc' dir='ltr'><strong><em>βούλεταις</em></strong></span> <span class='ocrx_word' id='word_1_67' title='bbox 2185 1036 2220 1098; x_wconf 85' lang='grc' dir='ltr'><strong><em>η</em></strong></span> <span class='ocrx_word' id='word_1_68' title='bbox 2252 1009 2562 1097; x_wconf 84' lang='grc' dir='ltr'><strong><em>βασιλεία</em></strong></span> 
     </span>
     <span class='ocr_line' id='line_1_9' title="bbox 217 1099 2558 1195; baseline 0.007 -30"><span class='ocrx_word' id='word_1_69' title='bbox 217 1121 351 1183; x_wconf 86' lang='grc' dir='ltr'><strong><em>μου</em></strong></span> <span class='ocrx_word' id='word_1_70' title='bbox 408 1099 794 1184; x_wconf 82' lang='grc' dir='ltr'><strong><em>λογίζεσθαι</em></strong></span> <span class='ocrx_word' id='word_1_71' title='bbox 848 1103 917 1167; x_wconf 80' lang='grc' dir='ltr'><strong><em>ἓν</em></strong></span> <span class='ocrx_word' id='word_1_72' title='bbox 975 1101 1249 1168; x_wconf 70' lang='grc' dir='ltr'><strong><em>ἕκαστον</em></strong></span> <span class='ocrx_word' id='word_1_73' title='bbox 1304 1103 1558 1173; x_wconf 74' lang='grc' dir='ltr'><strong><em>τούτων</em></strong></span> <span class='ocrx_word' id='word_1_74' title='bbox 1622 1107 1791 1174; x_wconf 80' lang='grc' dir='ltr'><strong><em>κατὰ</em></strong></span> <span class='ocrx_word' id='word_1_75' title='bbox 1844 1109 2049 1193; x_wconf 84' lang='grc' dir='ltr'><strong><em>μόνον</em></strong></span> <span class='ocrx_word' id='word_1_76' title='bbox 2112 1110 2191 1177; x_wconf 88' lang='grc' dir='ltr'><strong><em>τὸ</em></strong></span> <span class='ocrx_word' id='word_1_77' title='bbox 2260 1112 2427 1195; x_wconf 73' lang='grc' dir='ltr'><strong><em>ἔχειν</em></strong></span> <span class='ocrx_word' id='word_1_78' title='bbox 2479 1110 2558 1180; x_wconf 85' lang='grc' dir='ltr'><strong><em>τό</em></strong></span> 
     </span>
     <span class='ocr_line' id='line_1_10' title="bbox 220 1194 2559 1299; baseline 0.007 -33"><span class='ocrx_word' id='word_1_79' title='bbox 220 1194 649 1268; x_wconf 78' lang='grc' dir='ltr'><strong><em>ἀδιάσειστον</em></strong></span> <span class='ocrx_word' id='word_1_80' title='bbox 690 1203 800 1268; x_wconf 81' lang='grc' dir='ltr'><strong><em>καὶ</em></strong></span> <span class='ocrx_word' id='word_1_81' title='bbox 844 1201 932 1288; x_wconf 81' lang='grc' dir='ltr'><strong><em>μὴ</em></strong></span> <span class='ocrx_word' id='word_1_82' title='bbox 978 1197 1091 1268; x_wconf 74' lang='grc' dir='ltr'><strong><em>ὕπ’</em></strong></span> <span class='ocrx_word' id='word_1_83' title='bbox 1140 1198 1408 1285; x_wconf 74' lang='grc' dir='ltr'><strong><em>οὗδενὸς</em></strong></span> <span class='ocrx_word' id='word_1_84' title='bbox 1448 1203 1945 1294; x_wconf 77' lang='grc' dir='ltr'><strong><em>ἀνακρίνεσθαι.</em></strong></span> <span class='ocrx_word' id='word_1_85' title='bbox 2034 1214 2141 1278; x_wconf 84' lang='grc' dir='ltr'><strong><em>καὶ</em></strong></span> <span class='ocrx_word' id='word_1_86' title='bbox 2187 1210 2261 1278; x_wconf 82' lang='grc' dir='ltr'><strong><em>ὃν</em></strong></span> <span class='ocrx_word' id='word_1_87' title='bbox 2303 1213 2559 1299; x_wconf 89' lang='grc' dir='ltr'><strong><em>τρόπον</em></strong></span> 
     </span>
     <span class='ocr_line' id='line_1_11' title="bbox 219 1296 2559 1395; baseline 0.006 -28"><span class='ocrx_word' id='word_1_88' title='bbox 219 1296 259 1367; x_wconf 82' lang='grc' dir='ltr'><strong><em>ὅ</em></strong></span> <span class='ocrx_word' id='word_1_89' title='bbox 305 1300 623 1389; x_wconf 86' lang='grc' dir='ltr'><strong><em>δημόσιος</em></strong></span> <span class='ocrx_word' id='word_1_90' title='bbox 665 1298 743 1368; x_wconf 79' lang='grc' dir='ltr'><strong><em>οὗ</em></strong></span> <span class='ocrx_word' id='word_1_91' title='bbox 801 1304 1460 1390; x_wconf 86' lang='grc' dir='ltr'><strong><em>πολυπραγμονεῖται</em></strong></span> <span class='ocrx_word' id='word_1_92' title='bbox 1515 1304 1624 1395; x_wconf 73' lang='grc' dir='ltr'><strong><em>ὑφ’</em></strong></span> <span class='ocrx_word' id='word_1_93' title='bbox 1679 1309 1946 1391; x_wconf 76' lang='grc' dir='ltr'><strong><em>ἑαυτοῦ,</em></strong></span> <span class='ocrx_word' id='word_1_94' title='bbox 2004 1309 2216 1392; x_wconf 86' lang='grc' dir='ltr'><strong><em>ου’τως</em></strong></span> <span class='ocrx_word' id='word_1_95' title='bbox 2268 1308 2422 1381; x_wconf 76' lang='grc' dir='ltr'><strong><em>οὐδὲ</em></strong></span> <span class='ocrx_word' id='word_1_96' title='bbox 2473 1314 2559 1381; x_wconf 83' lang='grc' dir='ltr'><strong><em>τὰ</em></strong></span> 
     </span>
     <span class='ocr_line' id='line_1_12' title="bbox 221 1397 2557 1497; baseline 0.006 -28"><span class='ocrx_word' id='word_1_97' title='bbox 221 1402 369 1489; x_wconf 79' lang='grc' dir='ltr'><strong><em>ἱερά</em></strong></span> <span class='ocrx_word' id='word_1_98' title='bbox 425 1416 694 1489; x_wconf 79' lang='grc' dir='ltr'><strong><em>σεμνεῒα</em></strong></span> <span class='ocrx_word' id='word_1_99' title='bbox 736 1397 779 1490; x_wconf 84' lang='grc' dir='ltr'><em>ἢ</em></span> <span class='ocrx_word' id='word_1_100' title='bbox 820 1399 1301 1491; x_wconf 81' lang='grc' dir='ltr'><strong><em>ἦσυχαστήρια,</em></strong></span> <span class='ocrx_word' id='word_1_101' title='bbox 1361 1408 1777 1497; x_wconf 85' lang='grc' dir='ltr'><strong><em>μοναστήριά</em></strong></span> <span class='ocrx_word' id='word_1_102' title='bbox 1828 1438 1902 1480; x_wconf 90' lang='grc' dir='ltr'><strong><em>τε</em></strong></span> <span class='ocrx_word' id='word_1_103' title='bbox 1955 1412 2068 1480; x_wconf 85' lang='grc' dir='ltr'><strong><em>καὶ</em></strong></span> <span class='ocrx_word' id='word_1_104' title='bbox 2122 1413 2362 1495; x_wconf 83' lang='grc' dir='ltr'><strong><em>λοιπὰ,</em></strong></span> <span class='ocrx_word' id='word_1_105' title='bbox 2421 1411 2557 1482; x_wconf 80' lang='grc' dir='ltr'><strong><em>ὖπό</em></strong></span> 
     </span>
     <span class='ocr_line' id='line_1_13' title="bbox 216 1506 2559 1602; baseline 0.005 -31"><span class='ocrx_word' id='word_1_106' title='bbox 216 1529 401 1585; x_wconf 85' lang='grc' dir='ltr'><strong><em>τινος</em></strong></span> <span class='ocrx_word' id='word_1_107' title='bbox 454 1510 585 1573; x_wconf 78' lang='grc' dir='ltr'><strong><em>τῶν</em></strong></span> <span class='ocrx_word' id='word_1_108' title='bbox 640 1508 759 1572; x_wconf 83' lang='grc' dir='ltr'><strong><em>τοῦ</em></strong></span> <span class='ocrx_word' id='word_1_109' title='bbox 824 1506 1146 1591; x_wconf 80' lang='grc' dir='ltr'><strong><em>δημοσίου</em></strong></span> <span class='ocrx_word' id='word_1_110' title='bbox 1211 1513 1628 1596; x_wconf 77' lang='grc' dir='ltr'><strong><em>φροντιστῶν</em></strong></span> <span class='ocrx_word' id='word_1_111' title='bbox 1690 1506 2241 1602; x_wconf 85' lang='grc' dir='ltr'><strong><em>ἀνακριθήσεται·</em></strong></span> <span class='ocrx_word' id='word_1_112' title='bbox 2303 1512 2425 1582; x_wconf 81' lang='grc' dir='ltr'><strong><em>κᾶν</em></strong></span> <span class='ocrx_word' id='word_1_113' title='bbox 2488 1542 2559 1584; x_wconf 90' lang='grc' dir='ltr'><strong><em>τι</em></strong></span> 
     </span>
     <span class='ocr_line' id='line_1_14' title="bbox 221 1603 2554 1704; baseline 0.005 -31"><span class='ocrx_word' id='word_1_114' title='bbox 221 1603 490 1693; x_wconf 71' lang='grc' dir='ltr'><strong><em>εὔλογον</em></strong></span> <span class='ocrx_word' id='word_1_115' title='bbox 533 1607 1026 1694; x_wconf 83' lang='grc' dir='ltr'><strong><em>δικαιολογῆταί</em></strong></span> <span class='ocrx_word' id='word_1_116' title='bbox 1065 1632 1170 1686; x_wconf 90' lang='grc' dir='ltr'><strong><em>τις</em></strong></span> <span class='ocrx_word' id='word_1_117' title='bbox 1233 1605 1352 1676; x_wconf 77' lang='grc' dir='ltr'><strong><em>κᾶν</em></strong></span> <span class='ocrx_word' id='word_1_118' title='bbox 1396 1610 1810 1698; x_wconf 88' lang='grc' dir='ltr'><strong><em>παράλογον,</em></strong></span> <span class='ocrx_word' id='word_1_119' title='bbox 1867 1610 1987 1681; x_wconf 77' lang='grc' dir='ltr'><strong><em>κᾶν</em></strong></span> <span class='ocrx_word' id='word_1_120' title='bbox 2040 1610 2282 1682; x_wconf 78' lang='grc' dir='ltr'><strong><em>ὁποῖον</em></strong></span> <span class='ocrx_word' id='word_1_121' title='bbox 2326 1609 2408 1684; x_wconf 74' lang='grc' dir='ltr'><strong><em>ἂν</em></strong></span> <span class='ocrx_word' id='word_1_122' title='bbox 2452 1618 2554 1704; x_wconf 77' lang='grc' dir='ltr'><strong><em>εἴη</em></strong></span> 
     </span>
     <span class='ocr_line' id='line_1_15' title="bbox 217 1707 2554 1804; baseline 0.006 -30"><span class='ocrx_word' id='word_1_123' title='bbox 217 1708 301 1804; x_wconf 71' lang='grc' dir='ltr'><strong><em>τό</em></strong></span> <span class='ocrx_word' id='word_1_124' title='bbox 343 1707 904 1796; x_wconf 84' lang='grc' dir='ltr'><strong><em>λαληθησόμενον.</em></strong></span> <span class='ocrx_word' id='word_1_125' title='bbox 994 1712 1131 1788; x_wconf 82' lang='grc' dir='ltr'><strong><em>πᾶς</em></strong></span> <span class='ocrx_word' id='word_1_126' title='bbox 1184 1709 1309 1797; x_wconf 81' lang='grc' dir='ltr'><strong><em>γὰρ</em></strong></span> <span class='ocrx_word' id='word_1_127' title='bbox 1364 1707 1400 1778; x_wconf 81' lang='grc' dir='ltr'><strong><em>ὅ</em></strong></span> <span class='ocrx_word' id='word_1_128' title='bbox 1459 1713 1765 1781; x_wconf 83' lang='grc' dir='ltr'><strong><em>τοιοῦτόν</em></strong></span> <span class='ocrx_word' id='word_1_129' title='bbox 1808 1740 1874 1781; x_wconf 88' lang='grc' dir='ltr'><strong><em>τι</em></strong></span> <span class='ocrx_word' id='word_1_130' title='bbox 1918 1714 2354 1804; x_wconf 77' lang='grc' dir='ltr'><strong><em>ἔπιχειρήσων</em></strong></span> <span class='ocrx_word' id='word_1_131' title='bbox 2395 1741 2554 1788; x_wconf 86' lang='grc' dir='ltr'><strong><em>ποι-</em></strong></span> 
     </span>
     <span class='ocr_line' id='line_1_16' title="bbox 218 1805 2557 1902; baseline 0.004 -27"><span class='ocrx_word' id='word_1_132' title='bbox 218 1812 400 1898; x_wconf 85' lang='grc' dir='ltr'><strong><em>ῆσαι,</em></strong></span> <span class='ocrx_word' id='word_1_133' title='bbox 449 1805 764 1895; x_wconf 87' lang='grc' dir='ltr'><strong><em>ἀνίσχυρα</em></strong></span> <span class='ocrx_word' id='word_1_134' title='bbox 808 1808 986 1890; x_wconf 85' lang='grc' dir='ltr'><strong><em>δόξει</em></strong></span> <span class='ocrx_word' id='word_1_135' title='bbox 1031 1811 1236 1897; x_wconf 84' lang='grc' dir='ltr'><strong><em>λέγων</em></strong></span> <span class='ocrx_word' id='word_1_136' title='bbox 1276 1817 1381 1880; x_wconf 81' lang='grc' dir='ltr'><strong><em>καὶ</em></strong></span> <span class='ocrx_word' id='word_1_137' title='bbox 1427 1816 1524 1901; x_wconf 77' lang='grc' dir='ltr'><strong><em>τῷ</em></strong></span> <span class='ocrx_word' id='word_1_138' title='bbox 1569 1812 1715 1882; x_wconf 77' lang='grc' dir='ltr'><strong><em>ὄντι</em></strong></span> <span class='ocrx_word' id='word_1_139' title='bbox 1756 1810 2056 1902; x_wconf 86' lang='grc' dir='ltr'><strong><em>ἀβέβαια,</em></strong></span> <span class='ocrx_word' id='word_1_140' title='bbox 2102 1819 2208 1885; x_wconf 80' lang='grc' dir='ltr'><strong><em>καὶ</em></strong></span> <span class='ocrx_word' id='word_1_141' title='bbox 2242 1812 2557 1901; x_wconf 81' lang='grc' dir='ltr'><strong><em>ἀσυμπα-</em></strong></span> 
     </span>
     <span class='ocr_line' id='line_1_17' title="bbox 216 1907 2553 2005; baseline 0.003 -27"><span class='ocrx_word' id='word_1_142' title='bbox 216 1915 370 1990; x_wconf 78' lang='grc' dir='ltr'><strong><em>θιῧς</em></strong></span> <span class='ocrx_word' id='word_1_143' title='bbox 432 1907 471 2000; x_wconf 82' lang='grc' dir='ltr'><strong><em>ἡ</em></strong></span> <span class='ocrx_word' id='word_1_144' title='bbox 528 1913 764 1979; x_wconf 86' lang='grc' dir='ltr'><strong><em>τούτου</em></strong></span> <span class='ocrx_word' id='word_1_145' title='bbox 820 1918 1179 1997; x_wconf 78' lang='grc' dir='ltr'><strong><em>περιουσία</em></strong></span> <span class='ocrx_word' id='word_1_146' title='bbox 1231 1917 1325 2000; x_wconf 80' lang='grc' dir='ltr'><strong><em>τῷ</em></strong></span> <span class='ocrx_word' id='word_1_147' title='bbox 1395 1916 1693 2001; x_wconf 78' lang='grc' dir='ltr'><strong><em>δημοσίῳ</em></strong></span> <span class='ocrx_word' id='word_1_148' title='bbox 1755 1917 2378 2005; x_wconf 83' lang='grc' dir='ltr'><strong><em>καθοσιωθήσεται,</em></strong></span> <span class='ocrx_word' id='word_1_149' title='bbox 2443 1920 2553 1985; x_wconf 80' lang='grc' dir='ltr'><strong><em>καὶ</em></strong></span> 
     </span>
     <span class='ocr_line' id='line_1_18' title="bbox 219 2008 2554 2104; baseline 0.003 -24"><span class='ocrx_word' id='word_1_150' title='bbox 219 2008 421 2093; x_wconf 75' lang='grc' dir='ltr'><strong><em>αὐτὸς</em></strong></span> <span class='ocrx_word' id='word_1_151' title='bbox 464 2011 702 2099; x_wconf 73' lang='grc' dir='ltr'><strong><em>ἄτιμος</em></strong></span> <span class='ocrx_word' id='word_1_152' title='bbox 745 2012 994 2080; x_wconf 74' lang='grc' dir='ltr'><strong><em>ἐσεῖται</em></strong></span> <span class='ocrx_word' id='word_1_153' title='bbox 1039 2011 1493 2094; x_wconf 87' lang='grc' dir='ltr'><strong><em>παντάπασιν,</em></strong></span> <span class='ocrx_word' id='word_1_154' title='bbox 1542 2011 1632 2094; x_wconf 75' lang='grc' dir='ltr'><strong><em>ὥς</em></strong></span> <span class='ocrx_word' id='word_1_155' title='bbox 1675 2011 2096 2083; x_wconf 86' lang='grc' dir='ltr'><strong><em>ἀντιπίπτων</em></strong></span> <span class='ocrx_word' id='word_1_156' title='bbox 2137 2019 2405 2104; x_wconf 80' lang='grc' dir='ltr'><strong><em>βασιλεῖ</em></strong></span> <span class='ocrx_word' id='word_1_157' title='bbox 2447 2013 2554 2086; x_wconf 79' lang='grc' dir='ltr'><strong><em>εὖ·</em></strong></span> 
     </span>
     <span class='ocr_line' id='line_1_19' title="bbox 218 2111 2553 2205; baseline 0.002 -24"><span class='ocrx_word' id='word_1_158' title='bbox 218 2118 434 2201; x_wconf 79' lang='grc' dir='ltr'><strong><em>σεβῶς</em></strong></span> <span class='ocrx_word' id='word_1_159' title='bbox 475 2141 547 2183; x_wconf 91' lang='grc' dir='ltr'><strong><em>τε</em></strong></span> <span class='ocrx_word' id='word_1_160' title='bbox 588 2117 695 2183; x_wconf 82' lang='grc' dir='ltr'><strong><em>καὶ</em></strong></span> <span class='ocrx_word' id='word_1_161' title='bbox 741 2116 1085 2202; x_wconf 85' lang='grc' dir='ltr'><strong><em>φιλοθέως</em></strong></span> <span class='ocrx_word' id='word_1_162' title='bbox 1127 2113 1209 2180; x_wconf 80' lang='grc' dir='ltr'><strong><em>τὸ</em></strong></span> <span class='ocrx_word' id='word_1_163' title='bbox 1251 2111 1677 2205; x_wconf 84' lang='grc' dir='ltr'><strong><em>ἀνενόχλητον</em></strong></span> <span class='ocrx_word' id='word_1_164' title='bbox 1731 2127 1882 2197; x_wconf 78' lang='grc' dir='ltr'><strong><em>ταῖς</em></strong></span> <span class='ocrx_word' id='word_1_165' title='bbox 1931 2128 2171 2202; x_wconf 83' lang='grc' dir='ltr'><strong><em>μοναῒς</em></strong></span> <span class='ocrx_word' id='word_1_166' title='bbox 2225 2113 2553 2203; x_wconf 85' lang='grc' dir='ltr'><strong><em>ἀποχαρι-</em></strong></span> 
     </span>
     <span class='ocr_line' id='line_1_20' title="bbox 217 2213 2554 2304; baseline 0.002 -23"><span class='ocrx_word' id='word_1_167' title='bbox 217 2215 467 2303; x_wconf 81' lang='grc' dir='ltr'><strong><em>ζομένῳ</em></strong></span> <span class='ocrx_word' id='word_1_168' title='bbox 512 2216 623 2283; x_wconf 73' lang='grc' dir='ltr'><strong><em>ἐπὶ</em></strong></span> <span class='ocrx_word' id='word_1_169' title='bbox 668 2220 811 2295; x_wconf 81' lang='grc' dir='ltr'><strong><em>τοῖς</em></strong></span> <span class='ocrx_word' id='word_1_170' title='bbox 854 2216 1333 2303; x_wconf 84' lang='grc' dir='ltr'><strong><em>δεδωρημένοις</em></strong></span> <span class='ocrx_word' id='word_1_171' title='bbox 1388 2213 1621 2296; x_wconf 77' lang='grc' dir='ltr'><strong><em>αὖταῖς</em></strong></span> <span class='ocrx_word' id='word_1_172' title='bbox 1676 2216 1790 2284; x_wconf 84' lang='grc' dir='ltr'><strong><em>διὰ</em></strong></span> <span class='ocrx_word' id='word_1_173' title='bbox 1842 2221 1961 2284; x_wconf 82' lang='grc' dir='ltr'><strong><em>τοῦ</em></strong></span> <span class='ocrx_word' id='word_1_174' title='bbox 2015 2217 2349 2303; x_wconf 84' lang='grc' dir='ltr'><strong><em>παρόντος</em></strong></span> <span class='ocrx_word' id='word_1_175' title='bbox 2398 2244 2554 2304; x_wconf 84' lang='grc' dir='ltr'><strong><em>χρυ-</em></strong></span> 
     </span>
     <span class='ocr_line' id='line_1_21' title="bbox 217 2312 2553 2405; baseline 0.002 -21"><span class='ocrx_word' id='word_1_176' title='bbox 217 2315 583 2402; x_wconf 81' lang='grc' dir='ltr'><strong><em>σοβούλλου</em></strong></span> <span class='ocrx_word' id='word_1_177' title='bbox 637 2317 865 2404; x_wconf 82' lang='grc' dir='ltr'><strong><em>λόγου,</em></strong></span> <span class='ocrx_word' id='word_1_178' title='bbox 924 2320 1028 2384; x_wconf 85' lang='grc' dir='ltr'><strong><em>καὶ</em></strong></span> <span class='ocrx_word' id='word_1_179' title='bbox 1094 2312 1176 2383; x_wconf 77' lang='grc' dir='ltr'><strong><em>δι’</em></strong></span> <span class='ocrx_word' id='word_1_180' title='bbox 1224 2312 1427 2384; x_wconf 77' lang='grc' dir='ltr'><strong><em>αὐτοῦ</em></strong></span> <span class='ocrx_word' id='word_1_181' title='bbox 1484 2317 1690 2404; x_wconf 81' lang='grc' dir='ltr'><strong><em>βραχύ</em></strong></span> <span class='ocrx_word' id='word_1_182' title='bbox 1748 2344 1816 2385; x_wconf 88' lang='grc' dir='ltr'><strong><em>τι</em></strong></span> <span class='ocrx_word' id='word_1_183' title='bbox 1874 2320 2088 2405; x_wconf 75' lang='grc' dir='ltr'><strong><em>δῶρον</em></strong></span> <span class='ocrx_word' id='word_1_184' title='bbox 2142 2319 2553 2405; x_wconf 81' lang='grc' dir='ltr'><strong><em>προσάγοντι</em></strong></span> 
     </span>
     <span class='ocr_line' id='line_1_22' title="bbox 213 2409 2550 2508; baseline 0 -19"><span class='ocrx_word' id='word_1_185' title='bbox 213 2421 311 2508; x_wconf 79' lang='grc' dir='ltr'><strong><em>τῷ</em></strong></span> <span class='ocrx_word' id='word_1_186' title='bbox 354 2423 519 2508; x_wconf 75' lang='grc' dir='ltr'><strong><em>θεῷ,</em></strong></span> <span class='ocrx_word' id='word_1_187' title='bbox 569 2416 723 2488; x_wconf 77' lang='grc' dir='ltr'><strong><em>ἀνθ’</em></strong></span> <span class='ocrx_word' id='word_1_188' title='bbox 772 2409 863 2486; x_wconf 77' lang='grc' dir='ltr'><strong><em>ὧν</em></strong></span> <span class='ocrx_word' id='word_1_189' title='bbox 904 2424 1156 2504; x_wconf 87' lang='grc' dir='ltr'><strong><em>μυρίων</em></strong></span> <span class='ocrx_word' id='word_1_190' title='bbox 1188 2414 1572 2506; x_wconf 80' lang='grc' dir='ltr'><strong><em>εὐεργεσιῶν</em></strong></span> <span class='ocrx_word' id='word_1_191' title='bbox 1602 2419 1788 2507; x_wconf 82' lang='grc' dir='ltr'><strong><em>παρὰ</em></strong></span> <span class='ocrx_word' id='word_1_192' title='bbox 1815 2424 1933 2508; x_wconf 77' lang='grc' dir='ltr'><strong><em>τῆς</em></strong></span> <span class='ocrx_word' id='word_1_193' title='bbox 1961 2419 2550 2507; x_wconf 80' lang='grc' dir='ltr'><strong><em>πλουσιοπαρόχου</em></strong></span> 
     </span>
     <span class='ocr_line' id='line_1_23' title="bbox 214 2512 1256 2606; baseline -0.004 -16"><span class='ocrx_word' id='word_1_194' title='bbox 214 2523 438 2602; x_wconf 81' lang='grc' dir='ltr'><strong><em>δεξιᾶς</em></strong></span> <span class='ocrx_word' id='word_1_195' title='bbox 480 2517 680 2590; x_wconf 73' lang='grc' dir='ltr'><strong><em>αὐτοῦ</em></strong></span> <span class='ocrx_word' id='word_1_196' title='bbox 725 2512 1256 2606; x_wconf 83' lang='grc' dir='ltr'><strong><em>παραπέλαυσεν.</em></strong></span> 
     </span>
    </p>

    <p class='ocr_par' dir='ltr' id='par_1_4' title="bbox 208 2611 2552 4241">
     <span class='ocr_line' id='line_1_24' title="bbox 383 2611 2550 2713; baseline 0 -22"><span class='ocrx_word' id='word_1_197' title='bbox 383 2623 467 2709; x_wconf 67' lang='grc' dir='ltr'><strong><em>β’.</em></strong></span> <span class='ocrx_word' id='word_1_198' title='bbox 522 2619 656 2691; x_wconf 80' lang='grc' dir='ltr'><strong><em>Οὖκ</em></strong></span> <span class='ocrx_word' id='word_1_199' title='bbox 687 2623 944 2703; x_wconf 74' lang='grc' dir='ltr'><strong><em>ἐξέσται</em></strong></span> <span class='ocrx_word' id='word_1_200' title='bbox 974 2611 1088 2688; x_wconf 74' lang='grc' dir='ltr'><strong><em>οὖν</em></strong></span> <span class='ocrx_word' id='word_1_201' title='bbox 1121 2620 1271 2689; x_wconf 76' lang='grc' dir='ltr'><strong><em>οὔτε</em></strong></span> <span class='ocrx_word' id='word_1_202' title='bbox 1301 2617 1672 2710; x_wconf 84' lang='grc' dir='ltr'><strong><em>ἀναγραφεῒ</em></strong></span> <span class='ocrx_word' id='word_1_203' title='bbox 1693 2618 1737 2713; x_wconf 84' lang='grc' dir='ltr'>ἢ</span> <span class='ocrx_word' id='word_1_204' title='bbox 1762 2629 2254 2712; x_wconf 73' lang='grc' dir='ltr'><strong><em>προκαθημένῳ</em></strong></span> <span class='ocrx_word' id='word_1_205' title='bbox 2286 2623 2550 2711; x_wconf 77' lang='grc' dir='ltr'><strong><em>οἱουδή-</em></strong></span> 
     </span>
     <span class='ocr_line' id='line_1_25' title="bbox 213 2717 2549 2813; baseline -0 -20"><span class='ocrx_word' id='word_1_206' title='bbox 213 2748 396 2805; x_wconf 84' lang='grc' dir='ltr'><strong><em>τινος</em></strong></span> <span class='ocrx_word' id='word_1_207' title='bbox 440 2731 741 2810; x_wconf 82' lang='grc' dir='ltr'><strong><em>σεκρέτου</em></strong></span> <span class='ocrx_word' id='word_1_208' title='bbox 784 2717 825 2810; x_wconf 86' lang='grc' dir='ltr'>ἢ</span> <span class='ocrx_word' id='word_1_209' title='bbox 871 2723 1146 2810; x_wconf 77' lang='grc' dir='ltr'><strong><em>ἐξισωτῇ</em></strong></span> <span class='ocrx_word' id='word_1_210' title='bbox 1188 2718 1232 2810; x_wconf 84' lang='grc' dir='ltr'><em>ἢ</em></span> <span class='ocrx_word' id='word_1_211' title='bbox 1263 2723 1629 2810; x_wconf 75' lang='grc' dir='ltr'><strong><em>ἕνεργοῦντι</em></strong></span> <span class='ocrx_word' id='word_1_212' title='bbox 1663 2721 1706 2813; x_wconf 87' lang='grc' dir='ltr'><em>ἢ</em></span> <span class='ocrx_word' id='word_1_213' title='bbox 1735 2724 1934 2811; x_wconf 75' lang='grc' dir='ltr'><strong><em>ἑτέρῳ</em></strong></span> <span class='ocrx_word' id='word_1_214' title='bbox 1964 2728 2095 2792; x_wconf 78' lang='grc' dir='ltr'><strong><em>τινὶ</em></strong></span> <span class='ocrx_word' id='word_1_215' title='bbox 2116 2729 2157 2761; x_wconf 81' lang='lat'><strong><em>¹⁶</em></strong></span> <span class='ocrx_word' id='word_1_216' title='bbox 2198 2724 2549 2813; x_wconf 82' lang='grc' dir='ltr'><strong><em>προσώπῳ</em></strong></span> 
     </span>
     <span class='ocr_line' id='line_1_26' title="bbox 211 2820 2551 2914; baseline 0 -21"><span class='ocrx_word' id='word_1_217' title='bbox 211 2829 333 2894; x_wconf 78' lang='grc' dir='ltr'><strong><em>τοῦ</em></strong></span> <span class='ocrx_word' id='word_1_218' title='bbox 391 2827 711 2914; x_wconf 84' lang='grc' dir='ltr'><strong><em>δημοσίου</em></strong></span> <span class='ocrx_word' id='word_1_219' title='bbox 766 2822 850 2891; x_wconf 85' lang='grc' dir='ltr'><strong><em>τὰ</em></strong></span> <span class='ocrx_word' id='word_1_220' title='bbox 912 2827 1045 2889; x_wconf 81' lang='grc' dir='ltr'><strong><em>τῶν</em></strong></span> <span class='ocrx_word' id='word_1_221' title='bbox 1098 2831 1558 2909; x_wconf 86' lang='grc' dir='ltr'><strong><em>μοναστηρίων</em></strong></span> <span class='ocrx_word' id='word_1_222' title='bbox 1616 2821 1887 2911; x_wconf 87' lang='grc' dir='ltr'><strong><em>ἀκίνητα</em></strong></span> <span class='ocrx_word' id='word_1_223' title='bbox 1939 2822 2452 2913; x_wconf 77' lang='grc' dir='ltr'><strong><em>ἀναγράφεσθαι</em></strong></span> <span class='ocrx_word' id='word_1_224' title='bbox 2506 2820 2551 2914; x_wconf 81' lang='grc' dir='ltr'><em>ἢ</em></span> 
     </span>
     <span class='ocr_line' id='line_1_27' title="bbox 213 2919 2550 3015; baseline -0 -20"><span class='ocrx_word' id='word_1_225' title='bbox 213 2929 682 3014; x_wconf 83' lang='grc' dir='ltr'><strong><em>καπνολογεῒν,</em></strong></span> <span class='ocrx_word' id='word_1_226' title='bbox 729 2920 771 3012; x_wconf 87' lang='grc' dir='ltr'><em>ἢ</em></span> <span class='ocrx_word' id='word_1_227' title='bbox 814 2920 1153 3009; x_wconf 75' lang='grc' dir='ltr'><strong><em>ἀναζητεῖν</em></strong></span> <span class='ocrx_word' id='word_1_228' title='bbox 1195 2930 1403 3009; x_wconf 83' lang='grc' dir='ltr'><strong><em>μέτρα</em></strong></span> <span class='ocrx_word' id='word_1_229' title='bbox 1445 2928 1562 3012; x_wconf 83' lang='grc' dir='ltr'><strong><em>γῆς</em></strong></span> <span class='ocrx_word' id='word_1_230' title='bbox 1606 2919 1646 3013; x_wconf 81' lang='grc' dir='ltr'><em>ἢ</em></span> <span class='ocrx_word' id='word_1_231' title='bbox 1690 2923 2029 3010; x_wconf 82' lang='grc' dir='ltr'><strong><em>παροίκων</em></strong></span> <span class='ocrx_word' id='word_1_232' title='bbox 2073 2926 2447 3011; x_wconf 87' lang='grc' dir='ltr'><strong><em>ποσότητα,</em></strong></span> <span class='ocrx_word' id='word_1_233' title='bbox 2505 2923 2550 3015; x_wconf 81' lang='grc' dir='ltr'><em>ἢ</em></span> 
     </span>
     <span class='ocr_line' id='line_1_28' title="bbox 212 3020 2550 3118; baseline -0 -23"><span class='ocrx_word' id='word_1_234' title='bbox 212 3031 334 3118; x_wconf 80' lang='grc' dir='ltr'><strong><em>γῆς</em></strong></span> <span class='ocrx_word' id='word_1_235' title='bbox 387 3028 466 3096; x_wconf 85' lang='grc' dir='ltr'><strong><em>τὸ</em></strong></span> <span class='ocrx_word' id='word_1_236' title='bbox 518 3025 897 3113; x_wconf 78' lang='grc' dir='ltr'><strong><em>ὖπέρπλεον</em></strong></span> <span class='ocrx_word' id='word_1_237' title='bbox 940 3021 982 3113; x_wconf 82' lang='grc' dir='ltr'><strong><em>ἢ</em></strong></span> <span class='ocrx_word' id='word_1_238' title='bbox 1021 3021 1385 3111; x_wconf 79' lang='grc' dir='ltr'><strong><em>ὖπέρτιμον</em></strong></span> <span class='ocrx_word' id='word_1_239' title='bbox 1437 3020 1481 3113; x_wconf 83' lang='grc' dir='ltr'>ἢ</span> <span class='ocrx_word' id='word_1_240' title='bbox 1534 3025 1612 3092; x_wconf 88' lang='grc' dir='ltr'><strong><em>τὸ</em></strong></span> <span class='ocrx_word' id='word_1_241' title='bbox 1656 3022 1899 3106; x_wconf 87' lang='grc' dir='ltr'><strong><em>ἀδίκως</em></strong></span> <span class='ocrx_word' id='word_1_242' title='bbox 1942 3027 2367 3111; x_wconf 71' lang='grc' dir='ltr'><strong><em>κατεχόμενον</em></strong></span> <span class='ocrx_word' id='word_1_243' title='bbox 2413 3027 2550 3106; x_wconf 75' lang='grc' dir='ltr'><strong><em>ἒξε-</em></strong></span> 
     </span>
     <span class='ocr_line' id='line_1_29' title="bbox 212 3122 2552 3216; baseline -0.002 -17"><span class='ocrx_word' id='word_1_244' title='bbox 212 3131 464 3213; x_wconf 87' lang='grc' dir='ltr'><strong><em>τάζειν·</em></strong></span> <span class='ocrx_word' id='word_1_245' title='bbox 530 3122 669 3197; x_wconf 74' lang='grc' dir='ltr'><strong><em>ἀλλ’</em></strong></span> <span class='ocrx_word' id='word_1_246' title='bbox 719 3127 867 3195; x_wconf 75' lang='grc' dir='ltr'><strong><em>ἐπεὶ</em></strong></span> <span class='ocrx_word' id='word_1_247' title='bbox 926 3127 994 3195; x_wconf 72' lang='grc' dir='ltr'><strong><em>ἔκ</em></strong></span> <span class='ocrx_word' id='word_1_248' title='bbox 1044 3126 1471 3213; x_wconf 81' lang='grc' dir='ltr'><strong><em>προστάξεως</em></strong></span> <span class='ocrx_word' id='word_1_249' title='bbox 1511 3129 1627 3216; x_wconf 78' lang='grc' dir='ltr'><strong><em>τῆς</em></strong></span> <span class='ocrx_word' id='word_1_250' title='bbox 1667 3129 2012 3213; x_wconf 78' lang='grc' dir='ltr'><strong><em>βασιλείας</em></strong></span> <span class='ocrx_word' id='word_1_251' title='bbox 2052 3153 2181 3212; x_wconf 90' lang='grc' dir='ltr'><strong><em>μου</em></strong></span> <span class='ocrx_word' id='word_1_252' title='bbox 2233 3129 2552 3213; x_wconf 90' lang='grc' dir='ltr'><strong><em>μέλλουσι</em></strong></span> 
     </span>
     <span class='ocr_line' id='line_1_30' title="bbox 210 3226 2548 3320; baseline -0.002 -20"><span class='ocrx_word' id='word_1_253' title='bbox 210 3236 531 3320; x_wconf 86' lang='grc' dir='ltr'><strong><em>γενέσθαι</em></strong></span> <span class='ocrx_word' id='word_1_254' title='bbox 572 3228 901 3316; x_wconf 83' lang='grc' dir='ltr'><strong><em>πρακτικὰ</em></strong></span> <span class='ocrx_word' id='word_1_255' title='bbox 943 3231 1075 3297; x_wconf 80' lang='grc' dir='ltr'><strong><em>τῶν</em></strong></span> <span class='ocrx_word' id='word_1_256' title='bbox 1120 3226 1402 3315; x_wconf 80' lang='grc' dir='ltr'><strong><em>σήμερον</em></strong></span> <span class='ocrx_word' id='word_1_257' title='bbox 1444 3234 1891 3314; x_wconf 83' lang='grc' dir='ltr'><strong><em>κατεχομένων</em></strong></span> <span class='ocrx_word' id='word_1_258' title='bbox 1925 3228 2111 3315; x_wconf 85' lang='grc' dir='ltr'><strong><em>παρὰ</em></strong></span> <span class='ocrx_word' id='word_1_259' title='bbox 2152 3231 2284 3296; x_wconf 83' lang='grc' dir='ltr'><strong><em>τῶν</em></strong></span> <span class='ocrx_word' id='word_1_260' title='bbox 2326 3231 2548 3314; x_wconf 81' lang='grc' dir='ltr'><strong><em>μονῶν</em></strong></span> 
     </span>
     <span class='ocr_line' id='line_1_31' title="bbox 212 3325 2548 3421; baseline -0.002 -19"><span class='ocrx_word' id='word_1_261' title='bbox 212 3330 536 3421; x_wconf 83' lang='grc' dir='ltr'><strong><em>ἀκινήτων</em></strong></span> <span class='ocrx_word' id='word_1_262' title='bbox 579 3334 689 3399; x_wconf 81' lang='grc' dir='ltr'><strong><em>καὶ</em></strong></span> <span class='ocrx_word' id='word_1_263' title='bbox 732 3337 1101 3415; x_wconf 84' lang='grc' dir='ltr'><strong><em>παροίκων,</em></strong></span> <span class='ocrx_word' id='word_1_264' title='bbox 1159 3328 1311 3396; x_wconf 86' lang='grc' dir='ltr'><strong><em>τότε</em></strong></span> <span class='ocrx_word' id='word_1_265' title='bbox 1363 3328 1569 3413; x_wconf 86' lang='grc' dir='ltr'><strong><em>μόνον</em></strong></span> <span class='ocrx_word' id='word_1_266' title='bbox 1639 3325 2079 3418; x_wconf 75' lang='grc' dir='ltr'><strong><em>ὂχληθήσεται</em></strong></span> <span class='ocrx_word' id='word_1_267' title='bbox 2134 3326 2174 3419; x_wconf 85' lang='grc' dir='ltr'>ἡ</span> <span class='ocrx_word' id='word_1_268' title='bbox 2217 3328 2383 3417; x_wconf 85' lang='grc' dir='ltr'><strong><em>μονὴ</em></strong></span> <span class='ocrx_word' id='word_1_269' title='bbox 2439 3333 2548 3397; x_wconf 78' lang='grc' dir='ltr'><strong><em>καὶ</em></strong></span> 
     </span>
     <span class='ocr_line' id='line_1_32' title="bbox 211 3425 2549 3520; baseline -0.002 -19"><span class='ocrx_word' id='word_1_270' title='bbox 211 3434 291 3503; x_wconf 86' lang='grc' dir='ltr'><strong><em>τὸ</em></strong></span> <span class='ocrx_word' id='word_1_271' title='bbox 336 3429 579 3512; x_wconf 87' lang='grc' dir='ltr'><strong><em>ἀδίκως</em></strong></span> <span class='ocrx_word' id='word_1_272' title='bbox 620 3430 1049 3516; x_wconf 82' lang='grc' dir='ltr'><strong><em>κατεχόμενον</em></strong></span> <span class='ocrx_word' id='word_1_273' title='bbox 1094 3425 1658 3518; x_wconf 77' lang='grc' dir='ltr'><strong><em>ἀφαιρεθήσεται,</em></strong></span> <span class='ocrx_word' id='word_1_274' title='bbox 1719 3428 1827 3500; x_wconf 78' lang='grc' dir='ltr'><strong><em>ὅτε</em></strong></span> <span class='ocrx_word' id='word_1_275' title='bbox 1874 3426 1910 3498; x_wconf 82' lang='grc' dir='ltr'><em>ὃ</em></span> <span class='ocrx_word' id='word_1_276' title='bbox 1956 3426 2372 3520; x_wconf 81' lang='grc' dir='ltr'><strong><em>ἀναγραφεὺς</em></strong></span> <span class='ocrx_word' id='word_1_277' title='bbox 2413 3432 2549 3500; x_wconf 79' lang='grc' dir='ltr'><strong><em>δει-</em></strong></span> 
     </span>
     <span class='ocr_line' id='line_1_33' title="bbox 209 3525 2550 3622; baseline -0.001 -18"><span class='ocrx_word' id='word_1_278' title='bbox 209 3534 420 3615; x_wconf 83' lang='grc' dir='ltr'><strong><em>κνύει,</em></strong></span> <span class='ocrx_word' id='word_1_279' title='bbox 481 3560 571 3614; x_wconf 89' lang='grc' dir='ltr'><strong><em>ως</em></strong></span> <span class='ocrx_word' id='word_1_280' title='bbox 626 3534 930 3602; x_wconf 73' lang='grc' dir='ltr'><strong><em>ἐπέκεινα</em></strong></span> <span class='ocrx_word' id='word_1_281' title='bbox 983 3536 1101 3600; x_wconf 84' lang='grc' dir='ltr'><strong><em>τοῦ</em></strong></span> <span class='ocrx_word' id='word_1_282' title='bbox 1158 3535 1597 3620; x_wconf 82' lang='grc' dir='ltr'><strong><em>περιορισμοῧ</em></strong></span> <span class='ocrx_word' id='word_1_283' title='bbox 1654 3540 1907 3618; x_wconf 83' lang='grc' dir='ltr'><strong><em>κατέχει</em></strong></span> <span class='ocrx_word' id='word_1_284' title='bbox 1959 3529 1999 3621; x_wconf 82' lang='grc' dir='ltr'><em>ἦ</em></span> <span class='ocrx_word' id='word_1_285' title='bbox 2042 3532 2209 3622; x_wconf 85' lang='grc' dir='ltr'><strong><em>μονὴ</em></strong></span> <span class='ocrx_word' id='word_1_286' title='bbox 2254 3531 2464 3601; x_wconf 88' lang='grc' dir='ltr'><strong><em>τόπια</em></strong></span> <span class='ocrx_word' id='word_1_287' title='bbox 2504 3525 2550 3622; x_wconf 82' lang='grc' dir='ltr'><em>ἢ</em></span> 
     </span>
     <span class='ocr_line' id='line_1_34' title="bbox 211 3629 2550 3732; baseline -0.002 -28"><span class='ocrx_word' id='word_1_288' title='bbox 211 3642 578 3722; x_wconf 82' lang='grc' dir='ltr'><strong><em>παροίκους</em></strong></span> <span class='ocrx_word' id='word_1_289' title='bbox 632 3630 674 3723; x_wconf 87' lang='grc' dir='ltr'><em>ἢ</em></span> <span class='ocrx_word' id='word_1_290' title='bbox 731 3636 951 3720; x_wconf 76' lang='grc' dir='ltr'><strong><em>ἕτερον</em></strong></span> <span class='ocrx_word' id='word_1_291' title='bbox 1009 3630 1282 3702; x_wconf 82' lang='grc' dir='ltr'><strong><em>δίκαιον.</em></strong></span> <span class='ocrx_word' id='word_1_292' title='bbox 1370 3629 1524 3702; x_wconf 77' lang='grc' dir='ltr'><strong><em>οὐδὲ</em></strong></span> <span class='ocrx_word' id='word_1_293' title='bbox 1566 3634 1689 3721; x_wconf 83' lang='grc' dir='ltr'><strong><em>γὰρ</em></strong></span> <span class='ocrx_word' id='word_1_294' title='bbox 1748 3630 1849 3703; x_wconf 73' lang='grc' dir='ltr'><strong><em>ἐπ’</em></strong></span> <span class='ocrx_word' id='word_1_295' title='bbox 1900 3632 2126 3714; x_wconf 87' lang='grc' dir='ltr'><strong><em>ἀδείας</em></strong></span> <span class='ocrx_word' id='word_1_296' title='bbox 2151 3636 2434 3732; x_wconf 86' lang='grc' dir='ltr'><strong><em>ε’ξουσιν</em></strong></span> <span class='ocrx_word' id='word_1_297' title='bbox 2477 3634 2550 3700; x_wconf 76' lang='grc' dir='ltr'><strong><em>αἱ</em></strong></span> 
     </span>
     <span class='ocr_line' id='line_1_35' title="bbox 208 3729 2549 3825; baseline -0.002 -21"><span class='ocrx_word' id='word_1_298' title='bbox 208 3740 409 3824; x_wconf 78' lang='grc' dir='ltr'><strong><em>μοναὶ</em></strong></span> <span class='ocrx_word' id='word_1_299' title='bbox 455 3736 539 3804; x_wconf 85' lang='grc' dir='ltr'><strong><em>τὰ</em></strong></span> <span class='ocrx_word' id='word_1_300' title='bbox 584 3737 867 3825; x_wconf 87' lang='grc' dir='ltr'><strong><em>σήμερον</em></strong></span> <span class='ocrx_word' id='word_1_301' title='bbox 911 3731 1065 3819; x_wconf 79' lang='grc' dir='ltr'><strong><em>παρ’</em></strong></span> <span class='ocrx_word' id='word_1_302' title='bbox 1115 3731 1331 3802; x_wconf 80' lang='grc' dir='ltr'><strong><em>αὐτῶν</em></strong></span> <span class='ocrx_word' id='word_1_303' title='bbox 1387 3735 1816 3821; x_wconf 87' lang='grc' dir='ltr'><strong><em>κατεχόμενα,</em></strong></span> <span class='ocrx_word' id='word_1_304' title='bbox 1876 3737 2009 3804; x_wconf 74' lang='grc' dir='ltr'><strong><em>εἴτε</em></strong></span> <span class='ocrx_word' id='word_1_305' title='bbox 2053 3736 2367 3820; x_wconf 83' lang='grc' dir='ltr'><strong><em>πάροικοι</em></strong></span> <span class='ocrx_word' id='word_1_306' title='bbox 2420 3729 2549 3801; x_wconf 81' lang='grc' dir='ltr'><strong><em>εἶεν</em></strong></span> 
     </span>
     <span class='ocr_line' id='line_1_36' title="bbox 214 3832 2547 3923; baseline -0.003 -17"><span class='ocrx_word' id='word_1_307' title='bbox 214 3838 351 3907; x_wconf 68' lang='grc' dir='ltr'><strong><em>εἴτε</em></strong></span> <span class='ocrx_word' id='word_1_308' title='bbox 390 3838 598 3905; x_wconf 89' lang='grc' dir='ltr'><strong><em>τόποι</em></strong></span> <span class='ocrx_word' id='word_1_309' title='bbox 641 3839 777 3905; x_wconf 83' lang='grc' dir='ltr'><strong><em>είτε</em></strong></span> <span class='ocrx_word' id='word_1_310' title='bbox 819 3832 1204 3921; x_wconf 81' lang='grc' dir='ltr'><strong><em>αὖτοόργια,</em></strong></span> <span class='ocrx_word' id='word_1_311' title='bbox 1265 3836 1574 3915; x_wconf 77' lang='grc' dir='ltr'><strong><em>ἐπαύξειν</em></strong></span> <span class='ocrx_word' id='word_1_312' title='bbox 1628 3839 1737 3903; x_wconf 81' lang='grc' dir='ltr'><strong><em>καὶ</em></strong></span> <span class='ocrx_word' id='word_1_313' title='bbox 1784 3836 1877 3914; x_wconf 79' lang='grc' dir='ltr'><strong><em>εἷς</em></strong></span> <span class='ocrx_word' id='word_1_314' title='bbox 1920 3835 2322 3923; x_wconf 84' lang='grc' dir='ltr'><strong><em>πληθυσμὸν</em></strong></span> <span class='ocrx_word' id='word_1_315' title='bbox 2367 3859 2547 3919; x_wconf 86' lang='grc' dir='ltr'><strong><em>αγειν</em></strong></span> 
     </span>
     <span class='ocr_line' id='line_1_37' title="bbox 212 3933 2550 4028; baseline -0.002 -21"><span class='ocrx_word' id='word_1_316' title='bbox 212 3940 512 4007; x_wconf 80' lang='grc' dir='ltr'><strong><em>πλείονα.</em></strong></span> <span class='ocrx_word' id='word_1_317' title='bbox 602 3938 776 4028; x_wconf 84' lang='grc' dir='ltr'><strong><em>πλὴν</em></strong></span> <span class='ocrx_word' id='word_1_318' title='bbox 847 3940 926 4025; x_wconf 86' lang='grc' dir='ltr'><strong><em>τῇ</em></strong></span> <span class='ocrx_word' id='word_1_319' title='bbox 998 3937 1267 4024; x_wconf 82' lang='grc' dir='ltr'><strong><em>τοιαύτῃ</em></strong></span> <span class='ocrx_word' id='word_1_320' title='bbox 1341 3936 1686 4025; x_wconf 79' lang='grc' dir='ltr'><strong><em>προφάσει</em></strong></span> <span class='ocrx_word' id='word_1_321' title='bbox 1741 3933 1857 4003; x_wconf 79' lang='grc' dir='ltr'><strong><em>οὐκ</em></strong></span> <span class='ocrx_word' id='word_1_322' title='bbox 1912 3936 2171 4016; x_wconf 74' lang='grc' dir='ltr'><strong><em>ἐξέσται</em></strong></span> <span class='ocrx_word' id='word_1_323' title='bbox 2224 3933 2550 4022; x_wconf 88' lang='grc' dir='ltr'><strong><em>πράκτορι</em></strong></span> 
     </span>
     <span class='ocr_line' id='line_1_38' title="bbox 210 4031 2551 4130; baseline -0.002 -21"><span class='ocrx_word' id='word_1_324' title='bbox 210 4037 257 4130; x_wconf 83' lang='grc' dir='ltr'><em>ἢ</em></span> <span class='ocrx_word' id='word_1_325' title='bbox 316 4037 685 4130; x_wconf 84' lang='grc' dir='ltr'><strong><em>ἀναγραφεῖ</em></strong></span> <span class='ocrx_word' id='word_1_326' title='bbox 739 4039 1079 4127; x_wconf 74' lang='grc' dir='ltr'><strong><em>οἶῳδήτινι</em></strong></span> <span class='ocrx_word' id='word_1_327' title='bbox 1129 4032 1173 4127; x_wconf 81' lang='grc' dir='ltr'><em>ἢ</em></span> <span class='ocrx_word' id='word_1_328' title='bbox 1226 4036 1545 4106; x_wconf 86' lang='grc' dir='ltr'><strong><em>καπνικὸν</em></strong></span> <span class='ocrx_word' id='word_1_329' title='bbox 1583 4032 1633 4127; x_wconf 84' lang='grc' dir='ltr'><em>ἢ</em></span> <span class='ocrx_word' id='word_1_330' title='bbox 1671 4044 2084 4123; x_wconf 86' lang='grc' dir='ltr'><strong><em>μετρητίκιον</em></strong></span> <span class='ocrx_word' id='word_1_331' title='bbox 2126 4031 2170 4124; x_wconf 85' lang='grc' dir='ltr'><em>ἢ</em></span> <span class='ocrx_word' id='word_1_332' title='bbox 2212 4035 2431 4122; x_wconf 71' lang='grc' dir='ltr'><strong><em>ἕτερόν</em></strong></span> <span class='ocrx_word' id='word_1_333' title='bbox 2481 4062 2551 4105; x_wconf 89' lang='grc' dir='ltr'><strong><em>τι</em></strong></span> 
     </span>
     <span class='ocr_line' id='line_1_39' title="bbox 213 4133 2549 4241; baseline -0.002 -30"><span class='ocrx_word' id='word_1_334' title='bbox 213 4137 664 4241; x_wconf 72' lang='grc' dir='ltr'><strong><em>ἀναγραφικον</em></strong></span> <span class='ocrx_word' id='word_1_335' title='bbox 705 4136 749 4230; x_wconf 83' lang='grc' dir='ltr'><em>ἢ</em></span> <span class='ocrx_word' id='word_1_336' title='bbox 790 4137 1228 4228; x_wconf 75' lang='grc' dir='ltr'><strong><em>πρακτορικὸν</em></strong></span> <span class='ocrx_word' id='word_1_337' title='bbox 1274 4138 1703 4228; x_wconf 82' lang='grc' dir='ltr'><strong><em>φορολόγημα</em></strong></span> <span class='ocrx_word' id='word_1_338' title='bbox 1748 4133 1887 4206; x_wconf 90' lang='grc' dir='ltr'><strong><em>ἀπὸ</em></strong></span> <span class='ocrx_word' id='word_1_339' title='bbox 1930 4140 2061 4204; x_wconf 81' lang='grc' dir='ltr'><strong><em>τῶν</em></strong></span> <span class='ocrx_word' id='word_1_340' title='bbox 2099 4133 2549 4228; x_wconf 86' lang='grc' dir='ltr'><strong><em>ὖποκειμένων</em></strong></span> 
     </span>
    </p>
   </div>
   <div class='ocr_carea' id='block_1_4' title="bbox 346 4357 1276 4441">
    <p class='ocr_par' dir='ltr' id='par_1_5' title="bbox 346 4357 1276 4441">
     <span class='ocr_line' id='line_1_40' title="bbox 346 4357 1276 4441; baseline -0.01 -22"><span class='ocrx_word' id='word_1_341' title='bbox 346 4363 389 4394; x_wconf 82' lang='lat'><strong><em>¹⁸</em></strong></span> <span class='ocrx_word' id='word_1_342' title='bbox 422 4366 496 4419; x_wconf 79' lang='grc' dir='ltr'><strong><em>ΔΙ.</em></strong></span> <span class='ocrx_word' id='word_1_343' title='bbox 533 4358 565 4427; x_wconf 80' lang='grc' dir='ltr'><strong><em>ἢ</em></strong></span> <span class='ocrx_word' id='word_1_344' title='bbox 601 4360 768 4441; x_wconf 56' lang='grc' dir='ltr'><strong><em>ἑτέρῳ</em></strong></span> <span class='ocrx_word' id='word_1_345' title='bbox 805 4360 913 4415; x_wconf 80' lang='grc' dir='ltr'><strong><em>τινὶ</em></strong></span> <span class='ocrx_word' id='word_1_346' title='bbox 946 4357 1276 4434; x_wconf 77' lang='grc' dir='ltr'><strong><em>ἒνεργοῦντι.</em></strong></span> 
     </span>
    </p>
   </div>
  </div>
 </body>
</html>
