2900 4950
1105 261 1224 325 lmp.
1263 260 1428 311 isoncii
1468 260 1645 322 Angell.
2412 254 2528 316 531

203 408 461 470 cundum
508 428 818 471 numerum
865 410 1233 472 inventorum
1279 410 1688 472 veneticorum
1746 430 1881 472 cum
1924 420 1983 472 et
2027 413 2330 503 maluit’esta
2376 437 2535 497 roga.

202 510 615 571 Verumtamen
661 530 780 572 non
826 518 1110 590 cogentur
1150 511 1368 590 galleas
1411 511 1639 590 ingredi
1686 511 1885 590 viginti
1929 530 2219 574 annorum
2267 516 2536 581 homines

202 619 263 672 et
305 610 475 684 infra,
521 630 714 690 neque
759 612 1055 691 sexaginta
1101 631 1390 674 annorum
1437 623 1499 674 et
1541 613 1711 674 ultra.

373 711 572 773 Stolus
617 722 809 774 autem
856 722 1060 774 noster
1101 714 1470 793 capitaneum
1518 714 1987 793 vel'capitaneos
2017 715 2324 778 veneticos
2366 718 2537 782 debet

204 812 454 884 babere,
513 812 613 892 qui
670 822 728 874 et
777 812 979 892 jurare
1036 814 1286 888 debent,
1347 816 1503 895 quod
1564 816 1896 877 conducent
1953 835 2085 877 eum
2133 818 2202 878 ad
2249 819 2536 882 honorem

203 913 441 992 Imperii
483 932 690 979 eorum
736 925 796 975 et
838 914 1083 976 salutem
1132 916 1316 976 nostri
1373 916 1508 976 stoli
1558 917 1712 978 bona
1757 916 1873 977 fide
1917 926 1976 978 et
2018 918 2148 978 sine
2190 920 2395 981 fraude
2442 941 2539 983 us·

202 1033 319 1093 que
363 1015 438 1075 ad
482 1014 697 1075 stolum
742 1014 1105 1076 celsitudinis
1150 1035 1374 1077 eorum.
1466 1018 1539 1079 Et
1584 1019 1633 1078 si
1693 1018 1877 1079 stolus
1934 1029 2165 1094 noster,
2222 1002 2537 1101 antequam

195 1114 438 1193 -lmperii
482 1133 685 1176 eorum
731 1116 882 1176 stolo
929 1116 1179 1189 uniatur,
1225 1117 1480 1197 aliquem
1528 1118 1741 1179 stolum
1787 1119 2005 1181 inimici
2051 1121 2284 1199 Imperii
2331 1142 2535 1186 eorum

201 1215 518 1287 invenerit,
579 1225 639 1276 et
680 1235 815 1277 eum
860 1217 1160 1277 offendere
1205 1218 1294 1278 vel
1350 1236 1687 1298 expugnare
1733 1218 2007 1292 voluerit,
2067 1221 2237 1281 saciet
2278 1223 2365 1282 sic
2407 1224 2537 1285 siue

201 1317 408 1377 fraude
450 1326 510 1377 et
551 1317 706 1377 malo
749 1316 985 1395 ingenio
1030 1318 1245 1397 aliquo.
1336 1319 1652 1398 Postquam
1700 1338 1834 1380 vero
1891 1320 2077 1381 stolus
2134 1333 2337 1383 noster
2385 1323 2536 1385 stolo

202 1417 527 1497 Imperialis
571 1417 933 1479 celsitudinis
977 1420 1177 1481 unitus
1222 1421 1425 1494 fuerit,
1486 1420 1704 1481 debent
1747 1422 2042 1482 numerari
2090 1422 2389 1496 homines,
2436 1425 2534 1504 qui

200 1500 490 1597 in'galeis
535 1528 739 1589 erunt,
798 1539 831 1580 a
876 1520 1183 1599 capitaneo
1227 1520 1362 1582 stoli
1405 1520 1641 1600 Imperii
1688 1540 1923 1595 eorum,
1982 1523 2029 1582 si
2087 1523 2214 1602 ipse
2260 1524 2533 1586 voluerit:

201 1630 262 1682 et
305 1620 523 1680 inventi
570 1621 806 1699 quidem
853 1631 1028 1682 eruut
1057 1621 1116 1680 in
1150 1622 1385 1682 servitio
1416 1621 1780 1682 celsitudinis
1811 1641 2047 1698 eorum3
2092 1625 2368 1687 absentes
2397 1646 2536 1689 vero

198 1722 352 1782 bona
400 1721 514 1781 fide
558 1721 922 1783 festinabunt
969 1722 1263 1800 reperire,
1320 1724 1369 1784 si
1415 1734 1694 1802 possunt,
1753 1740 2182 1805 numerumque
2237 1727 2532 1807 supplere.

201 1822 453 1901 Insuper
494 1822 839 1901 capitaneus
881 1822 971 1882 vel
1016 1822 1309 1901 capitanei
1355 1823 1541 1883 nostri
1584 1822 1717 1884 stoli
1764 1834 1823 1885 et
1866 1826 2110 1887 comites
2154 1836 2213 1887 et
2255 1828 2533 1889 nauclerii

196 1934 257 1984 et
299 1924 626 2002 prodenses
672 1932 731 1982 et
772 1922 1079 1982 decemviri
1140 1922 1213 1981 de
1271 1941 1621 2003 unaquaque
1666 1922 1960 2000 galearum
2005 1926 2321 2005 jurabunt,
2377 1930 2534 2007 quod

200 2033 481 2103 precepto
525 2023 814 2100 capitanei
860 2023 991 2083 stoli
1042 2023 1419 2101 lmperatorie
1466 2022 1790 2101 majestatis
1834 2026 2111 2087 obedient
2138 2029 2212 2088 ad
2248 2029 2536 2092 bonorem

198 2124 433 2203 Imperii
480 2142 683 2184 eorum
730 2133 789 2183 et
830 2122 1077 2184 salutem
1125 2123 1310 2185 nostri
1357 2122 1511 2193 stoli,
1557 2123 1685 2185 sine
1715 2125 1919 2186 fraude
1964 2137 2023 2187 et
2065 2127 2219 2188 malo
2266 2129 2533 2208 ingenio;

196 2236 260 2287 et.
301 2226 457 2303 quod
505 2242 621 2285 una
666 2242 797 2285 cum
845 2224 996 2285 stolo
1039 2225 1275 2304 Imperii
1322 2244 1527 2285 eorum
1575 2237 2007 2305 persequentur
2050 2228 2263 2291 stolum
2309 2230 2534 2293 inimici

195 2326 521 2406 majestatis
564 2345 788 2400 eorum,
833 2326 953 2387 sive
999 2325 1271 2388 Cristiani
1317 2326 1435 2387 sint
1486 2327 1606 2389 sive
1651 2328 1863 2406 pagani
1879 2314 1911 2402 ‚²
1955 2339 2013 2389 et
2064 2329 2266 2393 ledent
2321 2344 2383 2393 et
2438 2351 2536 2394 cx-

197 2427 543 2508 pugnabunt
586 2446 720 2488 eum
766 2436 826 2489 et
868 2426 1189 2507 expellent,
1247 2429 1622 2509 inserentque
1671 2428 1722 2490 ei
1769 2427 1985 2490 malum
2033 2432 2188 2510 quod
2237 2444 2531 2512 poterunt,

195 2530 350 2590 bona
395 2529 529 2600 fide,
573 2529 705 2590 sine
749 2530 953 2589 fraude
998 2536 1058 2590 et
1102 2529 1254 2594 malo
1298 2530 1566 2609 ingenio,
1614 2541 1672 2591 et
1714 2530 2144 2610 impugnabunt
2186 2553 2340 2608 eum,
2389 2555 2535 2616 quo—

195 2649 384 2710 usque
429 2640 489 2691 et.
531 2629 718 2691 stolus
763 2630 1141 2710 Imperatorie
1196 2631 1570 2693 sublimitatis
1626 2649 1761 2692 eum
1807 2633 2174 2713 impugnabit
2218 2636 2370 2698 bona
2418 2639 2532 2701 ude

196 2740 256 2791 et
300 2730 428 2791 sine
473 2731 695 2791 l'raude.
784 2730 860 2791 Et
901 2732 951 2792 si
996 2732 1248 2810 aliquam
1295 2743 1584 2794 terrarum
1641 2732 1862 2793 inimici
1907 2734 2142 2814 Imperii
2188 2757 2391 2799 eorum
2437 2759 2534 2801 ce-

197 2831 425 2909 perint,
482 2830 764 2890 debemus
809 2831 868 2890 in
914 2850 980 2891 ea
1027 2831 1245 2892 babere
1303 2832 1641 2905 ecclesiam,
1701 2832 1996 2895 embolum
2053 2846 2112 2910 et
2166 2838 2419 2913 scalam,
2474 2852 2534 2903 et

195 2931 530 2991 conversari
575 2930 705 2991 sine
733 2931 895 2991 omni
925 2931 1182 2991 datione.
1272 2934 1684 2993 Verumtamen
1717 2933 1904 2994 stolus
1933 2936 2296 2998 celsitudinis
2326 2957 2530 3002 eorum

193 3031 372 3093 debet
416 3040 612 3090 tantus
657 3050 821 3100 esse,
887 3042 1141 3109 quantus
1183 3040 1244 3093 et
1291 3043 1495 3093 noster
1535 3043 1654 3104 est,
1714 3034 1801 3092 vel
1857 3035 2124 3113 amplior.
2216 3038 2537 3118 Postquam

195 3150 332 3193 vero
377 3129 714 3210 hujusmodi
761 3131 1058 3193 servitium
1093 3132 1327 3212 imperii
1359 3152 1564 3193 eorum
1601 3135 1953 3213 peregerint,
2001 3136 2218 3198 debent
2248 3140 2321 3199 de
2351 3140 2532 3218 galeis

194 3233 450 3313 egressis
495 3233 732 3292 Venetia
782 3241 865 3293 tot
908 3232 978 3292 ad
1026 3252 1192 3294 suam
1237 3234 1461 3296 habene
1498 3235 1928 3309 reversionem,
1991 3246 2134 3315 quot
2188 3239 2273 3299 eis
2327 3259 2532 3302 neces-

189 3335 347 3398 sarie
392 3342 567 3395 eiunt
609 3333 1026 3394 conuenienter
1070 3345 1128 3395 et
1172 3334 1300 3396 sine
1345 3335 1570 3410 fraude,
1616 3335 1769 3396 bona
1819 3338 1952 3397 tide.

365 3436 579 3509 ltem,
651 3444 962 3513 postquam
1022 3435 1356 3514 hujusmodi
1414 3436 1579 3515 galee
1635 3438 1934 3499 Venetiam
2003 3438 2408 3519 pervenerint,
2478 3441 2530 3504 si

195 3536 508 3616 Imperium
555 3554 760 3596 eorum
805 3535 1052 3597 voluerit
1095 3556 1195 3598 eas
1237 3537 1448 3599 iterum
1497 3557 1528 3598 a
1576 3539 1866 3600 veneticis
1921 3540 1981 3600 in
2038 3541 2382 3602 Romaniam
2434 3561 2531 3605 re-

192 3638 356 3710 duci,
416 3621 801 3710 reducentum
853 3648 913 3699 et
956 3640 1362 3718 unusquisque
1406 3660 1645 3715 eorum,
1692 3641 1792 3720 qui
1834 3660 1937 3702 eas
1982 3642 2296 3717 reducent,
2356 3644 2532 3706 debet

191 3738 408 3800 babere
451 3757 560 3818 pro
607 3738 876 3798 mercede
920 3739 1010 3813 id,
1068 3741 1225 3819 quod
1273 3741 1447 3802 suerit
1503 3743 1858 3803 conveniens
1902 3744 2226 3804 secundum
2272 3752 2536 3822 tempus..

193 3839 256 3900 Si
314 3848 509 3901 autem
567 3839 944 3917 lmperatoria
1003 3840 1288 3901 celsitudo
1344 3861 1451 3919 pei·
1506 3842 1652 3902 alias
1707 3861 1995 3921 personas
2054 3844 2141 3903 vel
2197 3859 2307 3922 per
2355 3843 2527 3904 aliam

191 3939 448 4020 aliquam
503 3939 1004 4020 dispensationem
1062 3940 1309 4001 voluerit
1369 3941 1709 4020 hujusmodi
1773 3941 2069 4019 galearum
2129 3944 2527 4008 reversionem

192 4042 321 4102 fieri
377 4043 436 4104 in
495 4051 712 4104 terram
758 4041 994 4120 Imperii
1051 4059 1287 4114 eorum,
1347 4043 1449 4103 fiet
1502 4051 1562 4103 et
1618 4042 1955 4121 hujusmodi
2013 4062 2214 4104 earum
2270 4046 2527 4107 reversio

192 4141 365 4204 licite.
452 4142 527 4204 Et
570 4144 618 4203 si
664 4142 909 4204 voluerit
951 4161 1052 4202 eas
1095 4143 1333 4203 Venetie
1378 4142 1691 4216 custodiri,
1752 4143 2156 4205 custodientur
2210 4146 2281 4206 ad
2340 4145 2527 4207 bono-

191 4260 318 4302 rem
365 4240 597 4321 Imperii
642 4263 878 4317 eorum,
937 4263 1006 4305 ac
1054 4243 1103 4304 si
1150 4252 1348 4305 essent
1395 4243 1630 4323 proprie
1674 4244 1943 4318 venetie,
2001 4246 2104 4305 sed
2150 4255 2345 4308 tamen
2390 4267 2524 4310 cum

190 4341 481 4422 Imperiali
529 4362 804 4424 expensa·

2009 4447 2073 4499 34
2088 4447 2119 4481 ¹⁸¹
