2900 4950
331 125 412 184 54
1102 133 1220 185 cou.
1261 134 1294 182 ι.
1366 132 1479 182 Nov.
1517 134 1666 182 xxvu.
1701 132 1876 181 xxvu.

335 278 473 351 ἀπὸ
519 276 755 365 ἀνδρὸς
795 280 885 366 μὴ
926 280 1361 364 χωρισθῆναι,
1406 276 1567 356 ,,ἒὰν
1600 278 1672 344 δὲ
1709 274 1818 343 καὶ
1858 279 2185 363 χωρισθῇ,
2232 282 2482 360 μενέτω
2513 272 2685 362 ἄγα-

334 390 521 469 μος“,
567 378 607 468 ἡ
654 375 1061 466 ἀποστολικὴ
1104 381 1441 464 παρεγγυᾷ
1484 375 1723 464 γραφή.
1816 366 1893 443 οὗ
1932 377 2123 462 χάριν
2169 379 2346 443 πᾶσι
2394 376 2686 462 τρόποις

338 481 734 567 ἀπείργομεν
777 480 931 558 τοὺς
973 477 1316 556 τοιούτους
1358 477 1531 562 πρὸς
1576 477 1837 562 ἑτέρους
1880 480 2204 564 φοιτῆσαι
2243 477 2514 562 γάμους,
2567 480 2686 544 καὶ

339 584 411 650 οἵ
460 607 533 667 γε
585 585 820 647 τοῦτον
877 581 1219 665 τολμηρῶς
1274 584 1801 664 παραβαίνοντες
1851 577 2029 644 τὸν32
2090 577 2296 661 νόμον
2346 581 2455 645 καὶ
2509 575 2686 661 μετὰ

337 683 454 768 τὴν
486 680 783 769 ἀλλήλων
816 680 1138 759 διάζευξιν
1183 680 1402 762 ἕτερον
1433 674 1725 763 ἁρμόσαι
1755 677 2237 762 ἐπιχειροῦντες
2269 685 2683 745 συνοικέσιον

337 795 488 861 ταῖς
530 779 949 866 πρεπούσαις
990 760 1584 866 ὖποβληθῆσονται
1627 790 1917 857 ποιναῖς.
1996 775 2031 843 ὃ
2072 781 2193 862 μὲν
2222 777 2345 863 γὰρ
2375 782 2687 857 τοιοῦτος

339 882 729 968 παράνομος
774 879 1254 967 διαλυθήσεται
1295 880 1505 965 γάμος
1547 882 1654 945 καὶ
1701 874 1996 963 ἀθέμιτα
2035 878 2121 946 τὰ
2165 879 2237 958 ἐξ
2278 873 2479 944 αὐτοῦ
2511 903 2688 964 προ-

340 983 551 1069 βάντα
591 988 783 1048 τέκνα
826 980 1363 1066 λογισθήσονται,
1411 974 1597 1046 αὐτοὶ
1646 980 1717 1046 δὲ
1758 984 1838 1066 τῇ
1871 980 2177 1047 ἑπταετεῖ
2208 980 2430 1066 ἑξορίᾳ
2459 1005 2687 1065 παρα-

343 1083 885 1171 πεμφθήσονται,
932 1081 1048 1167 τὴν
1090 1079 1146 1166 γ’
1192 1092 1433 1166 μοῖραν
1478 1083 1594 1166 τῆς
1638 1079 1887 1146 ἑαυτῶν
1917 1086 2310 1166 περιουσίας
2354 1080 2421 1147 ἐν
2453 1079 2690 1167 χρήσει

341 1184 547 1270 μόνον
602 1183 1049 1267 κομιζόμενοι,
1112 1181 1229 1270 τὴν
1285 1183 1356 1249 δὲ
1410 1179 1762 1267 κυριότητα
1815 1190 1961 1258 τοῖς
2004 1180 2072 1247 ἐκ
2115 1185 2413 1265 νομίμων
2455 1181 2687 1267 γάμων

347 1282 576 1363 αὐτοῖς
621 1287 1086 1370 συντηροῦντες
1128 1290 1399 1350 παισίν·
1448 1281 1508 1349 εἷ
1534 1281 1656 1367 γὰρ
1688 1283 1940 1360 παῖδας
1970 1276 2086 1363 οὐχ
2115 1282 2391 1362 ἕξουσιν,
2439 1278 2481 1370 ἢ
2512 1278 2687 1365 εἶχον

346 1388 497 1470 μὲν,
568 1384 991 1471 ἐτελεύτησαν
1056 1385 1160 1463 δὲ,
1230 1382 1458 1451 ἄδειαν
1523 1383 1847 1465 ἐχέτωσαν
1905 1383 1997 1460 εἰς
2059 1380 2102 1448 ἃ
2159 1377 2238 1449 ἂν
2291 1385 2691 1471 βουληθῶσι

348 1485 689 1571 πρόσωπα
742 1483 982 1570 ταύτην
1039 1491 1550 1570 παραπέμπειν,
1614 1485 1671 1551 εἰ
1725 1483 1929 1569 μήπω
1984 1485 2085 1562 τὶς
2141 1483 2358 1568 ἕτερος
2401 1482 2604 1567 νόμος
2650 1479 2688 1549 ὃ

347 1585 614 1653 κωλύων
661 1592 929 1672 φανείη·
976 1584 1477 1672 ὖφεξῃρημένων
1524 1584 1768 1672 δηλαδὴ
1812 1588 1927 1670 τῆς
1962 1582 2272 1670 τοιαύτης
2301 1587 2691 1670 φιλοτιμίας

347 1689 481 1753 τῶν
527 1681 898 1770 ἀθέσμως33
942 1680 1169 1764 αὐτοῖς
1212 1687 1596 1753 ἑνωθέντων
1651 1685 1823 1771 πρὸς
1875 1684 2084 1771 γάμον
2129 1687 2240 1752 καὶ
2280 1688 2413 1751 τῶν
2459 1685 2529 1765 ἐξ
2570 1681 2690 1751 αύ-

349 1791 482 1853 τῶν
526 1786 931 1872 παρανόμων
955 1793 1214 1867 τέκνων,
1262 1783 1353 1866 ὥς
1394 1792 1799 1874 προέφημεν.
1868 1788 1938 1853 αἱ
1983 1788 2110 1853 632³*
2153 1788 2388 1853 λοιπαὶ
2432 1785 2488 1872 η’
2539 1781 2691 1871 0:³27-

351 1893 492 1972 γίαι
534 1885 685 1975 ἤτοι
725 1887 803 1953 τὸ
849 1889 1150 1973 δίμοιρον
1192 1895 1419 1975 μέρος,
1491 1889 1549 1955 εἰ
1604 1890 1724 1972 μὲν
1777 1894 2083 1975 γνησίους
2139 1887 2359 1971 ἔχουσι
2413 1887 2687 1967 παῖδας,

349 1987 612 2067 τούτοις
668 1988 1376 2074 παρανεμηθήσονται·
1445 1990 1687 2068 οἵτινες
1753 1989 1988 2069 ζῶντες
2040 1990 2160 2074 μὲν
2213 1993 2329 2077 τῆς
2380 1987 2691 2075 τοιαύτης

352 2081 872 2157 ἀπολαυέτωσαν
927 2097 1349 2175 περιουσίας,
1409 2091 1838 2168 τελευτῶντες
1894 2091 1965 2156 δὲ
2023 2091 2117 2169 εἰς
2170 2088 2284 2155 τὸν
2342 2088 2688 2174 ἄμεμπτον

349 2192 601 2274 γονέα35
643 2189 883 2275 ταύτην
928 2197 1584 2277 παραπεμπέτωσαν,
1634 2192 1824 2276 εἴπερ
1869 2187 1999 2274 ἄρα
2043 2191 2148 2277 ζῇ·
2207 2190 2266 2257 εἰ
2323 2191 2395 2256 δέ
2435 2215 2509 2276 γε
2551 2189 2691 2257 ἐτε-

353 2288 687 2377 λεύτησεν,
752 2287 1050 2378 ἀλλήλων
1097 2293 1635 2375 διαδεχέσθωσαν
1678 2291 1796 2379 τὴν
1839 2291 2273 2376 κληρονομίαν
2320 2291 2386 2357 οἱ
2425 2291 2686 2370 παῖδες,
2787 2318 2795 2325 ·

351 2392 554 2478 μηδὲν
600 2391 671 2471 ἐξ
713 2386 912 2477 αὐτῆς
942 2394 1395 2479 κερδαίνοντος
1422 2396 1542 2459 τοῦ
1573 2395 1666 2478 τῶ
1697 2397 2071 2477 πταίσματι
2099 2390 2691 2478 περιπεπτωκότας

352 2498 625 2578 γονέως..
697 2493 866 2578 μετὰ
910 2496 981 2562 δὲ
1024 2494 1141 2583 τὴν
1185 2494 1454 2562 πάντων
1500 2489 1714 2562 αὐτῶν
1760 2488 2136 2578 ἀποβίωσιν
2182 2493 2276 2571 εἰς
2327 2493 2481 2572 τοὺς
2535 2517 2691 2578 συγ-

352 2603 562 2678 γενεῖς
615 2598 733 2660 τοῦ
791 2590 1140 2679 ἀμέμπτου
1194 2602 1434 2682 μέρους
1498 2590 1536 2682 ἡ
1607 2596 2007 2681 κληρονομία
2062 2592 2414 2661 ἐλεύσεται.
2503 2593 2563 2661 εἰ
2617 2594 2691 2662 δὲ

354 2697 462 2760 καὶ
508 2694 643 2780 πρὸ
687 2698 820 2761 τῶν
864 2698 1128 2763 παίδων
1171 2702 1485 2783 τέθνηκεν
1544 2690 1580 2760 ὃ
1623 2697 1718 2781 τῶ
1778 2693 2120 2781 σφάλματι
2162 2694 2691 2782 περιπεπτωκὼς

355 2794 609 2880 γονεὺς,
667 2796 819 2863 τότε
860 2796 976 2884 τὴν
1023 2791 1222 2882 αὐτὴν
1264 2802 1657 2880 περιουσίαν
1705 2796 1768 2862 οἱ
1815 2795 1887 2876 ἐξ
1939 2796 2257 2882 ἑκατέρων
2301 2800 2433 2862 τῶν
2474 2799 2688 2880 μερῶν

355 2901 593 2982 γένους
622 2896 895 2988 νόμιμοι
935 2895 1329 2985 κληρονόμοι
1369 2899 1771 2983 μεριοῢνται.
1861 2896 1919 2963 εἰ
1959 2899 2080 2982 μὲν
2125 2887 2239 2964 οὖν
2282 2896 2350 2964 ἐκ
2391 2899 2688 2980 θεμιτῶν

358 2995 585 3082 γάμων
630 2999 882 3076 παῖδας
927 2999 1204 3079 ἓχοιενῧθ,
1250 3001 1486 3066 τοῦτον
1527 3001 1967 3066 τετυπῶσθαι
2007 2998 2123 3064 τὸν
2155 2996 2425 3084 τρόπον.
2516 2997 2576 3064 εἰ
2618 2998 2690 3063 δὲ

359 3095 644 3176 ἄπαιδες
675 3094 857 3175 ὄντες
885 3096 1292 3182 τυγχάνουσι,
1325 3106 1868 3187 πιπρασκομένης
1905 3103 2022 3186 τῆς
2048 3098 2320 3165 τοιᾶσδε
2348 3093 2692 3181 ὑπάρξεως

360 3198 456 3277 εἷς
497 3195 827 3285 πτωχικὴν
870 3201 1161 3285 χωρῆσαι
1204 3200 1528 3269 διάδοσιν.
1594 3202 1653 3268 εἰ
1698 3203 1769 3268 δὲ
1798 3200 1964 3286 μετὰ
1991 3199 2107 3283 τὴν
2131 3201 2247 3284 τῆς
2276 3197 2690 3275 ἑπταετοῦς37

362 3299 620 3383 ἐξορίας
665 3298 1139 3383 συμπλήρωσιν
1194 3300 1282 3387 μὴ
1342 3305 1839 3389 σωφρονοῦντες
1895 3289 2099 3377 αὖθις
2151 3294 2463 3381 καθάπερ
2520 3295 2688 3363 κύων

362 3399 476 3466 ἐπὶ
520 3397 634 3464 τὸν
679 3399 853 3464 ἰ’διον
909 3397 1137 3482 ἑμετὸν
1194 3399 1657 3468 ἐπανέλθωσιν
1715 3396 1886 3466 ὥστε
1940 3399 2198 3484 ἑτέρους
2258 3401 2691 3485 συγκροτῆσαι

359 3498 626 3585 γάμους,
676 3498 984 3584 διηνεκῶς
1027 3498 1570 3583 ἑξοριζέσθωσαν.
1658 3503 1763 3567 καὶ
1809 3502 1964 3584 περὶ
2007 3500 2127 3583 μὲν
2169 3502 2302 3565 τῶν
2344 3498 2510 3566 κατὰ
2539 3522 2689 3566 συν-

366 3599 674 3683 αίρεσινπ
730 3599 1181 3667 διαλυσάντων
1235 3603 1341 3666 καὶ
1401 3604 1702 3687 φανερῶς
1758 3601 1851 3680 εἷς
1915 3598 2183 3686 δεύτερα
2234 3600 2688 3668 συνελθόντων

364 3704 739 3766 συνοικέσια
780 3703 989 3767 ταῦτα
1027 3697 1186 3787 ἡμῖν
1227 3706 1692 3768 τεθέσπισται.
1782 3701 1841 3769 εἰ
1885 3703 1957 3768 δέ
1998 3725 2069 3786 γε
2109 3700 2197 3790 μὴ
2241 3704 2542 3788 φανερῶς
2582 3703 2690 3768 καὶ

364 3794 807 3884 ἀναισχύντως
849 3800 1022 3888 πρὸς
1061 3801 1274 3887 γάμου
1315 3807 1663 3870 κοινωνίαν
1708 3801 2068 3888 ἐρχόμενοι,
2129 3803 2413 3890 αἰσχρῶς
2458 3804 2529 3869 δὲ
2582 3805 2686 3868 καὶ

499 4051 537 4079 ³²
571 4055 810 4105 Articulus
846 4057 893 4105 in
932 4057 1050 4108 Cod.
1085 4057 1237 4107 deest.
1372 4054 1411 4084 ³³
1446 4057 1563 4109 Cod.
1600 4058 1647 4107 in
1686 4072 1830 4120 marg.
1867 4050 2101 4123 ἀνόμως.
2244 4056 2284 4085 ⁸⁴
2319 4060 2382 4108 Ex
2420 4059 2687 4122 conjectura

367 4138 508 4188 addo,
644 4136 682 4165 ³⁵
721 4140 789 4190 Cf.
827 4150 924 4193 not.
968 4140 1027 4191 18
1064 4154 1223 4203 supra.
1358 4137 1399 4167 ³⁸
1437 4141 1554 4191 Cod.
1588 4134 1747 4207 ἔχειν.
1897 4138 1935 4168 ⁸⁷
1972 4141 2087 4190 Cod.
2124 4135 2226 4201 τὴν
2257 4135 2544 4190 ἑπταετίαν
2578 4138 2680 4199 τῆς.

365 4219 405 4249 ³⁰
442 4223 580 4273 Forte
615 4220 942 4274 συναίνεσιν.
