2900 4950
281 209 285 214 '
339 215 471 299 '432
941 266 948 273 .
1204 225 1322 276 con.
1359 226 1431 275 ιν.
1505 224 1621 275 Now.
1657 224 1828 275 mu.

346 373 614 463 γαρίτην
672 373 786 440 διὰ
839 377 1112 459 πρᾶγμα
1163 372 1581 460 φαυλότατόν
1622 398 1697 440 τε
1739 375 1851 441 καὶ
1897 369 2206 459 φθαρτὸν
2250 373 2363 437 καὶ
2403 373 2522 439 τοῦ
2565 398 2711 460 μη-

349 475 536 555 δενὸς
590 473 912 553 πολλάκις
963 474 1368 558 τιμώμενον·
1394 468 1468 594 fl
1522 473 1633 541 καὶ
1676 472 1842 542 κατὰ
1883 472 2039 550 τοὺς
2081 473 2453 552 λυττῶντας
2498 467 2705 541 ἀναι-

349 579 489 656 δεῖς
541 580 673 643 τῶν
726 579 936 642 κυνῶν
991 578 1108 662 τῆς
1148 579 1465 662 μυστικῆς
1506 575 1833 701 τραπέζης
1875 570 2265 660 ἀδιαφόρως
2312 574 2707 642 καθάλλον-

347 705 477 758 ται,
537 681 645 744 καὶ
693 676 861 744 κατὰ
903 676 1017 742 τὸν
1060 682 1290 796 μέγανω
1307 671 1686 744 ἀπόστολον
1731 676 1825 755 εἷς
1867 682 2067 762 κρίμα
2112 675 2376 767 ἑαυτοῖς
2417 678 2523 742 καὶ
2569 676 2700 743 τοῦ

349 786 671 866 ποτηρίου
729 782 957 846 σπῶσι
1010 783 1119 844 καὶ
1173 781 1290 843 τοῦ
1354 776 1557 863 ἄρτου
1619 776 1986 844 ἐσθίουσιν.
2077 770 2238 862 ὁρᾷς
2282 772 2446 843 όποι
2488 781 2698 844 κακοῦ

345 905 499 959 τους
552 884 683 947 τῶν
735 874 1119 965 ἀνθρώπιον
1177 879 1461 945 διαδικα
1445 884 1754 962 ζομένους
1812 876 2089 944 ἔκκυλίει
2141 877 2220 942 τὸ
2274 881 2406 943 τῶν
2465 872 2697 961 ἀπρά-

345 1008 515 1049 κτων
553 978 817 1103 ἡμερῶν
861 982 1171 1064 δαψιλὲς,
1218 982 1322 1046 καὶ
1365 976 1590 1066 ἡλίκος
1637 973 1865 1057 αὖτοῖς
1909 974 1945 1044 ὃ
1990 979 2287 1057 κίνδυνος
2331 977 2697 1064 ἐπικρέμα-

345 1109 456 1148 ται
471 1112 493 1164 ,·
537 1078 574 1168 ἡ
603 1086 756 1167 γοῦν
797 1083 1106 1167 βασιλεία
1148 1105 1276 1162 μου
1313 1082 1430 1146 καὶ
1473 1080 1587 1146 τὸν
1634 1078 1798 1147 θεὸν
1844 1079 2058 1146 ειδυῖα
2100 1082 2179 1167 τῇ
2224 1086 2437 1163 κρίσει
2478 1086 2696 1164 θερα-

348 1181 733 1265 πευόμενον,
781 1178 873 1261 ὡς
916 1184 1019 1248 καὶ
1069 1181 1135 1248 ἐν
1181 1176 1343 1268 αὐτῇ
1387 1184 1467 1268 τῇ
1511 1183 1888 1267 καταδρομῇ
1930 1184 2047 1265 τῆς
2091 1184 2489 1269 φαρισαϊκῆς
2519 1178 2699 1248 ὖπο-

344 1289 621 1366 κρίσεως
674 1287 792 1348 τοῦ
852 1283 1035 1350 ἐλέου
1090 1282 1206 1367 τὴν
1263 1289 1478 1368 κρίσιν
1536 1278 1925 1367 εὖρίσκουσα
1992 1288 2510 1366 προτιθέμενον,
2579 1287 2693 1353 καὶ

345 1389 628 1467 προσέτι
669 1394 813 1462 τοῖς
857 1383 1256 1468 σπλάγχνοις
1301 1382 1492 1470 ζήλου
1536 1386 1673 1468 πῦρ
1724 1377 2200 1468 ὗποσμήχουσα
2244 1386 2351 1449 καὶ
2382 1381 2696 1470 ἄντικρυς

344 1478 896 1568 ὖβριοπαθοῦσα,
954 1484 1013 1551 εἷ
1067 1483 1150 1550 τὰ
1202 1486 1323 1567 μὲν
1379 1483 1684 1570 βάρβαρα
1736 1487 1869 1550 τῶν
1927 1483 2178 1562 ἐθνῶν,
2247 1479 2402 1570 παρ’
2451 1481 2557 1565 οἷς
2597 1487 2694 1576 μὴ

348 1584 674 1670 ἔγγραφος
713 1594 927 1650 κεῖται
971 1582 1189 1666 νόμος,
1240 1583 1437 1671 φύσει
1479 1584 1646 1671 μόνῃ
1680 1582 1760 1649 τὸ
1792 1582 2050 1652 ἐκεῖθεν
2082 1585 2343 1663 ἑαυτοῖς
2373 1582 2694 1674 ἀποπλη-

345 1687 539 1769 ροῦσι
580 1679 911 1771 ὑστέρημα
952 1687 1060 1751 καὶ
1103 1683 1222 1762 τὰς
1266 1685 1451 1763 δίκας
1498 1685 1564 1763 ἐς
1605 1684 1920 1771 μήκιστον
1967 1679 2040 1753 οὗ
2089 1691 2401 1772 φέρουσι9
2464 1715 2694 1774 παρα-

344 1790 705 1864 τείνεσθαι,
750 1781 941 1871 ἡμεῖς
985 1787 1057 1852 δὲ
1097 1790 1293 1851 τοῦτο
1337 1785 1415 1851 τὸ
1457 1792 1656 1872 μέρος
1699 1788 2018 1853 πλεῖστον
2062 1782 2278 1853 αὐτῶν
2309 1782 2691 1874 ἀποδέομεν

346 1886 521 1963 (δέον
573 1887 825 1969 μᾶλλον
881 1886 1153 1965 ἐκείνοις
1207 1889 1326 1971 μὲν
1385 1883 1557 1975 ἡμᾶς
1602 1886 1695 1966 εἷς
1739 1882 1998 1973 ἀγαθὸν
2043 1896 2453 1972 προκεῖσθαι
2496 1886 2693 1979 ἀρχέψ

342 2010 575 2066 τυπον,
624 1981 862 2066 αὐτοὺς
906 1988 978 2054 δὲ
1018 1991 1150 2054 τῶν
1194 1984 1524 2075 ἡμετέρων
1563 1987 1982 2074 χαρακτήρων
2019 1983 2539 2072 ἀπομάττεσθαι
2566 1998 2688 2061 τοῦ

344 2089 546 2173 καλοῦ
602 2087 687 2155 τὰ
732 2088 1156 2173 ἷνδάλματα)·
1214 2094 1420 2156 ταῦτα
1463 2096 1684 2155 τοίνυν
1731 2085 1846 2155 οὐκ
1892 2088 1959 2154 ἐν
2005 2101 2324 2176 φορητοῖς
2366 2099 2685 2182 τιθεμένη

343 2184 384 2275 ἦ
426 2189 736 2274 βασιλεία
777 2214 939 2273 μου,
997 2190 1286 2257 πλεῖστά
1327 2215 1399 2256 τε
1443 2193 1600 2276 περὶ
1642 2189 1721 2255 τὸ
1766 2194 2040 2275 πρᾶγμα
2081 2205 2514 2278 γνωσιμαχεῖ,
2573 2200 2688 2263 καὶ

341 2293 437 2375 τῷ
493 2286 839 2378 ἁγιωτάτῳ
894 2314 1023 2375 μου
1082 2291 1371 2378 δεσπότῃ
1415 2294 1526 2359 καὶ
1571 2291 1993 2378 οἷκουμενικῷ
2037 2294 2406 2382 πατριάρχῃ
2450 2296 2561 2363 καὶ
2602 2301 2687 2385 τῇ

346 2390 490 2479 ἱερᾷ
541 2394 653 2459 καὶ
702 2398 867 2481 θείᾳ
922 2391 1176 2480 συνόδῳ
1230 2396 1568 2460 κοινοῦται
1609 2392 1695 2459 τὰ
1735 2396 1851 2479 τῆς
1891 2395 2133 2481 βουλῆς
2174 2398 2282 2462 καὶ
2326 2399 2443 2463 τοῦ
2488 2403 2689 2484 σκέμ-

340 2517 566 2578 ματος.
655 2496 764 2559 καὶ
820 2494 897 2579 δὴ
956 2497 1064 2560 καὶ
1120 2492 1237 2581 τήν
1294 2489 1511 2561 αὐτῶν
1567 2495 1920 2582 τιμιότητα
1986 2493 2248 2582 συνῳδὰ
2303 2503 2684 2585 φρονοῦσαν

344 2589 508 2680 αὐτῇ
576 2590 857 2678 εὑροῦσα
891 2590 958 2680 ἡ
1014 2597 1323 2679 βασιλεία
1377 2619 1539 2679 μου,
1606 2607 1878 2664 συνεῖσα
1935 2597 2006 2664 δὲ
2061 2599 2167 2664 καὶ
2224 2598 2378 2678 τοὺς
2421 2599 2490 2667 ἐν
2533 2612 2686 2681 ταῖς

343 2689 684 2777 ἀνεσίμοις
734 2690 1009 2781 ἡμέραις
1062 2703 1471 2781 τιμωμένους
1527 2691 1752 2781 άγίους
1797 2693 2065 2782 ἀτιμίαν
2106 2701 2360 2782 μᾶλλον
2400 2694 2445 2788 ἢ
2485 2701 2685 2787 τιμὴν

344 2795 685 2879 οἰομένους
751 2785 901 2874 ἐξ
858 2822 936 2882 ης
980 2796 1407 2917 vimiaco-9011,-
1415 2798 1639 2866 τέλεον
1684 2800 2227 2884 παρακινδυνεύει
2279 2801 2357 2866 τὸ
2402 2802 2682 2889 δίκαιον,

340 2899 549 2963 ταῦτα
606 2897 951 2978 θεσπίζει,
1010 2909 1160 2977 ταῖς
1200 2924 1273 2965 τε
1314 2901 1446 2965 τῶν
1492 2902 1755 2966 σεπτῶν
1800 2898 2222 2986 πανηγύρεων
2265 2903 2561 2981 τελεταῖς
2602 2904 2684 2970 τὸ

343 2997 517 3076 εἰκὸς
565 3000 683 3085 τῆς
740 2993 953 3064 αὐτῶν
1007 3003 1204 3085 τιμῆς
1261 2995 1717 3082 ἀπονέμουσα,
1779 3004 1887 3067 καὶ
1931 3004 2010 3088 τῇ
2054 3006 2187 3069 τῶν
2232 2997 2683 3088 ἀδικουμένων

340 3099 663 3186 ἐκδικήσει
718 3099 798 3164 τὸ
850 3105 1113 3185 πρέπον
1176 3094 1699 3186 ἀπομερίζουσα·
1758 3101 1868 3168 ἵνα
1908 3101 2030 3190 μὴ,
2090 3099 2129 3168 ὅ
2172 3127 2374 3190 φησιν
2420 3100 2458 3170 ὅ
2504 3100 2681 3174 ἀπό-

341 3201 607 3280 στολος,
668 3200 736 3266 ἐκ
791 3204 908 3265 τοῦ
953 3195 1215 3286 ἀγαθοῦ
1257 3203 1715 3288 κατεργάζοιτο
1764 3201 2085 3283 θάνατος,
2147 3204 2216 3271 ἐκ
2258 3210 2375 3293 τῆς
2417 3205 2485 3273 ἐν
2527 3218 2682 3287 ταῖς

340 3302 600 3387 ἑορταῖς
645 3300 891 3387 δηλαδὴ
932 3305 1051 3366 τοῦ
1098 3305 1262 3369 θεοῦ
1307 3308 1681 3386 θεραπείας
1716 3300 1755 3390 ἢ
1786 3306 1919 3370 τῶν
1951 3297 2395 3389 ἀδικουμένων
2425 3309 2678 3377 πλείων

338 3400 648 3494 συντριβὴ
691 3404 799 3467 καὶ
847 3396 1166 3481 ἀπώλεια,
1209 3398 1369 3489 μηδ
1428 3397 1469 3489 ἡ
1518 3411 1937 3488 σεμνωνυμία
1976 3408 2093 3493 τῆς
2138 3402 2367 3491 ἀργίας
2407 3412 2517 3476 καὶ
2558 3414 2679 3498 τῆς

337 3497 668 3586 ἀπραξίας
707 3501 787 3567 τὸ
830 3499 1145 3589 εὔφημον,
1193 3502 1448 3589 ἐνεργόν
1490 3530 1565 3571 τε
1608 3501 1746 3590 άμα
1788 3517 2059 3572 ποιοῖτο
2103 3507 2219 3595 τὴν
2262 3503 2523 3578 ἀδικίαν
2566 3514 2677 3578 καὶ

338 3603 732 3689 ἔμπρακτον.

508 3701 588 3770 α’.
683 3702 1098 3786 Θεσπίζομεν
1144 3694 1259 3771 ουν
1305 3704 1553 3786 ἐκείνας
1596 3700 1768 3773 εἶναι
1806 3710 1940 3774 τῶν
1983 3702 2241 3794 ἡμερῶν
2271 3706 2671 3797 ἀπράκτους,

338 3804 418 3884 ἃς
461 3805 529 3873 ἐν
570 3808 651 3892 τῇ
697 3804 999 3893 παρούσῃ
1047 3806 1343 3886 διατάξει
1372 3808 1586 3894 ῥητῶς
1617 3802 2262 3897 ἀπαριθμησόμεθα.
2350 3816 2461 3880 καὶ
2489 3814 2679 3895 τινὰς

334 3909 455 3991 μὲν
500 3904 716 3974 αὐτῶν
758 3907 837 3973 τὸ
878 3907 1094 3996 πάντη
1141 3906 1477 3994 ἄπρακτον
1523 3909 1709 3992 ἔχειν,
1756 3905 1846 3988 ὦς
1887 3912 2208 3996 μηδαμῶς
2249 3908 2331 3979 δι’
2368 3910 2524 3981 ὅλου
2553 3921 2674 3983 τοῦ

335 4003 554 4076 αὐτῶν
599 4008 1044 4096 διαστήματος
1087 4016 1537 4078 συνίστασθαι
1590 4010 2044 4098 δικαστήριον,
2110 4013 2169 4079 εἷ
2218 4014 2307 4103 μὴ
2363 4019 2679 4101 βασιλεία

335 4109 502 4188 ἴσως
546 4108 922 4194 οἰκονομίας
962 4110 1195 4198 τρόπῳ
1238 4106 1280 4197 ἢ
1325 4107 1574 4199 ἀνάγκῃ
1587 4116 1629 4148 ¹⁰
1681 4108 1915 4193 (ὁποῖα
1970 4112 2143 4181 πολὺ
2194 4113 2272 4180 τὸ
2316 4120 2679 4204 περιπετὲς

469 4326 492 4355 “
526 4330 670 4379 Labb.
706 4321 1057 4396 ἀποπληροῦν
1083 4339 1130 4382 et
1147 4329 1416 4400 φέρουσα,
1456 4335 1586 4398 quod
1606 4335 1955 4387 emendandum
1972 4345 2090 4390 erat.
2191 4335 2231 4365 ¹⁰
2267 4340 2390 4390 Bais.
2411 4331 2672 4406 ἀνάγκης.
