2900 4950
379 264 498 324 234
1290 276 1410 325 1:011.
1449 275 1526 323 ιιι.
1599 276 1708 323 Nov.
1751 276 1803 324 ιι.

1391 424 1563 485 NOV.
1622 424 1723 484 11¹.

645 525 828 603 lmpp.
879 524 1215 599 Romani,
1265 525 1758 586 Constantini
1804 535 1864 586 et
1909 526 2444 605 Cllristopliori

385 638 532 645 -—---..
551 637 756 645 ..η-..κη-

505 677 516 703 ¹
565 679 694 727 llaec
744 676 934 725 Novella
981 690 1041 724 an
1090 677 1295 738 genuina
1345 678 1433 738 sit,
1483 691 1541 724 an
1592 676 1751 738 potius
1788 678 1925 725 variis
1964 677 2146 739 legibus
2185 679 2231 726 in
2272 693 2417 727 unum
2455 680 2642 729 collatis
2681 688 2737 730 et.

369 764 585 812 oratione
623 764 669 811 in
712 762 897 810 brevius
938 768 1180 809 contracta
1220 768 1623 823 repraesentetur,
1664 776 2008 823 nonnunquam
2045 762 2269 811 dubitavi.
2342 765 2441 825 Ita,
2496 767 2734 827 quemad-

369 848 564 897 modum
615 848 690 897 hic
741 845 923 905 editur,
974 852 1099 894 extat
1150 844 1197 893 in
1239 844 1353 893 Cod.
1396 844 1540 893 Paris.
1580 858 1676 906 reg.
1714 859 1781 905 gr.
1826 845 1952 894 1367
1994 854 2039 894 et
2082 847 2240 907 1384;
2296 849 2519 901 Laurent-
2558 851 2732 912 Lm,

373 932 435 993 63
477 932 795 995 vindonjur.
823 930 937 991 gr.3
975 930 1055 978 l'ol.
1079 930 1136 979 21
1163 944 1235 993 sq.
1275 936 1452 991 (usque
1489 928 1548 976 ad
1586 929 1728 977 linem
1767 944 1870 992 cap.
1898 931 1975 991 1l;
2021 931 2297 995 deniquein
2319 932 2587 996 appendice
2608 936 2735 998 Syn-

370 1032 546 1079 opseos
597 1015 907 1065 Basilicorum
959 1015 1138 1077 primae
1188 1020 1236 1062 et
1284 1014 1451 1062 tertiae
1502 1013 1689 1062 classis.
1761 1014 2010 1075 Epitomen
2075 1015 2291 1079 ejusdem
2342 1018 2561 1067 Novellae
2609 1022 2730 1075 (inc.

369 1093 608 1151 Παλαιὸς
641 1092 812 1163 νόμος
846 1091 1009 1151 ἐστὶν.
1056 1098 1176 1161 expl.
1216 1089 1703 1162 εἶσπραχθιὶσεται,
1744 1106 1791 1145 ut
1830 1098 1984 1159 cap.3
2024 1105 2175 1148 totum
2213 1101 2358 1153 desit)
2395 1086 2613 1152 contin'et
2642 1118 2731 1167 ap-

369 1186 540 1255 pendix
579 1186 855 1247 synopseos
893 1183 1073 1245 primae
1113 1191 1158 1231 et
1194 1182 1437 1231 secundae
1477 1181 1675 1243 classiS,
1714 1189 1761 1230 et
1794 1183 2031 1245 appendix
2070 1184 2281 1233 Prochiri
2320 1186 2477 1245 aucti,
2516 1195 2568 1236 ut
2602 1188 2730 1238 infra

369 1270 570 1318 dicetur.
643 1268 770 1316 Alias
812 1268 1044 1330 epitomas
1082 1275 1328 1330 praestant
1365 1267 1547 1316 Psellus
1584 1282 1621 1315 v.
1668 1266 2054 1331 1357-1376,
2105 1269 2377 1332 appendix,
2428 1284 2553 1334 quae
2589 1272 2727 1336 operi

369 1354 611 1402 Michaelis
649 1352 933 1412 AttalensiS,
983 1366 1069 1400 nec
1109 1366 1203 1399 non
1242 1366 1323 1414 ea,
1382 1366 1506 1413 quae
1545 1350 1771 1399 Procliiro
1803 1359 1944 1399 aucto
1981 1353 2183 1402 accedit.
2254 1352 2510 1416 Epitomeu
2549 1370 2603 1405 ex
2639 1372 2726 1421 ap-

368 1438 568 1499 pendice
608 1436 864 1485 Attalensis
918 1436 1064 1485 edidit
1103 1435 1350 1484 Leunclav.
1388 1442 1497 1497 post
1534 1436 1771 1499 synopsin
1808 1450 1854 1499 p.
1880 1436 1959 1486 14.
2031 1438 2081 1486 ln
2121 1438 2347 1491 Prochiro
2383 1448 2526 1489 aucto
2562 1448 2725 1491 autem

368 1523 436 1572 sic
487 1530 587 1571 est:
641 1513 874 1586 Νεαρὰ
923 1519 1044 1567 τοῦ
1077 1514 1425 1581 βασιλέως
1458 1519 1672 1586 κυροῦ
1709 1516 2040 1586 ῥωμανοῦ
2078 1521 2201 1570 τοῦ
2236 1520 2724 1588 πρεσβυτέρου

366 1599 524 1671 περὶ
569 1597 1082 1670 προτιμήσεως.
1152 1596 1206 1650 Ὁ
1248 1598 1306 1651 δὲ
1353 1602 1506 1671 κῠρις
1553 1597 1810 1670 ρωμανός
1855 1597 2055 1657 ἐκεῖνος
2106 1598 2506 1671 ἐνομοθέτησε·
2557 1600 2628 1661 ὥς
2672 1602 2726 1658 εἰ

366 1683 491 1757 περὶ
524 1680 904 1754 προτιμήσεως
936 1687 1132 1754 κινηθῇ
1170 1683 1528 1752 δικαστήριον
1565 1714 1627 1724 -
1665 1682 2145 1742 συναλλάττοντας.
2209 1690 2364 1749 (Quae
2403 1692 2568 1741 eadem
2589 1702 2722 1751 sunt,

368 1788 491 1835 quae
527 1772 650 1834 apud
691 1772 977 1821 Attalensem
1018 1773 1272 1833 leguntur.)
1308 1800 1376 1806 -—-
1418 1766 1655 1837 Ἑτέρα
1703 1767 1918 1837 νεαρὰ
1973 1773 2094 1821 τοῦ
2128 1769 2477 1836 βασιλέως
2509 1777 2721 1843 κυροῦ

368 1852 697 1922 ρωμανοῦ
754 1855 872 1904 τοῦ
925 1849 1323 1922 πρεσβύτου
1379 1857 1478 1911 (alii
1526 1853 2104 1913 κωνσταντίνου)
2156 1851 2318 1922 περὶ
2369 1854 2720 1927 προτιμή-

367 1954 550 1995 σεως.
631 1936 868 1994 Παλαιὸς
893 1934 1064 2007 νόμος
1098 1935 1212 1990 ἐστὶ
1249 1968 1316 1976 —-
1353 1934 1835 2007 εἷσπραχθῆσεται.
1899 1943 2003 1993 tEst
2040 1944 2264 2004 epitome,
2302 1958 2444 2006 quam
2483 1947 2719 2007 appendix

365 2029 639 2091 synopseos
679 2027 762 2074 let
785 2027 822 2075 ll
863 2027 1176 2085 exhibet.)—
1206 2020 1268 2072 ‘11
1302 2023 1629 2091 γεγενημένη
1668 2021 1973 2091 νομοθεσία
2008 2021 2131 2091 περὶ
2167 2020 2549 2092 προτιμήσεως
2582 2020 2720 2077 ἇπα-

363 2106 580 2178 γορεύει
628 2108 882 2164 δυνατοῖς
915 2104 1233 2174 προσώποις
1270 2104 1549 2163 υἱοθεσίας
1586 2103 1771 2179 τρόπῳ
1811 2104 1840 2170 ἢ
1881 2103 1986 2158 ἀπὸ
2026 2106 2235 2175 δωρεᾶς
2271 2102 2443 2171 ἁπλῆς
2478 2107 2509 2172 ἢ
2546 2109 2719 2160 θανά-

363 2210 461 2245 του
498 2189 677 2249 αἰτίας
713 2188 742 2254 ἢ
780 2188 836 2243 ἔκ
874 2189 1138 2254 διαθήκης
1175 2187 1204 2254 ἢ
1240 2190 1379 2243 κατὰ
1412 2188 1597 2261 μόνην
1622 2195 1831 2261 χρῆσιν
1867 2187 1896 2254 ἢ
1937 2187 2009 2247 ὥς
2044 2188 2134 2242 ἐπί
2169 2208 2277 2241 τινι
2294 2192 2609 2261 προστασίᾳ
2626 2193 2719 2245 καὶ

364 2275 642 2346 συνδρομῇ
680 2272 978 2345 λαμβάνειν
1013 2274 1065 2326 τὶ
1104 2277 1215 2325 τῶν
1251 2270 1668 2344 εὖτελεστέρων,
1715 2272 1764 2327 εἰ
1796 2274 1871 2343 μὴ
1912 2270 2021 2344 ἄρα
2059 2279 2335 2342 συγγενεῖς
2372 2270 2556 2328 αὐτῶν
2589 2270 2711 2330 εἶεν.

365 2357 495 2412 ἀλλὰ
543 2358 683 2428 μηδὲ
729 2360 854 2417 νέας
900 2356 1204 2428 ἀγορασίας
1250 2363 1429 2411 ποιεῖν
1473 2356 1505 2422 ἢ
1539 2360 1845 2429 μισθώσεις
1882 2354 1912 2423 ἢ
1951 2355 2293 2427 ἁνταλλαγὰς
2327 2356 2385 2411 ἔν
2410 2361 2645 2431 χωρίοις
2685 2357 2715 2426 ἢ

367 2442 658 2514 ἀγριδίοις,
697 2441 755 2496 ἐν
795 2433 875 2500 οἷς
911 2438 1007 2496 οὐκ
1041 2441 1262 2514 ἔχουσιν
1298 2441 1677 2513 ι’διοκτιὶματα.
1742 2444 1884 2513 λέγει
1921 2444 1981 2498 δὲ
2018 2442 2116 2496 τὸν
2148 2444 2437 2497 πωλοῦντα
2470 2444 2546 2516 μὴ
2583 2445 2717 2515 πρό-

363 2545 525 2600 τερον
559 2530 759 2581 πωλεῖν
794 2527 960 2597 ἑτέρῳ
997 2528 1105 2580 τινὶ
1143 2527 1203 2580 τὸ
1241 2529 1720 2598 πιπρασκόμενον,
1780 2525 1829 2581 εἰ
1859 2527 1936 2598 μὴ
1978 2534 2092 2586 τοῖς
2125 2530 2567 2602 προτιμωμένοις
2599 2532 2716 2606 διας

359 2613 726 2686 μαρτύρηται.
771 2643 833 2652 —-
888 2619 1128 2667 Laudatur
1167 2619 1302 2678 haec,
1340 2619 1398 2666 de
1434 2634 1529 2681 qua
1564 2620 1766 2681 agintina,
1808 2619 2003 2666 llomani
2042 2619 2230 2667 Novella
2268 2633 2295 2667 a
2333 2620 2589 2668 scholiasta
2629 2622 2717 2669 Ba-

361 2704 606 2754 silicorum
646 2704 719 2751 ed.
760 2703 943 2752 lleimb.
983 2704 1002 2752 1
1039 2719 1083 2765 p.
1109 2702 1206 2752 639
1229 2718 1300 2765 sq.
1341 2710 1386 2751 et
1419 2703 1666 2765 Tipucito,
1720 2717 1862 2765 quein
1912 2709 2106 2764 vocant,
2158 2702 2300 2751 Basil.
2339 2704 2413 2752 ed.
2453 2705 2633 2755 Heimb.
2673 2707 2717 2755 lt

361 2805 408 2853 p.
427 2789 523 2837 280
562 2797 703 2836 uot.z
751 2789 852 2850 (qui
904 2796 1058 2835 tamen
1100 2787 1396 2835 Constantini
1435 2787 1671 2836 Novellam
1724 2802 1831 2835 esse
1881 2787 2096 2846 dicunt);
2152 2786 2201 2834 in
2237 2786 2410 2850 Ecloga
2448 2788 2525 2837 lib.
2564 2789 2715 2839 l—X

362 2873 676 2923 Basilieorum
712 2873 813 2928 (lib.
837 2872 894 2921 tx
932 2872 1001 2920 tit.
1024 2871 1086 2919 2:
1126 2871 1281 2918 ποῖαι
1317 2865 1376 2919 δὲ
1410 2865 1640 2937 πράσεις
1664 2864 1803 2936 πρὸς
1823 2864 2091 2923 δυνατοὺς
2108 2864 2413 2920 κωλύονται
2434 2869 2709 2936 γίνεσθαι,

361 2952 390 3018 ἡ
441 2956 538 3005 τοῦ
585 2952 846 3020 βασιλέως
889 2954 1056 3021 κυροῦ
1104 2951 1364 3022 ῥωμανοῦ
1412 2955 1511 3004 τοῦ
1546 2951 1809 3020 γέροντος
1841 2948 2012 3022 νεαρὰ
2045 2949 2136 3002 καὶ
2170 2954 2269 3003 τοῦ
2303 2954 2714 3007 κωνσταντίνου

364 3041 458 3090 τοῦ
507 3034 1033 3109 πορφυρογεννήτου
1079 3036 1170 3088 καὶ
1218 3033 1247 3100 ἧ
1288 3039 1384 3089 τοῦ
1419 3039 1586 3106 κυροῦ
1622 3034 1897 3104 βασιλείου
1936 3033 2142 3094 διδάξει
2180 3035 2292 3102 σε’);
2346 3049 2394 3090 et
2431 3042 2477 3091 in
2514 3042 2714 3108 Μικρῷ

337 3122 496 3176 ἥπατα
534 3127 808 3193 στοιχεῖον
841 3127 910 3182 Ν,
943 3127 1027 3176 41.
1053 3125 1133 3176 42.
1207 3127 1423 3190 Denique
1461 3127 1549 3176 αἱ
1591 3125 1797 3174 refertur
1830 3125 1890 3172 ab
1930 3126 2221 3189 Han-menop.
2252 3125 2330 3188 ΙΙΙ,
2354 3126 2403 3190 3,
2433 3125 2713 3176 103-109.

357 3240 423 3248 -
461 3214 694 3275 integram
732 3212 967 3261 Novellam
1005 3212 1188 3275 primus
1238 3211 1384 3260 edidit
1422 3211 1647 3275 Cujacius
1692 3209 1737 3258 in
1776 3209 1906 3258 calce
1945 3209 2051 3259 iibri
2088 3209 2339 3259 feudorum
2377 3211 2472 3270 (ed.
2511 3210 2712 3274 Neapol.

358 3299 397 3347 ll
435 3314 482 3361 p.
507 3298 685 3354 13121:
737 3312 845 3346 mox
882 3296 1195 3345 Leunclavius
1246 3304 1354 3358 post
1391 3296 1628 3360 Synopsin
1669 3309 1714 3357 p.
1741 3293 1909 3344 9—12
1948 3305 1994 3343 et
2031 3295 2076 3343 in
2112 3295 2237 3343 JGR.
2277 3294 2314 3343 n
2352 3309 2397 3357 p.
2428 3295 2711 3346 139—141.

357 3383 607 3445 Epitonnen
659 3396 712 3429 ex
761 3381 1025 3443 appendice
1067 3383 1343 3443 synopseos
1394 3380 1575 3442 primae
1623 3387 1670 3429 et
1719 3380 1961 3428 secundae
2011 3379 2180 3428 classis
2219 3378 2411 3428 Leuncl.
2448 3387 2559 3443 post
2595 3381 2711 3442 Syn.

357 3481 404 3528 p.
433 3465 542 3513 12—
570 3466 655 3513 14:
696 3472 879 3526 partem
915 3465 974 3513 ab
1012 3464 1365 3526 Harmenopulo
1404 3464 1600 3512 relatam
1641 3464 1914 3512 Bonelidins
1951 3479 1996 3527 p.
2022 3464 2102 3512 25.
2146 3489 2207 3498 —
2247 3463 2561 3513 illustrandae
2600 3465 2713 3513 huic

357 3547 578 3598 Novellae
627 3548 886 3596 inserviunt.
934 3554 1031 3597 tum
1069 3562 1193 3610 quae
1231 3550 1390 3597 llarm.
1427 3548 1509 3609 ut,
1533 3547 1703 3609 3,103
1739 3548 1924 3596 scholio
1964 3556 2011 3598 et
2046 3548 2098 3611 §-
2128 3549 2221 3596 110
2241 3564 2349 3611 sqq.
2387 3550 2556 3612 habet,
2606 3558 2708 3598 tum

357 3632 558 3681 maxime
595 3632 1033 3695 commentariolum,
1070 3634 1152 3695 qui
1190 3633 1236 3680 in
1276 3632 1391 3681 Cod.
1433 3633 1580 3682 Paris.
1617 3647 1713 3694 reg.
1755 3648 1823 3694 gr.
1856 3633 1982 3683 1355
2018 3633 2099 3683 l'ol.
2127 3634 2147 3682 l
2173 3648 2247 3696 sq.
2286 3634 2505 3696 habetur,
2541 3647 2711 3696 quem-

357 3731 451 3781 que
489 3717 565 3766 hic
585 3717 825 3780 subjicere
845 3717 990 3767 lubet.
1041 3717 1301 3768 Estautetn
1325 3718 1631 3782 hujusmodi:
1664 3710 1727 3763 Ἡ
1762 3712 1922 3782 περὶ
1955 3710 2456 3783 προτιμήσεως
2486 3715 2707 3782 νεαρὰ

355 3801 573 3868 κυροῖ)
621 3799 951 3869 ῥωμανοῦ
999 3802 1118 3862 τοῦ
1166 3799 1576 3850 λακαπινοῠ.
1651 3796 1888 3849 Γίνωσκε
1938 3794 2025 3849 ὅτι
2072 3797 2100 3860 ἡ
2150 3797 2277 3868 περὶ
2326 3796 2712 3868 προτιμήσεως

354 3881 525 3955 νεαρὰ
575 3879 616 3937 ε’
663 3881 917 3953 βαθμοὺς
968 3881 1125 3936 ἔθετο
1179 3886 1275 3947 τῆς
1324 3880 1708 3954 προτιμήσεως
1752 3878 2069 3938 τοιούτους·
2123 3879 2261 3934 ὅταν
2324 3880 2465 3951 φησὶ
2518 3883 2708 3935 πωλεῖ-

357 3985 446 4019 ται
481 3963 738 4031 ἀκίνητον
771 3970 1004 4037 πρᾶγμα
1056 3957 1176 4019 οἷον
1211 3963 1479 4031 ὄσπῆτιον
1516 3963 1546 4031 ἢ
1586 3962 1840 4035 ἄμπελών
1892 3962 1923 4029 ἢ
1971 3965 2277 4037 χωράφιον
2332 3961 2362 4029 ἢ
2424 3963 2621 4018 ε’λαιών
2673 3963 2706 4028 ἢ

355 4052 686 4122 προάστειον
738 4047 772 4115 ἦ
825 4070 879 4103 τι
936 4056 1221 4111 τοιοῦτον,
1281 4050 1309 4104 ὁ
1361 4054 1560 4104 πωλῶν
1608 4047 1817 4121 ὀφείλει
1867 4052 2304 4122 προσκαλεῖσθαι
2337 4048 2415 4108 εἰς
2448 4048 2550 4113 τὴν
2585 4047 2707 4102 τοῦ-

357 4152 455 4186 του
492 4132 706 4204 ἀγορὰν
736 4139 958 4203 πρῶτον
997 4135 1120 4191 τοὺς
1167 4132 1369 4206 ἀναμὶξ
1414 4136 1797 4206 συγκειμένους
1831 4141 2125 4204 συγγενεῖς.
2202 4136 2345 4193 τίνες
2379 4133 2438 4187 δὲ
2475 4131 2615 4187 εἰσὶν
2651 4131 2709 4186 οἱ

357 4214 560 4286 ἀναμὶξ
594 4218 934 4287 συγκείμενοι
980 4224 1273 4287 συγγενεῖς,
1323 4217 1609 4288 μάνθανε·
1658 4209 1778 4271 οἷον
1823 4215 1853 4271 ὅ
1906 4217 2037 4288 ἐμὸς
2085 4218 2175 4272 καὶ
2229 4219 2327 4278 σὸς
2376 4217 2558 4290 πατὴρ
2596 4214 2705 4271 ε’τε-

355 4300 608 4366 λεῦτι,σεν
659 4299 986 4363 ἀδιάθετος,
1041 4304 1132 4355 καὶ
1186 4301 1238 4354 οἱ
1288 4308 1469 4370 γονεῖς
1526 4302 1681 4374 ἡμῶν
1718 4302 1813 4355 οὐκ
1847 4301 2113 4372 ἔφθασαν
2149 4306 2437 4376 διαιρῆσαι
2473 4301 2574 4366 τὴν
2608 4321 2703 4371 γο-

358 4385 513 4450 νικὴν
547 4385 636 4438 καὶ
673 4384 937 4455 πατρῴαν
972 4383 1154 4438 αὐτῶν
1185 4383 1500 4438 ὑπόστασιν.
1579 4385 1730 4458 ἡμεῖς
1765 4387 1825 4440 δὲ
1858 4388 2022 4441 πάλιν
2067 4386 2360 4459 ἐμείναμεν
2396 4383 2707 4455 ἀδιαίρετοι
