<?xml version="1.0" encoding="UTF-8"?>
<!DOCTYPE html PUBLIC "-//W3C//DTD XHTML 1.0 Transitional//EN"
    "http://www.w3.org/TR/xhtml1/DTD/xhtml1-transitional.dtd">
<html xmlns="http://www.w3.org/1999/xhtml" xml:lang="en" lang="en">
 <head>
  <title>
</title>
<meta http-equiv="Content-Type" content="text/html;charset=utf-8" />
  <meta name='ocr-system' content='tesseract 3.04.00' />
  <meta name='ocr-capabilities' content='ocr_page ocr_carea ocr_par ocr_line ocrx_word'/>
</head>
<body>
  <div class='ocr_page' id='page_1' title='image "./jusgraecoromanu00linggoog_0397.png"; bbox 0 0 2900 4950; ppageno 0'>
   <div class='ocr_carea' id='block_1_1' title="bbox 1140 190 2605 265">
    <p class='ocr_par' dir='ltr' id='par_1_1' title="bbox 1140 190 2605 265">
     <span class='ocr_line' id='line_1_1' title="bbox 1140 190 2605 265; baseline 0.001 -14"><span class='ocrx_word' id='word_1_1' title='bbox 1140 200 1259 265; x_wconf 75' lang='lat' dir='ltr'><strong>Imp.</strong></span> <span class='ocrx_word' id='word_1_2' title='bbox 1297 201 1446 251; x_wconf 72' lang='lat' dir='ltr'>Alexii</span> <span class='ocrx_word' id='word_1_3' title='bbox 1486 198 1734 251; x_wconf 75' lang='lat' dir='ltr'><strong>Comneui.</strong></span> <span class='ocrx_word' id='word_1_4' title='bbox 2482 190 2605 252; x_wconf 81' lang='grc'><strong><em>345</em></strong></span> 
     </span>
    </p>
   </div>
   <div class='ocr_carea' id='block_1_2' title="bbox 257 346 2635 4093">
    <p class='ocr_par' dir='ltr' id='par_1_2' title="bbox 257 346 2635 4093">
     <span class='ocr_line' id='line_1_2' title="bbox 263 346 2608 439; baseline 0.002 -24"><span class='ocrx_word' id='word_1_5' title='bbox 263 349 466 427; x_wconf 87' lang='grc' dir='ltr'><strong><em>δίκως</em></strong></span> <span class='ocrx_word' id='word_1_6' title='bbox 526 370 602 414; x_wconf 83' lang='grc' dir='ltr'><strong><em>τε</em></strong></span> <span class='ocrx_word' id='word_1_7' title='bbox 615 349 662 381; x_wconf 81' lang='lat'><strong><em>&#39;⁰</em></strong></span> <span class='ocrx_word' id='word_1_8' title='bbox 719 349 832 414; x_wconf 77' lang='grc' dir='ltr'><strong><em>καὶ</em></strong></span> <span class='ocrx_word' id='word_1_9' title='bbox 893 351 1241 435; x_wconf 89' lang='grc' dir='ltr'><strong><em>θεοσεβῶς</em></strong></span> <span class='ocrx_word' id='word_1_10' title='bbox 1301 348 1676 434; x_wconf 74' lang='grc' dir='ltr'><strong><em>διορίζεται.</em></strong></span> <span class='ocrx_word' id='word_1_11' title='bbox 1767 347 1827 415; x_wconf 81' lang='grc' dir='ltr'><strong><em>εἶ</em></strong></span> <span class='ocrx_word' id='word_1_12' title='bbox 1881 346 2003 434; x_wconf 86' lang='grc' dir='ltr'><strong><em>γὰρ</em></strong></span> <span class='ocrx_word' id='word_1_13' title='bbox 2058 358 2204 428; x_wconf 80' lang='grc' dir='ltr'><strong><em>τοῒς</em></strong></span> <span class='ocrx_word' id='word_1_14' title='bbox 2262 350 2380 438; x_wconf 75' lang='grc' dir='ltr'><strong><em>τὴν</em></strong></span> <span class='ocrx_word' id='word_1_15' title='bbox 2444 347 2608 439; x_wconf 77' lang='grc' dir='ltr'><strong><em>ἥβην</em></strong></span> 
     </span>
     <span class='ocr_line' id='line_1_3' title="bbox 257 443 2612 539; baseline 0.002 -23"><span class='ocrx_word' id='word_1_16' title='bbox 257 443 873 535; x_wconf 73' lang='grc' dir='ltr'><strong><em>ὖπεραναβαίνουσι</em></strong></span> <span class='ocrx_word' id='word_1_17' title='bbox 916 454 1090 527; x_wconf 87' lang='grc' dir='ltr'><strong><em>νέοις</em></strong></span> <span class='ocrx_word' id='word_1_18' title='bbox 1142 450 1261 537; x_wconf 82' lang='grc' dir='ltr'><strong><em>τὴν</em></strong></span> <span class='ocrx_word' id='word_1_19' title='bbox 1312 450 1433 534; x_wconf 80' lang='grc' dir='ltr'><strong><em>μὲν</em></strong></span> <span class='ocrx_word' id='word_1_20' title='bbox 1491 450 1862 537; x_wconf 77' lang='grc' dir='ltr'><strong><em>ἐπιτροπῆς</em></strong></span> <span class='ocrx_word' id='word_1_21' title='bbox 1913 446 2284 537; x_wconf 79' lang='grc' dir='ltr'><strong><em>ἀσφάλειαν</em></strong></span> <span class='ocrx_word' id='word_1_22' title='bbox 2328 447 2365 517; x_wconf 82' lang='grc' dir='ltr'><em>ὃ</em></span> <span class='ocrx_word' id='word_1_23' title='bbox 2410 452 2612 539; x_wconf 86' lang='grc' dir='ltr'><strong><em>νόμος</em></strong></span> 
     </span>
     <span class='ocr_line' id='line_1_4' title="bbox 259 544 2611 638; baseline 0.003 -21"><span class='ocrx_word' id='word_1_24' title='bbox 259 559 622 635; x_wconf 80' lang='grc' dir='ltr'><strong><em>περιαιρεῒ,</em></strong></span> <span class='ocrx_word' id='word_1_25' title='bbox 665 544 762 628; x_wconf 77' lang='grc' dir='ltr'><strong><em>ὥς</em></strong></span> <span class='ocrx_word' id='word_1_26' title='bbox 803 551 920 634; x_wconf 82' lang='grc' dir='ltr'><strong><em>τῆς</em></strong></span> <span class='ocrx_word' id='word_1_27' title='bbox 959 548 1141 634; x_wconf 83' lang='grc' dir='ltr'><strong><em>μάλα</em></strong></span> <span class='ocrx_word' id='word_1_28' title='bbox 1185 549 1560 637; x_wconf 80' lang='grc' dir='ltr'><strong><em>φρονούσης</em></strong></span> <span class='ocrx_word' id='word_1_29' title='bbox 1601 545 1860 638; x_wconf 82' lang='grc' dir='ltr'><strong><em>ἡλικίας</em></strong></span> <span class='ocrx_word' id='word_1_30' title='bbox 1902 550 2382 638; x_wconf 75' lang='grc' dir='ltr'><strong><em>καθεστηκόσιν</em></strong></span> <span class='ocrx_word' id='word_1_31' title='bbox 2427 553 2611 635; x_wconf 75' lang='grc' dir='ltr'><strong><em>ἐντὸς</em></strong></span> 
     </span>
     <span class='ocr_line' id='line_1_5' title="bbox 260 645 2610 739; baseline 0.002 -21"><span class='ocrx_word' id='word_1_32' title='bbox 260 653 373 721; x_wconf 77' lang='grc' dir='ltr'><strong><em>καὶ</em></strong></span> <span class='ocrx_word' id='word_1_33' title='bbox 433 645 589 718; x_wconf 77' lang='grc' dir='ltr'><strong><em>καθ’</em></strong></span> <span class='ocrx_word' id='word_1_34' title='bbox 651 649 926 730; x_wconf 78' lang='grc' dir='ltr'><strong><em>ἑαυτοὺς</em></strong></span> <span class='ocrx_word' id='word_1_35' title='bbox 988 649 1075 717; x_wconf 85' lang='grc' dir='ltr'><strong><em>τὰ</em></strong></span> <span class='ocrx_word' id='word_1_36' title='bbox 1136 650 1357 719; x_wconf 82' lang='grc' dir='ltr'><strong><em>πολλὰ</em></strong></span> <span class='ocrx_word' id='word_1_37' title='bbox 1422 658 1717 719; x_wconf 72' lang='grc' dir='ltr'><strong><em>συνιέναι</em></strong></span> <span class='ocrx_word' id='word_1_38' title='bbox 1777 652 2164 737; x_wconf 70' lang='grc' dir='ltr'><strong><em>δυναμένοις</em></strong></span> <span class='ocrx_word' id='word_1_39' title='bbox 2222 647 2448 739; x_wconf 87' lang='grc' dir='ltr'><strong><em>ὀρθῶς</em></strong></span> <span class='ocrx_word' id='word_1_40' title='bbox 2498 659 2610 724; x_wconf 73' lang='grc' dir='ltr'><strong><em>καὶ</em></strong></span> 
     </span>
     <span class='ocr_line' id='line_1_6' title="bbox 260 747 2611 841; baseline 0.003 -22"><span class='ocrx_word' id='word_1_41' title='bbox 260 750 584 838; x_wconf 87' lang='grc' dir='ltr'><strong><em>πράττειν</em></strong></span> <span class='ocrx_word' id='word_1_42' title='bbox 629 750 840 819; x_wconf 63' lang='grc' dir='ltr'><strong><em>ἐνίοτε</em></strong></span> <span class='ocrx_word' id='word_1_43' title='bbox 885 747 1380 840; x_wconf 66' lang='grc' dir='ltr'><strong><em>ἀνεπισφαλῶς,</em></strong></span> <span class='ocrx_word' id='word_1_44' title='bbox 1426 749 1565 819; x_wconf 74' lang='grc' dir='ltr'><strong><em>ὑπὸ</em></strong></span> <span class='ocrx_word' id='word_1_45' title='bbox 1611 754 1685 820; x_wconf 81' lang='grc' dir='ltr'><strong><em>δὲ</em></strong></span> <span class='ocrx_word' id='word_1_46' title='bbox 1727 753 2149 841; x_wconf 87' lang='grc' dir='ltr'><strong><em>κουράτωρας</em></strong></span> <span class='ocrx_word' id='word_1_47' title='bbox 2189 755 2464 836; x_wconf 80' lang='grc' dir='ltr'><strong><em>τούτους</em></strong></span> <span class='ocrx_word' id='word_1_48' title='bbox 2501 760 2611 827; x_wconf 78' lang='grc' dir='ltr'><strong><em>καὶ</em></strong></span> 
     </span>
     <span class='ocr_line' id='line_1_7' title="bbox 259 849 2612 943; baseline 0.003 -23"><span class='ocrx_word' id='word_1_49' title='bbox 259 853 625 942; x_wconf 79' lang='grc' dir='ltr'><strong><em>κηδεμόνας</em></strong></span> <span class='ocrx_word' id='word_1_50' title='bbox 667 851 1051 941; x_wconf 71' lang='grc' dir='ltr'><strong><em>καθίστησι,</em></strong></span> <span class='ocrx_word' id='word_1_51' title='bbox 1094 857 1203 922; x_wconf 80' lang='grc' dir='ltr'><strong><em>καὶ</em></strong></span> <span class='ocrx_word' id='word_1_52' title='bbox 1250 849 1333 921; x_wconf 74' lang='grc' dir='ltr'><strong><em>δι’</em></strong></span> <span class='ocrx_word' id='word_1_53' title='bbox 1383 849 1992 934; x_wconf 72' lang='grc' dir='ltr'><strong><em>ἀποκαταστάσεως</em></strong></span> <span class='ocrx_word' id='word_1_54' title='bbox 2025 850 2253 937; x_wconf 83' lang='grc' dir='ltr'><strong><em>αύτοῒς</em></strong></span> <span class='ocrx_word' id='word_1_55' title='bbox 2277 859 2612 943; x_wconf 84' lang='grc' dir='ltr'><strong><em>χαρίζεται</em></strong></span> 
     </span>
     <span class='ocr_line' id='line_1_8' title="bbox 261 949 2635 1044; baseline 0.001 -21"><span class='ocrx_word' id='word_1_56' title='bbox 261 955 382 1042; x_wconf 84' lang='grc' dir='ltr'><strong><em>τὴν</em></strong></span> <span class='ocrx_word' id='word_1_57' title='bbox 420 954 766 1042; x_wconf 85' lang='grc' dir='ltr'><strong><em>βοήθειαν,</em></strong></span> <span class='ocrx_word' id='word_1_58' title='bbox 814 949 915 1043; x_wconf 76' lang='grc' dir='ltr'><strong><em>ἐφ’</em></strong></span> <span class='ocrx_word' id='word_1_59' title='bbox 953 950 1055 1034; x_wconf 80' lang='grc' dir='ltr'><strong><em>οἷς</em></strong></span> <span class='ocrx_word' id='word_1_60' title='bbox 1100 949 1179 1023; x_wconf 73' lang='grc' dir='ltr'><strong><em>ἂν</em></strong></span> <span class='ocrx_word' id='word_1_61' title='bbox 1211 956 1376 1035; x_wconf 71' lang='grc' dir='ltr'><strong><em>ἴσως</em></strong></span> <span class='ocrx_word' id='word_1_62' title='bbox 1416 966 1889 1044; x_wconf 80' lang='grc' dir='ltr'><strong><em>περιγραφεῒεν</em></strong></span> <span class='ocrx_word' id='word_1_63' title='bbox 1921 951 2141 1025; x_wconf 78' lang='grc' dir='ltr'><strong><em>αὐτοί·</em></strong></span> <span class='ocrx_word' id='word_1_64' title='bbox 2187 957 2303 1044; x_wconf 89' lang='grc' dir='ltr'><strong><em>τὴν</em></strong></span> <span class='ocrx_word' id='word_1_65' title='bbox 2335 960 2407 1027; x_wconf 81' lang='grc' dir='ltr'><strong><em>δὲ</em></strong></span> <span class='ocrx_word' id='word_1_66' title='bbox 2437 955 2635 1027; x_wconf 85' lang='grc' dir='ltr'><strong><em>ἀπο-.</em></strong></span> 
     </span>
     <span class='ocr_line' id='line_1_9' title="bbox 262 1055 2612 1144; baseline 0.002 -21"><span class='ocrx_word' id='word_1_67' title='bbox 262 1055 670 1123; x_wconf 86' lang='grc' dir='ltr'><strong><em>κατάστασιν</em></strong></span> <span class='ocrx_word' id='word_1_68' title='bbox 711 1055 879 1124; x_wconf 83' lang='grc' dir='ltr'><strong><em>κατὰ</em></strong></span> <span class='ocrx_word' id='word_1_69' title='bbox 922 1056 1291 1144; x_wconf 72' lang='grc' dir='ltr'><strong><em>ἐρρωμένου</em></strong></span> <span class='ocrx_word' id='word_1_70' title='bbox 1323 1057 1710 1142; x_wconf 88' lang='grc' dir='ltr'><strong><em>πράγματος</em></strong></span> <span class='ocrx_word' id='word_1_71' title='bbox 1756 1058 2078 1125; x_wconf 74' lang='grc' dir='ltr'><strong><em>δίδοσθαι</em></strong></span> <span class='ocrx_word' id='word_1_72' title='bbox 2116 1060 2407 1144; x_wconf 72' lang='grc' dir='ltr'><strong><em>οἴδαμεν,</em></strong></span> <span class='ocrx_word' id='word_1_73' title='bbox 2455 1058 2612 1128; x_wconf 74' lang='grc' dir='ltr'><strong><em>ἄκυ-</em></strong></span> 
     </span>
     <span class='ocr_line' id='line_1_10' title="bbox 265 1156 2612 1248; baseline 0.002 -23"><span class='ocrx_word' id='word_1_74' title='bbox 265 1180 383 1241; x_wconf 84' lang='grc' dir='ltr'><strong><em>ρον</em></strong></span> <span class='ocrx_word' id='word_1_75' title='bbox 423 1168 569 1237; x_wconf 79' lang='grc' dir='ltr'><strong><em>τοῖς</em></strong></span> <span class='ocrx_word' id='word_1_76' title='bbox 611 1156 842 1242; x_wconf 87' lang='grc' dir='ltr'><strong><em>νόμοις</em></strong></span> <span class='ocrx_word' id='word_1_77' title='bbox 894 1156 1007 1224; x_wconf 91' lang='grc' dir='ltr'><strong><em>διά</em></strong></span> <span class='ocrx_word' id='word_1_78' title='bbox 1060 1182 1213 1225; x_wconf 89' lang='grc' dir='ltr'><strong><em>τινα</em></strong></span> <span class='ocrx_word' id='word_1_79' title='bbox 1268 1157 1738 1244; x_wconf 74' lang='grc' dir='ltr'><strong><em>ἐπιουμβᾶσαν</em></strong></span> <span class='ocrx_word' id='word_1_80' title='bbox 1791 1164 2188 1243; x_wconf 87' lang='grc' dir='ltr'><strong><em>περίστασιν</em></strong></span> <span class='ocrx_word' id='word_1_81' title='bbox 2233 1163 2612 1248; x_wconf 89' lang='grc' dir='ltr'><strong><em>προβαλλο-</em></strong></span> 
     </span>
     <span class='ocr_line' id='line_1_11' title="bbox 263 1252 2612 1349; baseline 0.003 -24"><span class='ocrx_word' id='word_1_82' title='bbox 263 1264 465 1343; x_wconf 80' lang='grc' dir='ltr'><strong><em>μένου</em></strong></span> <span class='ocrx_word' id='word_1_83' title='bbox 513 1258 693 1342; x_wconf 81' lang='grc' dir='ltr'><strong><em>ἰσχύν</em></strong></span> <span class='ocrx_word' id='word_1_84' title='bbox 719 1280 733 1295; x_wconf 88' lang='grc'><em>·</em></span> <span class='ocrx_word' id='word_1_85' title='bbox 799 1264 901 1338; x_wconf 88' lang='grc' dir='ltr'><strong><em>τίς</em></strong></span> <span class='ocrx_word' id='word_1_86' title='bbox 946 1252 1026 1327; x_wconf 74' lang='grc' dir='ltr'><strong><em>ἂν</em></strong></span> <span class='ocrx_word' id='word_1_87' title='bbox 1069 1259 1169 1346; x_wconf 79' lang='grc' dir='ltr'><strong><em>εἰἠ</em></strong></span> <span class='ocrx_word' id='word_1_88' title='bbox 1226 1260 1492 1345; x_wconf 82' lang='grc' dir='ltr'><strong><em>θρασὺς</em></strong></span> <span class='ocrx_word' id='word_1_89' title='bbox 1533 1259 1844 1348; x_wconf 86' lang='grc' dir='ltr'><strong><em>δικαστὴς</em></strong></span> <span class='ocrx_word' id='word_1_90' title='bbox 1900 1253 1944 1349; x_wconf 80' lang='grc' dir='ltr'><em>ἢ</em></span> <span class='ocrx_word' id='word_1_91' title='bbox 1986 1261 2298 1347; x_wconf 80' lang='grc' dir='ltr'><strong><em>βασιλεὺς</em></strong></span> <span class='ocrx_word' id='word_1_92' title='bbox 2341 1262 2454 1332; x_wconf 78' lang='grc' dir='ltr'><strong><em>ἐπὶ</em></strong></span> <span class='ocrx_word' id='word_1_93' title='bbox 2497 1288 2612 1331; x_wconf 90' lang='grc' dir='ltr'><strong><em>το-</em></strong></span> 
     </span>
     <span class='ocr_line' id='line_1_12' title="bbox 268 1355 2613 1450; baseline 0.002 -23"><span class='ocrx_word' id='word_1_94' title='bbox 268 1363 510 1428; x_wconf 87' lang='grc' dir='ltr'><strong><em>σοῦτον</em></strong></span> <span class='ocrx_word' id='word_1_95' title='bbox 541 1355 856 1448; x_wconf 76' lang='grc' dir='ltr'><strong><em>ὀλίγωρος</em></strong></span> <span class='ocrx_word' id='word_1_96' title='bbox 883 1362 1006 1443; x_wconf 76' lang='grc' dir='ltr'><strong><em>τοῦ</em></strong></span> <span class='ocrx_word' id='word_1_97' title='bbox 1032 1363 1221 1441; x_wconf 89' lang='grc' dir='ltr'><strong><em>θεοῦ,</em></strong></span> <span class='ocrx_word' id='word_1_98' title='bbox 1271 1355 1408 1440; x_wconf 80' lang='grc' dir='ltr'><strong><em>ὥς*</em></strong></span> <span class='ocrx_word' id='word_1_99' title='bbox 1449 1358 1617 1428; x_wconf 80' lang='grc' dir='ltr'><strong><em>κατά</em></strong></span> <span class='ocrx_word' id='word_1_100' title='bbox 1662 1360 2031 1448; x_wconf 75' lang='grc' dir='ltr'><strong><em>ἐρρωμένου</em></strong></span> <span class='ocrx_word' id='word_1_101' title='bbox 2074 1364 2195 1448; x_wconf 78' lang='grc' dir='ltr'><strong><em>μὲν</em></strong></span> <span class='ocrx_word' id='word_1_102' title='bbox 2224 1364 2613 1450; x_wconf 87' lang='grc' dir='ltr'><strong><em>πράγματος</em></strong></span> 
     </span>
     <span class='ocr_line' id='line_1_13' title="bbox 271 1458 2613 1550; baseline 0.003 -22"><span class='ocrx_word' id='word_1_103' title='bbox 271 1461 493 1550; x_wconf 83' lang='grc' dir='ltr'><strong><em>φύσει,</em></strong></span> <span class='ocrx_word' id='word_1_104' title='bbox 542 1461 652 1529; x_wconf 83' lang='grc' dir='ltr'><strong><em>διὰ</em></strong></span> <span class='ocrx_word' id='word_1_105' title='bbox 696 1462 768 1529; x_wconf 78' lang='grc' dir='ltr'><strong><em>δὲ</em></strong></span> <span class='ocrx_word' id='word_1_106' title='bbox 811 1458 1069 1549; x_wconf 79' lang='grc' dir='ltr'><strong><em>ἡλικίας</em></strong></span> <span class='ocrx_word' id='word_1_107' title='bbox 1113 1461 1407 1530; x_wconf 74' lang='grc' dir='ltr'><strong><em>ἐνταῦθα</em></strong></span> <span class='ocrx_word' id='word_1_108' title='bbox 1449 1470 2019 1549; x_wconf 84' lang='grc' dir='ltr'><strong><em>περιτρεπομένου</em></strong></span> <span class='ocrx_word' id='word_1_109' title='bbox 2065 1460 2383 1546; x_wconf 77' lang='grc' dir='ltr'><strong><em>ἀτέλειαν,</em></strong></span> <span class='ocrx_word' id='word_1_110' title='bbox 2437 1463 2613 1534; x_wconf 86' lang='grc' dir='ltr'><strong><em>ἀπο-</em></strong></span> 
     </span>
     <span class='ocr_line' id='line_1_14' title="bbox 266 1559 2612 1654; baseline 0.003 -24"><span class='ocrx_word' id='word_1_111' title='bbox 266 1563 669 1633; x_wconf 87' lang='grc' dir='ltr'><strong><em>κατάστασιν</em></strong></span> <span class='ocrx_word' id='word_1_112' title='bbox 723 1567 817 1649; x_wconf 76' lang='grc' dir='ltr'><strong><em>τῷ</em></strong></span> <span class='ocrx_word' id='word_1_113' title='bbox 878 1569 1004 1650; x_wconf 82' lang='grc' dir='ltr'><strong><em>νέῳ</em></strong></span> <span class='ocrx_word' id='word_1_114' title='bbox 1051 1560 1397 1650; x_wconf 84' lang='grc' dir='ltr'><strong><em>χαρίσεται</em></strong></span> <span class='ocrx_word' id='word_1_115' title='bbox 1451 1563 1566 1631; x_wconf 72' lang='grc' dir='ltr'><strong><em>καὶ</em></strong></span> <span class='ocrx_word' id='word_1_116' title='bbox 1623 1559 1949 1653; x_wconf 80' lang='grc' dir='ltr'><strong><em>αὐθέντης</em></strong></span> <span class='ocrx_word' id='word_1_117' title='bbox 1966 1604 1973 1613; x_wconf 89' lang='grc'><em>·</em></span> <span class='ocrx_word' id='word_1_118' title='bbox 1991 1565 2204 1654; x_wconf 79' lang='grc' dir='ltr'><strong><em>τούτῳ</em></strong></span> <span class='ocrx_word' id='word_1_119' title='bbox 2246 1566 2420 1652; x_wconf 85' lang='grc' dir='ltr'><strong><em>πρὸς</em></strong></span> <span class='ocrx_word' id='word_1_120' title='bbox 2458 1567 2612 1636; x_wconf 72' lang='grc' dir='ltr'><strong><em>ἐπι-</em></strong></span> 
     </span>
     <span class='ocr_line' id='line_1_15' title="bbox 267 1662 2613 1756; baseline 0.002 -24"><span class='ocrx_word' id='word_1_121' title='bbox 267 1663 496 1753; x_wconf 80' lang='grc' dir='ltr'><strong><em>ορκίαν</em></strong></span> <span class='ocrx_word' id='word_1_122' title='bbox 538 1665 898 1754; x_wconf 85' lang='grc' dir='ltr'><strong><em>γενήσεται,</em></strong></span> <span class='ocrx_word' id='word_1_123' title='bbox 944 1668 1063 1752; x_wconf 88' lang='grc' dir='ltr'><strong><em>τῆς</em></strong></span> <span class='ocrx_word' id='word_1_124' title='bbox 1101 1666 1222 1750; x_wconf 80' lang='grc' dir='ltr'><strong><em>μὲν</em></strong></span> <span class='ocrx_word' id='word_1_125' title='bbox 1267 1666 1564 1745; x_wconf 83' lang='grc' dir='ltr'><strong><em>παλαιᾶς</em></strong></span> <span class='ocrx_word' id='word_1_126' title='bbox 1608 1662 1852 1754; x_wconf 77' lang='grc' dir='ltr'><strong><em>ἐκείνης</em></strong></span> <span class='ocrx_word' id='word_1_127' title='bbox 1893 1669 2002 1733; x_wconf 86' lang='grc' dir='ltr'><strong><em>καὶ</em></strong></span> <span class='ocrx_word' id='word_1_128' title='bbox 2048 1666 2370 1748; x_wconf 85' lang='grc' dir='ltr'><strong><em>σκιιόδους</em></strong></span> <span class='ocrx_word' id='word_1_129' title='bbox 2413 1693 2613 1756; x_wconf 83' lang='grc' dir='ltr'><strong><em>νομο-</em></strong></span> 
     </span>
     <span class='ocr_line' id='line_1_16' title="bbox 263 1763 2614 1857; baseline 0.003 -25"><span class='ocrx_word' id='word_1_130' title='bbox 263 1773 526 1847; x_wconf 86' lang='grc' dir='ltr'><strong><em>θεσίας,</em></strong></span> <span class='ocrx_word' id='word_1_131' title='bbox 571 1764 612 1854; x_wconf 81' lang='grc' dir='ltr'>ἢ</span> <span class='ocrx_word' id='word_1_132' title='bbox 657 1768 1423 1855; x_wconf 84' lang='grc' dir='ltr'><strong><em>γαλακτοτροφουμένοις</em></strong></span> <span class='ocrx_word' id='word_1_133' title='bbox 1468 1768 1568 1836; x_wconf 75' lang='grc' dir='ltr'><strong><em>ἔτι</em></strong></span> <span class='ocrx_word' id='word_1_134' title='bbox 1608 1779 1753 1847; x_wconf 80' lang='grc' dir='ltr'><strong><em>τοῖς</em></strong></span> <span class='ocrx_word' id='word_1_135' title='bbox 1797 1763 2193 1854; x_wconf 84' lang='grc' dir='ltr'><strong><em>ἀνθρώποις</em></strong></span> <span class='ocrx_word' id='word_1_136' title='bbox 2236 1770 2409 1857; x_wconf 88' lang='grc' dir='ltr'><strong><em>πρὸς</em></strong></span> <span class='ocrx_word' id='word_1_137' title='bbox 2449 1777 2614 1840; x_wconf 88' lang='grc' dir='ltr'><strong><em>θεο-</em></strong></span> 
     </span>
     <span class='ocr_line' id='line_1_17' title="bbox 265 1865 2613 1957; baseline 0.002 -23"><span class='ocrx_word' id='word_1_138' title='bbox 265 1874 554 1954; x_wconf 80' lang='grc' dir='ltr'><strong><em>γνωσίαν</em></strong></span> <span class='ocrx_word' id='word_1_139' title='bbox 599 1867 877 1948; x_wconf 78' lang='grc' dir='ltr'><strong><em>ἐδίδοτο,</em></strong></span> <span class='ocrx_word' id='word_1_140' title='bbox 923 1867 1041 1954; x_wconf 84' lang='grc' dir='ltr'><strong><em>τὴν</em></strong></span> <span class='ocrx_word' id='word_1_141' title='bbox 1086 1868 1204 1937; x_wconf 74' lang='grc' dir='ltr'><strong><em>ἐπὶ</em></strong></span> <span class='ocrx_word' id='word_1_142' title='bbox 1243 1873 1601 1955; x_wconf 75' lang='grc' dir='ltr'><strong><em>ματαϊσμῷ</em></strong></span> <span class='ocrx_word' id='word_1_143' title='bbox 1649 1865 1974 1954; x_wconf 88' lang='grc' dir='ltr'><strong><em>ὀνόματος</em></strong></span> <span class='ocrx_word' id='word_1_144' title='bbox 2014 1872 2133 1936; x_wconf 89' lang='grc' dir='ltr'><strong><em>τοῦ</em></strong></span> <span class='ocrx_word' id='word_1_145' title='bbox 2163 1877 2360 1937; x_wconf 82' lang='grc' dir='ltr'><strong><em>θείου</em></strong></span> <span class='ocrx_word' id='word_1_146' title='bbox 2390 1871 2613 1957; x_wconf 87' lang='grc' dir='ltr'><strong><em>παρά-</em></strong></span> 
     </span>
     <span class='ocr_line' id='line_1_18' title="bbox 267 1964 2613 2058; baseline 0.002 -22"><span class='ocrx_word' id='word_1_147' title='bbox 267 1970 479 2056; x_wconf 86' lang='grc' dir='ltr'><strong><em>ληψιν</em></strong></span> <span class='ocrx_word' id='word_1_148' title='bbox 519 1965 956 2037; x_wconf 79' lang='grc' dir='ltr'><strong><em>ύποπλατεῖ“</em></strong></span> <span class='ocrx_word' id='word_1_149' title='bbox 1001 1964 1542 2058; x_wconf 81' lang='grc' dir='ltr'><strong><em>ἀπαγορευούσης</em></strong></span> <span class='ocrx_word' id='word_1_150' title='bbox 1595 1974 1690 2057; x_wconf 77' lang='grc' dir='ltr'><strong><em>τῷ</em></strong></span> <span class='ocrx_word' id='word_1_151' title='bbox 1749 1972 2247 2057; x_wconf 77' lang='grc' dir='ltr'><strong><em>παραγγέλματι</em></strong></span> <span class='ocrx_word' id='word_1_152' title='bbox 2295 1975 2403 2039; x_wconf 82' lang='grc' dir='ltr'><strong><em>καὶ</em></strong></span> <span class='ocrx_word' id='word_1_153' title='bbox 2446 1998 2613 2040; x_wconf 84' lang='grc' dir='ltr'><strong><em>παι·-</em></strong></span> 
     </span>
     <span class='ocr_line' id='line_1_19' title="bbox 269 2064 2611 2160; baseline 0.002 -22"><span class='ocrx_word' id='word_1_154' title='bbox 269 2070 539 2160; x_wconf 88' lang='grc' dir='ltr'><strong><em>διούσης</em></strong></span> <span class='ocrx_word' id='word_1_155' title='bbox 578 2070 730 2138; x_wconf 90' lang='grc' dir='ltr'><strong><em>τότε</em></strong></span> <span class='ocrx_word' id='word_1_156' title='bbox 772 2071 927 2149; x_wconf 83' lang='grc' dir='ltr'><strong><em>τοὺς</em></strong></span> <span class='ocrx_word' id='word_1_157' title='bbox 971 2064 1425 2157; x_wconf 81' lang='grc' dir='ltr'><strong><em>ἀκυρωμένους</em></strong></span> <span class='ocrx_word' id='word_1_158' title='bbox 1465 2069 1575 2138; x_wconf 84' lang='grc' dir='ltr'><strong><em>τὰ</em></strong></span> <span class='ocrx_word' id='word_1_159' title='bbox 1593 2073 1856 2157; x_wconf 74' lang='grc' dir='ltr'><strong><em>ἕνορκα,</em></strong></span> <span class='ocrx_word' id='word_1_160' title='bbox 1914 2075 2032 2160; x_wconf 81' lang='grc' dir='ltr'><strong><em>τῆς</em></strong></span> <span class='ocrx_word' id='word_1_161' title='bbox 2076 2074 2149 2140; x_wconf 81' lang='grc' dir='ltr'><strong><em>δὲ</em></strong></span> <span class='ocrx_word' id='word_1_162' title='bbox 2194 2069 2611 2160; x_wconf 74' lang='grc' dir='ltr'><strong><em>ὑψηλοτέρας</em></strong></span> 
     </span>
     <span class='ocr_line' id='line_1_20' title="bbox 265 2167 2614 2262; baseline 0.002 -23"><span class='ocrx_word' id='word_1_163' title='bbox 265 2172 508 2260; x_wconf 81' lang='grc' dir='ltr'><strong><em>ταύτης</em></strong></span> <span class='ocrx_word' id='word_1_164' title='bbox 563 2176 670 2240; x_wconf 86' lang='grc' dir='ltr'><strong><em>καὶ</em></strong></span> <span class='ocrx_word' id='word_1_165' title='bbox 727 2178 1067 2258; x_wconf 75' lang='grc' dir='ltr'><strong><em>θειοτέρας</em></strong></span> <span class='ocrx_word' id='word_1_166' title='bbox 1118 2172 1285 2258; x_wconf 81' lang='grc' dir='ltr'><strong><em>μηδὲ</em></strong></span> <span class='ocrx_word' id='word_1_167' title='bbox 1342 2167 1622 2259; x_wconf 88' lang='grc' dir='ltr'><strong><em>ὀμνῦναι</em></strong></span> <span class='ocrx_word' id='word_1_168' title='bbox 1666 2169 1836 2252; x_wconf 89' lang='grc' dir='ltr'><strong><em>όλως</em></strong></span> <span class='ocrx_word' id='word_1_169' title='bbox 1884 2180 2461 2262; x_wconf 84' lang='grc' dir='ltr'><strong><em>παρεγγυωμένης,</em></strong></span> <span class='ocrx_word' id='word_1_170' title='bbox 2523 2170 2614 2255; x_wconf 81' lang='grc' dir='ltr'><strong><em>ὥς</em></strong></span> 
     </span>
     <span class='ocr_line' id='line_1_21' title="bbox 265 2271 2612 2363; baseline 0.001 -22"><span class='ocrx_word' id='word_1_171' title='bbox 265 2277 385 2341; x_wconf 86' lang='grc' dir='ltr'><strong><em>τοῦ</em></strong></span> <span class='ocrx_word' id='word_1_172' title='bbox 430 2273 627 2360; x_wconf 84' lang='grc' dir='ltr'><strong><em>λόγου</em></strong></span> <span class='ocrx_word' id='word_1_173' title='bbox 670 2273 939 2354; x_wconf 89' lang='grc' dir='ltr'><strong><em>πάντως</em></strong></span> <span class='ocrx_word' id='word_1_174' title='bbox 970 2272 1083 2341; x_wconf 83' lang='grc' dir='ltr'><strong><em>διὰ</em></strong></span> <span class='ocrx_word' id='word_1_175' title='bbox 1120 2273 1237 2341; x_wconf 84' lang='grc' dir='ltr'><strong><em>τὸν</em></strong></span> <span class='ocrx_word' id='word_1_176' title='bbox 1267 2273 1520 2360; x_wconf 85' lang='grc' dir='ltr'><strong><em>τρόπον</em></strong></span> <span class='ocrx_word' id='word_1_177' title='bbox 1550 2271 1771 2362; x_wconf 82' lang='grc' dir='ltr'><strong><em>ἀρκεῖν</em></strong></span> <span class='ocrx_word' id='word_1_178' title='bbox 1803 2271 2190 2363; x_wconf 78' lang='grc' dir='ltr'><strong><em>ὀφείλοντος</em></strong></span> <span class='ocrx_word' id='word_1_179' title='bbox 2221 2276 2315 2356; x_wconf 87' lang='grc' dir='ltr'><strong><em>εις</em></strong></span> <span class='ocrx_word' id='word_1_180' title='bbox 2344 2280 2612 2360; x_wconf 74' lang='grc' dir='ltr'><strong><em>πειθῶς</em></strong></span> 
     </span>
     <span class='ocr_line' id='line_1_22' title="bbox 269 2366 2612 2467; baseline 0.001 -23"><span class='ocrx_word' id='word_1_181' title='bbox 269 2373 572 2462; x_wconf 69' lang='grc' dir='ltr'><strong><em>ἄντικρυς</em></strong></span> <span class='ocrx_word' id='word_1_182' title='bbox 624 2376 749 2464; x_wconf 91' lang='grc' dir='ltr'><strong><em>γάρ</em></strong></span> <span class='ocrx_word' id='word_1_183' title='bbox 775 2366 985 2443; x_wconf 75' lang='grc' dir='ltr'><strong><em>ἐστιν</em></strong></span> <span class='ocrx_word' id='word_1_184' title='bbox 1045 2370 1285 2460; x_wconf 85' lang='grc' dir='ltr'><strong><em>ἀνδρὸς</em></strong></span> <span class='ocrx_word' id='word_1_185' title='bbox 1339 2373 2019 2461; x_wconf 81' lang='grc' dir='ltr'><strong><em>ἀντινομοθετοῦντος</em></strong></span> <span class='ocrx_word' id='word_1_186' title='bbox 2064 2381 2241 2465; x_wconf 76' lang='grc' dir='ltr'><strong><em>θεῷ,</em></strong></span> <span class='ocrx_word' id='word_1_187' title='bbox 2303 2378 2612 2467; x_wconf 85' lang='grc' dir='ltr'><strong><em>τοιαύτην</em></strong></span> 
     </span>
     <span class='ocr_line' id='line_1_23' title="bbox 270 2473 2616 2569; baseline 0 -22"><span class='ocrx_word' id='word_1_188' title='bbox 270 2479 556 2565; x_wconf 80' lang='grc' dir='ltr'><strong><em>εἰσάγειν</em></strong></span> <span class='ocrx_word' id='word_1_189' title='bbox 598 2479 718 2566; x_wconf 86' lang='grc' dir='ltr'><strong><em>τὴν</em></strong></span> <span class='ocrx_word' id='word_1_190' title='bbox 762 2473 1052 2546; x_wconf 65' lang='grc' dir='ltr'><strong><em>ἀτοπίαν</em></strong></span> <span class='ocrx_word' id='word_1_191' title='bbox 1094 2481 1189 2566; x_wconf 76' lang='grc' dir='ltr'><strong><em>τῷ</em></strong></span> <span class='ocrx_word' id='word_1_192' title='bbox 1235 2478 1679 2565; x_wconf 89' lang='grc' dir='ltr'><strong><em>πολιτεύματι</em></strong></span> <span class='ocrx_word' id='word_1_193' title='bbox 1690 2530 1710 2560; x_wconf 90' lang='grc'><strong><em>,</em></strong></span> <span class='ocrx_word' id='word_1_194' title='bbox 1765 2482 1878 2547; x_wconf 83' lang='grc' dir='ltr'><strong><em>καὶ</em></strong></span> <span class='ocrx_word' id='word_1_195' title='bbox 1917 2482 2012 2567; x_wconf 77' lang='grc' dir='ltr'><strong><em>τῷ</em></strong></span> <span class='ocrx_word' id='word_1_196' title='bbox 2055 2483 2175 2568; x_wconf 88' lang='grc' dir='ltr'><strong><em>τῆς</em></strong></span> <span class='ocrx_word' id='word_1_197' title='bbox 2214 2476 2472 2569; x_wconf 79' lang='grc' dir='ltr'><strong><em>ἡλικίας</em></strong></span> <span class='ocrx_word' id='word_1_198' title='bbox 2515 2481 2616 2548; x_wconf 64' lang='grc' dir='ltr'><strong><em>ἔτι</em></strong></span> 
     </span>
     <span class='ocr_line' id='line_1_24' title="bbox 267 2575 2615 2671; baseline 0 -23"><span class='ocrx_word' id='word_1_199' title='bbox 267 2577 511 2669; x_wconf 78' lang='grc' dir='ltr'><strong><em>ἁπαλῷ</em></strong></span> <span class='ocrx_word' id='word_1_200' title='bbox 555 2583 667 2649; x_wconf 89' lang='grc' dir='ltr'><strong><em>καὶ</em></strong></span> <span class='ocrx_word' id='word_1_201' title='bbox 697 2575 1056 2662; x_wconf 84' lang='grc' dir='ltr'><strong><em>ὀκλάζοντι,</em></strong></span> <span class='ocrx_word' id='word_1_202' title='bbox 1100 2582 1415 2667; x_wconf 87' lang='grc' dir='ltr'><strong><em>καθάπερ</em></strong></span> <span class='ocrx_word' id='word_1_203' title='bbox 1447 2580 1809 2669; x_wconf 75' lang='grc' dir='ltr'><strong><em>εἰρήκαμεν,</em></strong></span> <span class='ocrx_word' id='word_1_204' title='bbox 1856 2585 2320 2670; x_wconf 85' lang='grc' dir='ltr'><strong><em>σφραγιστῆρα</em></strong></span> <span class='ocrx_word' id='word_1_205' title='bbox 2347 2580 2464 2671; x_wconf 87' lang='grc' dir='ltr'><strong><em>τὴν</em></strong></span> <span class='ocrx_word' id='word_1_206' title='bbox 2494 2586 2615 2649; x_wconf 89' lang='grc' dir='ltr'><strong><em>τοῦ</em></strong></span> 
     </span>
     <span class='ocr_line' id='line_1_25' title="bbox 266 2679 2618 2774; baseline 0.001 -24"><span class='ocrx_word' id='word_1_207' title='bbox 266 2686 435 2751; x_wconf 89' lang='grc' dir='ltr'><strong><em>θεοῦ</em></strong></span> <span class='ocrx_word' id='word_1_208' title='bbox 479 2679 671 2774; x_wconf 74' lang='grc' dir='ltr'><strong><em>ῦβριν</em></strong></span> <span class='ocrx_word' id='word_1_209' title='bbox 713 2684 823 2750; x_wconf 83' lang='grc' dir='ltr'><strong><em>καὶ</em></strong></span> <span class='ocrx_word' id='word_1_210' title='bbox 866 2681 1358 2771; x_wconf 85' lang='grc' dir='ltr'><strong><em>περιφρόνησιν</em></strong></span> <span class='ocrx_word' id='word_1_211' title='bbox 1403 2683 1748 2752; x_wconf 76' lang='grc' dir='ltr'><strong><em>ἐντυποῦν.</em></strong></span> <span class='ocrx_word' id='word_1_212' title='bbox 1838 2679 2009 2770; x_wconf 77' lang='grc' dir='ltr'><strong><em>ὅπερ</em></strong></span> <span class='ocrx_word' id='word_1_213' title='bbox 2050 2685 2176 2752; x_wconf 70' lang='grc' dir='ltr'><strong><em>’ἵνα</em></strong></span> <span class='ocrx_word' id='word_1_214' title='bbox 2217 2683 2307 2773; x_wconf 85' lang='grc' dir='ltr'><strong><em>μὴ</em></strong></span> <span class='ocrx_word' id='word_1_215' title='bbox 2351 2691 2618 2772; x_wconf 88' lang='grc' dir='ltr'><strong><em>γένηται</em></strong></span> 
     </span>
     <span class='ocr_line' id='line_1_26' title="bbox 270 2779 2616 2873; baseline 0.001 -21"><span class='ocrx_word' id='word_1_216' title='bbox 270 2779 411 2852; x_wconf 85' lang='grc' dir='ltr'><strong><em>ἀπό</em></strong></span> <span class='ocrx_word' id='word_1_217' title='bbox 454 2809 528 2871; x_wconf 93' lang='grc' dir='ltr'><strong><em>γε</em></strong></span> <span class='ocrx_word' id='word_1_218' title='bbox 569 2787 686 2851; x_wconf 88' lang='grc' dir='ltr'><strong><em>τοῦ</em></strong></span> <span class='ocrx_word' id='word_1_219' title='bbox 731 2788 845 2851; x_wconf 87' lang='grc' dir='ltr'><strong><em>νῦν</em></strong></span> <span class='ocrx_word' id='word_1_220' title='bbox 888 2786 996 2852; x_wconf 84' lang='grc' dir='ltr'><strong><em>καὶ</em></strong></span> <span class='ocrx_word' id='word_1_221' title='bbox 1044 2784 1138 2863; x_wconf 77' lang='grc' dir='ltr'><strong><em>εἷς</em></strong></span> <span class='ocrx_word' id='word_1_222' title='bbox 1179 2784 1256 2851; x_wconf 89' lang='grc' dir='ltr'><strong><em>τὸ</em></strong></span> <span class='ocrx_word' id='word_1_223' title='bbox 1302 2785 1480 2872; x_wconf 77' lang='grc' dir='ltr'><strong><em>ἑξῆς,</em></strong></span> <span class='ocrx_word' id='word_1_224' title='bbox 1545 2786 1886 2872; x_wconf 80' lang='grc' dir='ltr'><strong><em>καθολικῷ</em></strong></span> <span class='ocrx_word' id='word_1_225' title='bbox 1930 2788 2039 2853; x_wconf 82' lang='grc' dir='ltr'><strong><em>καὶ</em></strong></span> <span class='ocrx_word' id='word_1_226' title='bbox 2083 2786 2314 2873; x_wconf 82' lang='grc' dir='ltr'><strong><em>τελείῳ</em></strong></span> <span class='ocrx_word' id='word_1_227' title='bbox 2358 2789 2465 2854; x_wconf 86' lang='grc' dir='ltr'><strong><em>καὶ</em></strong></span> <span class='ocrx_word' id='word_1_228' title='bbox 2509 2811 2616 2873; x_wconf 85' lang='grc' dir='ltr'><strong><em>γε-</em></strong></span> 
     </span>
     <span class='ocr_line' id='line_1_27' title="bbox 269 2885 2617 2976; baseline 0 -22"><span class='ocrx_word' id='word_1_229' title='bbox 269 2889 430 2973; x_wconf 79' lang='grc' dir='ltr'><strong><em>νικῷ</em></strong></span> <span class='ocrx_word' id='word_1_230' title='bbox 472 2888 972 2973; x_wconf 82' lang='grc' dir='ltr'><strong><em>παραγγέλματι</em></strong></span> <span class='ocrx_word' id='word_1_231' title='bbox 1015 2885 1130 2954; x_wconf 80' lang='grc' dir='ltr'><strong><em>διὰ</em></strong></span> <span class='ocrx_word' id='word_1_232' title='bbox 1170 2889 1289 2974; x_wconf 83' lang='grc' dir='ltr'><strong><em>τῆς</em></strong></span> <span class='ocrx_word' id='word_1_233' title='bbox 1317 2885 1664 2974; x_wconf 87' lang='grc' dir='ltr'><strong><em>παρούσης</em></strong></span> <span class='ocrx_word' id='word_1_234' title='bbox 1695 2886 2184 2972; x_wconf 88' lang='grc' dir='ltr'><strong><em>χρυσοβούλλου</em></strong></span> <span class='ocrx_word' id='word_1_235' title='bbox 2213 2891 2472 2975; x_wconf 85' lang='grc' dir='ltr'><strong><em>γραφῆς</em></strong></span> <span class='ocrx_word' id='word_1_236' title='bbox 2498 2887 2617 2976; x_wconf 87' lang='grc' dir='ltr'><strong><em>τὴν</em></strong></span> 
     </span>
     <span class='ocr_line' id='line_1_28' title="bbox 269 2982 2620 3073; baseline -0 -17"><span class='ocrx_word' id='word_1_237' title='bbox 269 2987 439 3056; x_wconf 85' lang='grc' dir='ltr'><strong><em>κατὰ</em></strong></span> <span class='ocrx_word' id='word_1_238' title='bbox 481 2987 857 3073; x_wconf 82' lang='grc' dir='ltr'><strong><em>σωματικόν</em></strong></span> <span class='ocrx_word' id='word_1_239' title='bbox 889 2984 1082 3073; x_wconf 80' lang='grc' dir='ltr'><strong><em>ὅρκον</em></strong></span> <span class='ocrx_word' id='word_1_240' title='bbox 1100 2991 1141 3022; x_wconf 82' lang='lat'><strong><em>¹²</em></strong></span> <span class='ocrx_word' id='word_1_241' title='bbox 1183 2991 1660 3072; x_wconf 89' lang='grc' dir='ltr'><strong><em>περιαιροῦμεν</em></strong></span> <span class='ocrx_word' id='word_1_242' title='bbox 1692 2982 2256 3068; x_wconf 87' lang='grc' dir='ltr'><strong><em>ἀποκατάστασιν,</em></strong></span> <span class='ocrx_word' id='word_1_243' title='bbox 2302 2991 2413 3055; x_wconf 80' lang='grc' dir='ltr'><strong><em>καὶ</em></strong></span> <span class='ocrx_word' id='word_1_244' title='bbox 2443 2992 2620 3056; x_wconf 81' lang='grc' dir='ltr'><strong><em>πᾶσι</em></strong></span> 
     </span>
     <span class='ocr_line' id='line_1_29' title="bbox 269 3083 2619 3176; baseline -0.001 -18"><span class='ocrx_word' id='word_1_245' title='bbox 269 3089 803 3176; x_wconf 85' lang='grc' dir='ltr'><strong><em>παρεγγυώμεθα</em></strong></span> <span class='ocrx_word' id='word_1_246' title='bbox 846 3092 1210 3168; x_wconf 79' lang='grc' dir='ltr'><strong><em>δικασταῖς,</em></strong></span> <span class='ocrx_word' id='word_1_247' title='bbox 1254 3084 1411 3176; x_wconf 71' lang='grc' dir='ltr'><strong><em>μηδ’</em></strong></span> <span class='ocrx_word' id='word_1_248' title='bbox 1464 3088 1559 3168; x_wconf 85' lang='grc' dir='ltr'><strong><em>εἰς</em></strong></span> <span class='ocrx_word' id='word_1_249' title='bbox 1605 3091 1758 3156; x_wconf 88' lang='grc' dir='ltr'><strong><em>νοῦν</em></strong></span> <span class='ocrx_word' id='word_1_250' title='bbox 1802 3113 1971 3157; x_wconf 86' lang='grc' dir='ltr'><strong><em>ποτε</em></strong></span> <span class='ocrx_word' id='word_1_251' title='bbox 1999 3090 2336 3175; x_wconf 85' lang='grc' dir='ltr'><strong><em>λαβέσθαι</em></strong></span> <span class='ocrx_word' id='word_1_252' title='bbox 2368 3088 2448 3156; x_wconf 86' lang='grc' dir='ltr'><strong><em>τὸ</em></strong></span> <span class='ocrx_word' id='word_1_253' title='bbox 2479 3083 2619 3155; x_wconf 86' lang='grc' dir='ltr'><strong><em>ἀπὸ</em></strong></span> 
     </span>
     <span class='ocr_line' id='line_1_30' title="bbox 269 3185 2618 3279; baseline -0 -21"><span class='ocrx_word' id='word_1_254' title='bbox 269 3192 468 3259; x_wconf 89' lang='grc' dir='ltr'><strong><em>τοῦδε</em></strong></span> <span class='ocrx_word' id='word_1_255' title='bbox 506 3186 549 3279; x_wconf 88' lang='grc' dir='ltr'><em>ἢ</em></span> <span class='ocrx_word' id='word_1_256' title='bbox 589 3194 934 3279; x_wconf 82' lang='grc' dir='ltr'><strong><em>βοηθῆσαι</em></strong></span> <span class='ocrx_word' id='word_1_257' title='bbox 974 3190 1144 3267; x_wconf 84' lang='grc' dir='ltr'><strong><em>κατὰ</em></strong></span> <span class='ocrx_word' id='word_1_258' title='bbox 1185 3193 1354 3258; x_wconf 86' lang='grc' dir='ltr'><strong><em>θεοῦ</em></strong></span> <span class='ocrx_word' id='word_1_259' title='bbox 1397 3193 1516 3277; x_wconf 87' lang='grc' dir='ltr'><strong><em>τῆς</em></strong></span> <span class='ocrx_word' id='word_1_260' title='bbox 1558 3186 1816 3275; x_wconf 83' lang='grc' dir='ltr'><strong><em>ἡλικίας</em></strong></span> <span class='ocrx_word' id='word_1_261' title='bbox 1871 3192 1966 3275; x_wconf 79' lang='grc' dir='ltr'><strong><em>τῷ</em></strong></span> <span class='ocrx_word' id='word_1_262' title='bbox 2025 3185 2246 3257; x_wconf 80' lang='grc' dir='ltr'><strong><em>ἀτελεῖ</em></strong></span> <span class='ocrx_word' id='word_1_263' title='bbox 2257 3241 2276 3271; x_wconf 93' lang='grc'><strong><em>,</em></strong></span> <span class='ocrx_word' id='word_1_264' title='bbox 2334 3193 2445 3257; x_wconf 76' lang='grc' dir='ltr'><strong><em>καὶ</em></strong></span> <span class='ocrx_word' id='word_1_265' title='bbox 2499 3189 2618 3278; x_wconf 86' lang='grc' dir='ltr'><strong><em>τὴν</em></strong></span> 
     </span>
     <span class='ocr_line' id='line_1_31' title="bbox 274 3286 2615 3381; baseline 0 -21"><span class='ocrx_word' id='word_1_266' title='bbox 274 3288 818 3361; x_wconf 82' lang='grc' dir='ltr'><strong><em>ἀποκατάστασιν</em></strong></span> <span class='ocrx_word' id='word_1_267' title='bbox 864 3293 1099 3360; x_wconf 89' lang='grc' dir='ltr'><strong><em>δοῦναι</em></strong></span> <span class='ocrx_word' id='word_1_268' title='bbox 1136 3302 1560 3379; x_wconf 83' lang='grc' dir='ltr'><strong><em>χειραγωγεῖν</em></strong></span> <span class='ocrx_word' id='word_1_269' title='bbox 1598 3291 1693 3371; x_wconf 82' lang='grc' dir='ltr'><strong><em>εἰς</em></strong></span> <span class='ocrx_word' id='word_1_270' title='bbox 1736 3290 2070 3377; x_wconf 78' lang='grc' dir='ltr'><strong><em>ἒνωμότου</em></strong></span> <span class='ocrx_word' id='word_1_271' title='bbox 2114 3291 2425 3381; x_wconf 86' lang='grc' dir='ltr'><strong><em>τοιαύτης</em></strong></span> <span class='ocrx_word' id='word_1_272' title='bbox 2453 3286 2615 3360; x_wconf 85' lang='grc' dir='ltr'><strong><em>ἀθέ-</em></strong></span> 
     </span>
     <span class='ocr_line' id='line_1_32' title="bbox 271 3392 2623 3484; baseline -0.001 -21"><span class='ocrx_word' id='word_1_273' title='bbox 271 3419 464 3484; x_wconf 87' lang='grc' dir='ltr'><strong><em>τησιν</em></strong></span> <span class='ocrx_word' id='word_1_274' title='bbox 522 3394 871 3483; x_wconf 84' lang='grc' dir='ltr'><strong><em>συνθήκης.</em></strong></span> <span class='ocrx_word' id='word_1_275' title='bbox 961 3396 1158 3461; x_wconf 90' lang='grc' dir='ltr'><strong><em>τοῦτο</em></strong></span> <span class='ocrx_word' id='word_1_276' title='bbox 1214 3392 1337 3480; x_wconf 85' lang='grc' dir='ltr'><strong><em>γὰρ</em></strong></span> <span class='ocrx_word' id='word_1_277' title='bbox 1393 3393 1748 3482; x_wconf 86' lang='grc' dir='ltr'><strong><em>προδήλως</em></strong></span> <span class='ocrx_word' id='word_1_278' title='bbox 1801 3397 1909 3461; x_wconf 83' lang='grc' dir='ltr'><strong><em>καὶ</em></strong></span> <span class='ocrx_word' id='word_1_279' title='bbox 1965 3393 2050 3461; x_wconf 84' lang='grc' dir='ltr'><strong><em>τὰ</em></strong></span> <span class='ocrx_word' id='word_1_280' title='bbox 2109 3393 2178 3463; x_wconf 73' lang='grc' dir='ltr'><strong><em>ἐν</em></strong></span> <span class='ocrx_word' id='word_1_281' title='bbox 2233 3397 2327 3481; x_wconf 75' lang='grc' dir='ltr'><strong><em>τῷ</em></strong></span> <span class='ocrx_word' id='word_1_282' title='bbox 2385 3393 2623 3482; x_wconf 76' lang='grc' dir='ltr'><strong><em>ἐδάφει</em></strong></span> 
     </span>
     <span class='ocr_line' id='line_1_33' title="bbox 272 3493 2619 3583; baseline 0 -20"><span class='ocrx_word' id='word_1_283' title='bbox 272 3500 407 3564; x_wconf 87' lang='grc' dir='ltr'><strong><em>τῶν</em></strong></span> <span class='ocrx_word' id='word_1_284' title='bbox 447 3498 810 3582; x_wconf 80' lang='grc' dir='ltr'><strong><em>βασιλικῶν</em></strong></span> <span class='ocrx_word' id='word_1_285' title='bbox 853 3502 1117 3580; x_wconf 87' lang='grc' dir='ltr'><strong><em>κείμενα</em></strong></span> <span class='ocrx_word' id='word_1_286' title='bbox 1146 3493 1264 3562; x_wconf 88' lang='grc' dir='ltr'><strong><em>δύο</em></strong></span> <span class='ocrx_word' id='word_1_287' title='bbox 1293 3502 1735 3582; x_wconf 85' lang='grc' dir='ltr'><strong><em>θεσπίσματα</em></strong></span> <span class='ocrx_word' id='word_1_288' title='bbox 1766 3500 2217 3581; x_wconf 85' lang='grc' dir='ltr'><strong><em>νομοθετοῦσι</em></strong></span> <span class='ocrx_word' id='word_1_289' title='bbox 2245 3499 2619 3583; x_wconf 86' lang='grc' dir='ltr'><strong><em>θεοσεβῶς·</em></strong></span> 
     </span>
     <span class='ocr_line' id='line_1_34' title="bbox 273 3595 2622 3685; baseline -0 -20"><span class='ocrx_word' id='word_1_290' title='bbox 273 3598 353 3665; x_wconf 83' lang='grc' dir='ltr'><strong><em>τὸ</em></strong></span> <span class='ocrx_word' id='word_1_291' title='bbox 408 3600 530 3684; x_wconf 82' lang='grc' dir='ltr'><strong><em>μὲν</em></strong></span> <span class='ocrx_word' id='word_1_292' title='bbox 583 3598 771 3685; x_wconf 87' lang='grc' dir='ltr'><strong><em>παρὰ</em></strong></span> <span class='ocrx_word' id='word_1_293' title='bbox 827 3596 1204 3683; x_wconf 88' lang='grc' dir='ltr'><strong><em>σωματικὸν</em></strong></span> <span class='ocrx_word' id='word_1_294' title='bbox 1264 3596 1458 3684; x_wconf 79' lang='grc' dir='ltr'><strong><em>ὅρκον</em></strong></span> <span class='ocrx_word' id='word_1_295' title='bbox 1513 3599 1837 3685; x_wconf 87' lang='grc' dir='ltr'><strong><em>μηδεμίαν</em></strong></span> <span class='ocrx_word' id='word_1_296' title='bbox 1894 3604 2183 3684; x_wconf 83' lang='grc' dir='ltr'><strong><em>παρέχον</em></strong></span> <span class='ocrx_word' id='word_1_297' title='bbox 2241 3595 2471 3667; x_wconf 76' lang='grc' dir='ltr'><strong><em>ἄδειαν</em></strong></span> <span class='ocrx_word' id='word_1_298' title='bbox 2527 3600 2622 3684; x_wconf 78' lang='grc' dir='ltr'><strong><em>τῷ</em></strong></span> 
     </span>
     <span class='ocr_line' id='line_1_35' title="bbox 275 3691 2624 3788; baseline -0.002 -20"><span class='ocrx_word' id='word_1_299' title='bbox 275 3705 574 3788; x_wconf 81' lang='grc' dir='ltr'><strong><em>νεωτέρῳ</em></strong></span> <span class='ocrx_word' id='word_1_300' title='bbox 620 3695 701 3768; x_wconf 75' lang='grc' dir='ltr'><strong><em>δι’</em></strong></span> <span class='ocrx_word' id='word_1_301' title='bbox 750 3695 1359 3780; x_wconf 84' lang='grc' dir='ltr'><strong><em>ἀποκαταστάσεως</em></strong></span> <span class='ocrx_word' id='word_1_302' title='bbox 1388 3691 1599 3779; x_wconf 71' lang='grc' dir='ltr'><strong><em>αὖθις</em></strong></span> <span class='ocrx_word' id='word_1_303' title='bbox 1637 3702 1793 3784; x_wconf 82' lang='grc' dir='ltr'><strong><em>περὶ</em></strong></span> <span class='ocrx_word' id='word_1_304' title='bbox 1834 3703 1953 3786; x_wconf 85' lang='grc' dir='ltr'><strong><em>τῆς</em></strong></span> <span class='ocrx_word' id='word_1_305' title='bbox 1994 3697 2251 3788; x_wconf 78' lang='grc' dir='ltr'><strong><em>ἡλικίας</em></strong></span> <span class='ocrx_word' id='word_1_306' title='bbox 2295 3696 2624 3768; x_wconf 74' lang='grc' dir='ltr'><strong><em>ἀνακινεῖν</em></strong></span> 
     </span>
     <span class='ocr_line' id='line_1_36' title="bbox 277 3795 2625 3890; baseline -0.002 -21"><span class='ocrx_word' id='word_1_307' title='bbox 277 3805 385 3869; x_wconf 80' lang='grc' dir='ltr'><strong><em>καὶ</em></strong></span> <span class='ocrx_word' id='word_1_308' title='bbox 425 3801 547 3890; x_wconf 82' lang='grc' dir='ltr'><strong><em>τήν</em></strong></span> <span class='ocrx_word' id='word_1_309' title='bbox 589 3805 748 3888; x_wconf 84' lang='grc' dir='ltr'><strong><em>περὶ</em></strong></span> <span class='ocrx_word' id='word_1_310' title='bbox 788 3801 1030 3889; x_wconf 84' lang='grc' dir='ltr'><strong><em>ταύτης</em></strong></span> <span class='ocrx_word' id='word_1_311' title='bbox 1076 3801 1259 3889; x_wconf 84' lang='grc' dir='ltr'><strong><em>δίκην</em></strong></span> <span class='ocrx_word' id='word_1_312' title='bbox 1313 3806 1586 3868; x_wconf 82' lang='grc' dir='ltr'><strong><em>τιθέναι</em></strong></span> <span class='ocrx_word' id='word_1_313' title='bbox 1640 3795 1951 3868; x_wconf 85' lang='grc' dir='ltr'><strong><em>ἀνάδικον</em></strong></span> <span class='ocrx_word' id='word_1_314' title='bbox 1968 3804 2040 3836; x_wconf 77' lang='lat'><strong><em>¹³·</em></strong></span> <span class='ocrx_word' id='word_1_315' title='bbox 2095 3801 2175 3868; x_wconf 88' lang='grc' dir='ltr'><strong><em>τὸ</em></strong></span> <span class='ocrx_word' id='word_1_316' title='bbox 2233 3801 2307 3867; x_wconf 82' lang='grc' dir='ltr'><strong><em>δὲ</em></strong></span> <span class='ocrx_word' id='word_1_317' title='bbox 2362 3798 2625 3884; x_wconf 79' lang='grc' dir='ltr'><strong><em>εἰσάγον</em></strong></span> 
     </span>
     <span class='ocr_line' id='line_1_37' title="bbox 275 3895 2624 3992; baseline -0.001 -23"><span class='ocrx_word' id='word_1_318' title='bbox 275 3903 392 3970; x_wconf 86' lang='grc' dir='ltr'><strong><em>τὸν</em></strong></span> <span class='ocrx_word' id='word_1_319' title='bbox 434 3905 716 3989; x_wconf 86' lang='grc' dir='ltr'><strong><em>βασιλέα</em></strong></span> <span class='ocrx_word' id='word_1_320' title='bbox 760 3903 880 3971; x_wconf 77' lang='grc' dir='ltr'><strong><em>ἐπὶ</em></strong></span> <span class='ocrx_word' id='word_1_321' title='bbox 907 3897 1234 3992; x_wconf 80' lang='grc' dir='ltr'><strong><em>ἀφήλικος</em></strong></span> <span class='ocrx_word' id='word_1_322' title='bbox 1263 3897 1771 3989; x_wconf 86' lang='grc' dir='ltr'><strong><em>ἀνακρινόμενον</em></strong></span> <span class='ocrx_word' id='word_1_323' title='bbox 1801 3896 2128 3988; x_wconf 79' lang='grc' dir='ltr'><strong><em>ἀναφορᾷ,</em></strong></span> <span class='ocrx_word' id='word_1_324' title='bbox 2175 3896 2267 3980; x_wconf 80' lang='grc' dir='ltr'><strong><em>ὥς</em></strong></span> <span class='ocrx_word' id='word_1_325' title='bbox 2296 3895 2624 3987; x_wconf 81' lang='grc' dir='ltr'><strong><em>αύθέντην</em></strong></span> 
     </span>
     <span class='ocr_line' id='line_1_38' title="bbox 276 3996 2625 4093; baseline -0.001 -21"><span class='ocrx_word' id='word_1_326' title='bbox 276 4009 514 4073; x_wconf 90' lang='grc' dir='ltr'><strong><em>τοῦτον</em></strong></span> <span class='ocrx_word' id='word_1_327' title='bbox 576 4011 895 4093; x_wconf 86' lang='grc' dir='ltr'><strong><em>γενέσθαι</em></strong></span> <span class='ocrx_word' id='word_1_328' title='bbox 953 4005 1296 4091; x_wconf 76' lang='grc' dir='ltr'><strong><em>ἐπιορκίας</em></strong></span> <span class='ocrx_word' id='word_1_329' title='bbox 1352 4000 1471 4071; x_wconf 78' lang='grc' dir='ltr'><strong><em>οὐκ</em></strong></span> <span class='ocrx_word' id='word_1_330' title='bbox 1525 4002 1771 4070; x_wconf 78' lang='grc' dir='ltr'><strong><em>εἰδέναι</em></strong></span> <span class='ocrx_word' id='word_1_331' title='bbox 1786 4005 1823 4036; x_wconf 75' lang='lat'><strong><em>¹⁴</em></strong></span> <span class='ocrx_word' id='word_1_332' title='bbox 1882 3996 2169 4089; x_wconf 85' lang='grc' dir='ltr'><strong><em>ὀφείλει·</em></strong></span> <span class='ocrx_word' id='word_1_333' title='bbox 2233 4004 2342 4069; x_wconf 84' lang='grc' dir='ltr'><strong><em>καὶ</em></strong></span> <span class='ocrx_word' id='word_1_334' title='bbox 2409 3996 2625 4081; x_wconf 77' lang='grc' dir='ltr'><strong><em>οὐδείς</em></strong></span> 
     </span>
    </p>
   </div>
   <div class='ocr_carea' id='block_1_3' title="bbox 278 4123 2623 4398">
    <p class='ocr_par' dir='ltr' id='par_1_3' title="bbox 278 4123 2623 4384">
     <span class='ocr_line' id='line_1_39' title="bbox 414 4123 2623 4213; baseline -0.002 -2"><span class='ocrx_word' id='word_1_335' title='bbox 414 4158 453 4187; x_wconf 82' lang='lat'><strong><em>⁸⁰</em></strong></span> <span class='ocrx_word' id='word_1_336' title='bbox 488 4160 605 4211; x_wconf 77' lang='lat' dir='ltr'><strong>Cod.</strong></span> <span class='ocrx_word' id='word_1_337' title='bbox 643 4152 745 4210; x_wconf 73' lang='grc' dir='ltr'><strong><em>ὅτι.</em></strong></span> <span class='ocrx_word' id='word_1_338' title='bbox 897 4123 976 4194; x_wconf 49' lang='grc' dir='ltr'><strong><em>Ἠ*</em></strong></span> <span class='ocrx_word' id='word_1_339' title='bbox 999 4162 1154 4213; x_wconf 66' lang='lat' dir='ltr'><strong>Malim</strong></span> <span class='ocrx_word' id='word_1_340' title='bbox 1191 4155 1264 4213; x_wconf 75' lang='grc' dir='ltr'><strong><em>ὅς.</em></strong></span> <span class='ocrx_word' id='word_1_341' title='bbox 1456 4157 1489 4186; x_wconf 85' lang='lat'><strong><em>¹¹</em></strong></span> <span class='ocrx_word' id='word_1_342' title='bbox 1528 4151 2449 4209; x_wconf 67' lang='lat' dir='ltr'><strong><em>eod.z‘1non2oenza.²unlim</em></strong></span> <span class='ocrx_word' id='word_1_343' title='bbox 2482 4151 2623 4207; x_wconf 74' lang='grc' dir='ltr'><strong><em>κατὰ</em></strong></span> 
     </span>
     <span class='ocr_line' id='line_1_40' title="bbox 278 4239 2622 4313; baseline -0 -19"><span class='ocrx_word' id='word_1_344' title='bbox 278 4244 611 4312; x_wconf 75' lang='grc' dir='ltr'><strong><em>σωματικων</em></strong></span> <span class='ocrx_word' id='word_1_345' title='bbox 645 4240 841 4313; x_wconf 77' lang='grc' dir='ltr'><strong><em>ὅρκων.</em></strong></span> <span class='ocrx_word' id='word_1_346' title='bbox 1017 4243 1258 4298; x_wconf 73' lang='lat' dir='ltr'><strong><em>&#39;videsis</em></strong></span> <span class='ocrx_word' id='word_1_347' title='bbox 1294 4244 1438 4297; x_wconf 75' lang='lat' dir='ltr'><strong>Basil.</strong></span> <span class='ocrx_word' id='word_1_348' title='bbox 1475 4246 1529 4310; x_wconf 80' lang='lat' dir='ltr'><strong><em>X,</em></strong></span> <span class='ocrx_word' id='word_1_349' title='bbox 1565 4244 1648 4309; x_wconf 77' lang='grc'><strong><em>25,</em></strong></span> <span class='ocrx_word' id='word_1_350' title='bbox 1684 4243 1716 4294; x_wconf 79' lang='lat'><strong>3</strong></span> <span class='ocrx_word' id='word_1_351' title='bbox 1755 4258 1813 4295; x_wconf 80' lang='lat' dir='ltr'><strong><em>ex</em></strong></span> <span class='ocrx_word' id='word_1_352' title='bbox 1848 4241 2265 4307; x_wconf 79' lang='lat' dir='ltr'><strong>Cod.11‚42,3.</strong></span> <span class='ocrx_word' id='word_1_353' title='bbox 2405 4239 2443 4270; x_wconf 82' lang='lat'><strong><em>¹⁴</em></strong></span> <span class='ocrx_word' id='word_1_354' title='bbox 2477 4243 2622 4296; x_wconf 70' lang='lat' dir='ltr'><strong>Basil.</strong></span> 
     </span>
     <span class='ocr_line' id='line_1_41' title="bbox 280 4330 1069 4398; baseline 0.004 -19"><span class='ocrx_word' id='word_1_355' title='bbox 280 4330 1069 4398; x_wconf 72' lang='lat' dir='ltr'><strong>X‚1o,1exc0d.n,271</strong></span> 
     </span>
    </p>
   </div>
  </div>
 </body>
</html>
