2900 4950
1030 255 1149 319 Imp.
1185 252 1416 305 nannetis
1435 246 1704 305 Ὀπικοὶ.
2408 240 2533 303 473

201 404 336 469 τῶν
392 402 797 488 πραγμάτων
851 402 1279 482 νεανιεύεται)
1333 400 1610 489 θελήσει
1662 405 1948 469 καθίσαι
2005 404 2114 467 καὶ
2182 401 2250 469 ἐν
2302 397 2537 482 αῦταῒς

201 502 621 590 δικαστήριον
639 524 653 539 ·
698 502 885 583 τινὰς
928 505 1000 570 δὲ
1045 498 1184 569 ἀπὸ
1212 509 1454 590 μέρους
1497 501 1678 588 ἄγειν
1722 506 1855 571 τῶν
1901 504 2337 590 δικαστηρίων
2381 526 2535 587 σχο-

198 602 346 691 λὴν,
407 600 497 683 ὥς
554 599 696 673 οἷον
755 606 968 673 ἕωθεν
1019 610 1209 691 μέχρι
1262 613 1370 672 καὶ
1430 605 1526 684 εἷς
1569 599 1768 671 αὐτὸν
1811 603 1927 671 τὸν
1969 608 2086 691 τῆς
2129 606 2536 691 λειτουργίας

199 706 445 790 καιρὸν,
493 706 605 772 ἰ’να
647 716 793 785 τοῖς
835 707 1177 784 δικασταῖς
1220 704 1389 793 ἐξείη
1434 711 1867 790 προσανέχειν
1913 703 2061 794 εὐχῇ
2106 708 2215 772 καὶ
2258 709 2337 792 τῇ
2380 709 2535 791 περὶ
2558 714 2571 731 ’
2642 726 2652 737 ·

196 806 278 872 τὸ
320 812 516 874 θεῖον
563 805 939 894 δοξολογίᾳ,
992 810 1098 873 καὶ
1156 806 1324 889 μετὰ
1376 807 1493 894 τὴν
1540 808 2014 893 ἱεροτελεστίαν
2060 807 2537 892 ἐπιμελεῖσθαι
2610 842 2621 857 x

196 911 305 975 καὶ
351 912 467 996 τῆς
511 908 928 995 δικαιοσύνης
970 913 1076 974 καὶ
1120 919 1264 987 τοῖς
1300 907 1497 975 ἄδικα
1526 906 1955 977 πεπονθόσιν
1986 907 2337 996 ἐπαρήγειν
2366 907 2535 975 κατὰ

195 1009 315 1094 τὴν
369 1014 503 1076 τῶν
557 1009 777 1093 νόμων
834 1009 1035 1092 ἰσχύν.
1125 1010 1192 1076 οἱ
1243 1015 1475 1096 μέντοι
1532 1006 1704 1077 οὕτω
1759 1008 1926 1094 μετὰ
1980 1008 2096 1094 τὴν
2151 1015 2350 1077 θείαν
2400 1011 2536 1076 λει-

196 1116 506 1196 τουργίαν
551 1111 1102 1196 ἐπιτετραμμένοι
1157 1112 1438 1191 δικάζειν
1485 1111 1552 1178 ἒν
1594 1122 1738 1190 τοῖς
1791 1116 2163 1195 γινομένοις
2210 1105 2366 1196 παρ’
2415 1104 2535 1177 αὖ·

197 1215 332 1278 τῶν
376 1210 793 1296 σημειώμασι
834 1210 1278 1300 μεμνήσονται
1320 1216 1438 1278 τοῦ
1483 1216 1742 1298 καιροῦ,
1799 1207 1951 1278 καθ’
2003 1209 2078 1278 ὃν
2120 1210 2206 1277 τὰ
2249 1209 2536 1297 σημειώ-

195 1336 377 1397 ματα
419 1312 845 1399 πράττονται.
905 1315 1011 1380 καὶ
1060 1313 1138 1401 δὴ
1181 1316 1451 1399 πρῶτον
1495 1316 1653 1400 περὶ
1694 1317 1829 1383 τῶν
1868 1313 2136 1391 τελείως
2178 1307 2534 1398 ἀπράκτων

198 1415 619 1500 διαληπτέον.

363 1512 446 1581 Ἡ
460 1522 681 1583 τοίνυν
701 1515 867 1581 κατὰ
887 1514 1003 1602 τὴν
1036 1509 1272 1627 ὀγδόην
1300 1511 1548 1634 ήμέραν
1576 1519 1694 1582 τοῦ
1727 1510 2191 1599 σεπτεμβρί
2203 1537 2293 1580 ου
2328 1511 2535 1621 μηνὸς

197 1617 541 1703 γενέθλιος
594 1612 806 1745 ήμέρα
857 1620 974 1738 τής
1028 1616 1489 1702 παναχράντου
1547 1618 1903 1699 δεσποίνης
1956 1618 2067 1683 καὶ.
2119 1610 2537 1703 θεομήτορος

201 1717 540 1805 ἄπρακτος
596 1720 803 1786 ε’σται.
893 1714 1207 1797 ὡσαύτως
1262 1721 1369 1785 καὶ
1422 1715 1464 1805 ἦ
1529 1717 1645 1797 ιδ’,
1702 1721 1781 1804 τῇ
1839 1715 2102 1803 ὑψώσει
2142 1724 2532 1807 τετιμημένη

197 1825 316 1888 τοῦ
376 1822 763 1902 ζωοποιοῦ“1
824 1824 1128 1904 σταυροῦ.
1217 1822 1323 1886 καὶ
1378 1817 1416 1905 ἡ
1463 1818 1558 1900 κς’
1562 1870 1581 1899 ,
1643 1818 1755 1885 διὰ
1808 1820 1924 1904 τὴν
1979 1824 2098 1885 τοῦ
2152 1815 2533 1887 ἀποστόλου

200 1926 306 1991 καὶ
354 1917 812 2008 εὐαγγελιστοῦ
860 1920 1210 1986 ίωάννου
1252 1924 1370 1985 τοῦ
1418 1918 1827 2005 θεολόγου
1869 1919 2292 2004 μετάστασιν.

365 2019 449 2088 Ἡ
470 2023 523 2103 ς’
548 2016 1185 2105 τοῦόκτωβρίου,
1221 2020 1333 2085 διὰ
1357 2019 1436 2085 τὸ
1458 2019 1576 2106 τὴν
1604 2020 1860 2107 μνήμην
1893 2021 1961 2086 ἐν
1993 2015 2154 2107 αὐτῇ
2186 2023 2537 2089 τελεῖσθαι

198 2127 319 2193 τοῦ
374 2120 563 2208 ἁγίου
620 2117 1004 2188 ἀποστόλου
1061 2124 1319 2204 θωμᾶ.
1407 2117 1445 2208 ἡ
1506 2120 1600 2199 θ’,
1663 2120 1776 2186 διὰ
1829 2119 1944 2187 τὸν
1998 2125 2119 2188 τοῦ
2175 2117 2432 2208 ἆλφαί
2446 2146 2534 2189 ου

203 2226 229 2292 ἶ
241 2225 332 2292 άκ
348 2251 400 2290 ω
412 2232 557 2310 βον
600 2223 717 2289 τὸν
761 2217 1158 2288 ἀπόστολον.
1247 2225 1352 2289 καὶ
1397 2218 1435 2309 ἦ
1484 2222 1525 2288 ι’
1545 2226 1603 2300 ¹²,
1663 2222 1777 2289 διὰ
1831 2220 1947 2288 τὸν
2004 2217 2382 2290 ἀπόστολον
2424 2227 2533 2291 καὶ

201 2321 655 2412 εὖαγγελιστὴν
700 2326 1010 2391 λουκᾶν.
1691 2368 1699 2375 ,

364 2423 546 2515 Ἡιγ’
571 2429 689 2494 τοῦ
711 2432 1156 2512 νοεμβρίου
1178 2423 1403 2512 μηνὸς,
1449 2421 1559 2491 ὅτι
1587 2425 1655 2493 ἐν
1686 2419 1848 2513 αὐτῇ
1880 2420 1918 2513 ἦ
1951 2425 2169 2514 μνήμη
2198 2428 2316 2494 τοῦ
2344 2451 2536 2512 χρυ-

199 2554 294 2598 σο
308 2529 448 2598 στό
459 2555 506 2616 μ
524 2533 672 2596 ου13
722 2530 1028 2596 τελεῖται.
1117 2523 1155 2613 ἡ
1204 2527 1322 2608 ιδ’,
1381 2523 1487 2594 ὅτι
1544 2528 1612 2595 ἐν
1668 2522 1831 2614 αὐτῇ
1892 2521 1928 2593 ὃ
1975 2525 2353 2608 ἀπόστολος
2395 2535 2536 2615 φί-

201 2634 519 2710 λιππος
563 2631 960 2716 ἑορτάζεται.
1046 2626 1088 2716 ἡ
1134 2629 1239 2710 ις’,
1288 2626 1395 2695 ὅτι
1439 2626 1477 2694 ὃ
1521 2623 1976 2716 εὖαγγελιστὴς
2016 2633 2124 2697 καὶ
2155 2624 2536 2709 ἀπόστολος

196 2739 626 2819 ματθαῒος
668 2735 961 2817 τιμᾶται.
1049 2727 1090 2814 ἥ
1133 2730 1255 2811 κα’,
1304 2727 1409 2797 ὅτι
1451 2729 1539 2797 τὰ
1592 2731 1686 2809 εἷς
1740 2729 1857 2797 τὸν
1911 2729 2069 2798 ναὸν
2120 2731 2379 2799 είσόδια
2419 2735 2539 2818 τῆς

198 2832 615 2919 θεομήτορος
661 2833 729 2899 ἐν
757 2831 960 2918 ταύτῃ
1006 2832 1533 2916 πανηγυρίζεται.
1620 2835 1728 2898 καὶ
1758 2827 1795 2918 ἦ
1830 2830 1909 2912 λ’,
1955 2828 2060 2899 ὅτι
2091 2828 2128 2898 ὅ
2157 2828 2536 2913 ἀπόστολος

202 2932 549 3020 άνδρέας
593 2933 661 3000 ἐν
678 2926 867 3053 ωαὐτῇ
915 2929 1310 3016 ἑορτάζεται.

366 3030 452 3100 Ἡ
474 3034 545 3101 θ’
592 3036 711 3100 τοῦ
757 3034 1275 3117 δεκεμβρίου,
1322 3027 1414 3110 ὥς
1438 3035 1560 3119 τῆς
1584 3030 1979 3119 συλλήψεως
2006 3031 2075 3099 ἐν
2106 3027 2270 3121 αυτῇ
2307 3035 2536 3101 τελου-

199 3144 399 3225 μένης
439 3138 557 3222 τῆς
596 3130 960 3220 ὖπεραγίας
1010 3132 1258 3220 μητρὸς
1307 3136 1425 3200 τοῦ
1483 3135 1649 3199 θεοῦ
1706 3129 1910 3220 ἡμῶν.
1998 3129 2037 3220 ἦ
2083 3131 2135 3199 κ’
2180 3139 2370 3219 μέχρι
2426 3138 2535 3204 καὶ

202 3233 404 3327 αὗτῆς
433 3240 548 3323 τῆς
579 3236 634 3319 ς’
671 3238 797 3303 τοῦ
846 3235 1358 3319 ἰανουαρίου,
1407 3231 1498 3312 ὥς
1527 3233 1596 3301 ἐν
1625 3227 1859 3313 αὐταῖς
1890 3233 2373 3321 ἑορταζομένων
2403 3239 2534 3303 τῶν

199 3340 585 3464 γενεθλίων
604 3341 712 3405 καὶ
768 3339 887 3405 τοῦ
928 3342 1393 3422 βαπτίσματος
1443 3339 1563 3403 τοῦ
1616 3342 1841 3422 κυρίου
1884 3338 1991 3404 καὶ
2038 3340 2205 3404 θεοῦ
2248 3341 2355 3405 καὶ
2402 3360 2535 3404 σω-

199 3446 398 3530 τῆρος
436 3436 623 3527 ἡμῶν
671 3439 906 3526 ἶησοῦ
947 3440 1309 3524 χριστοῦ.
2210 3493 2217 3498 ,

361 3539 449 3608 Ἡ
476 3541 558 3628 ιη’
591 3544 743 3607 τοῦ“
749 3541 1330 3625 *lavovaolom
1379 3538 1493 3608 διὰ
1521 3538 1677 3619 τοὺς
1705 3546 1938 3620 θείους
1966 3546 2260 3626 πατέρας
2292 3543 2400 3608 καὶ
2433 3540 2535 3606 δι-

202 3644 598 3722 δασκάλους,
668 3636 1144 3710 ἆθανάσιον
1214 3648 1323 3712 καὶ
1393 3640 1802 3727 κὺριλλον.
1888 3639 1928 3730 ἦ
1994 3642 2079 3711 κε’
2148 3645 2266 3709 τοῦ
2330 3638 2533 3709 αὐτοῦ

199 3745 431 3834 μηνὸς,
492 3742 604 3811 διὰ
646 3743 763 3830 τὴν
803 3743 1059 3830 μνήμην
1113 3747 1232 3810 τοῦ
1286 3741 1573 3829 μεγάλου
1633 3745 1888 3831 πατρὸς
1927 3750 2370 3833 γρηγορίου
2415 3746 2533 3810 τοῦ

200 3853 257 3914 θ
271 3874 302 3915 ε
315 3872 351 3914 ο
369 3845 452 3913 λ’
422 3871 457 3913 ο
469 3871 510 3933 γ
523 3868 560 3912 ο
576 3871 633 3911 υ.

362 3944 528 4034 ‘Hss‘
554 3948 675 4013 τοῦ
707 3941 1299 4068 φεβρουαρίου,
1348 3944 1465 4011 διὰ
1491 3944 1609 4032 τὴν
1636 3948 1755 4012 τοῦ
1787 3950 2085 4033 σωτῆρος
2112 3921 2528 4032 ὖπαπαντήν.

199 4051 309 4116 καὶ
349 4044 390 4136 ἡ
433 4048 510 4134 γ’,
558 4047 671 4115 διὰ
699 4046 816 4132 τὴν
844 4049 962 4135 τῆς
988 4044 1243 4133 μνήμης
1269 4049 1387 4113 τοῦ
1429 4046 1845 4131 θεοδόχου
1891 4047 2205 4132 συμεών
2247 4046 2528 4135 τελετήν.

337 4284 368 4311 ¹¹
408 4288 474 4336 ld.
511 4281 819 4355 ζωηφόρου,
987 4286 1025 4315 ¹²
1060 4289 1185 4340 Bals,
1222 4304 1277 4340 ex
1314 4290 1389 4340 ed.
1428 4288 1609 4339 Rham:
1652 4283 1739 4348 ιη’.
1905 4285 1940 4315 ¹³
1976 4289 2098 4339 Bals.
2135 4289 2268 4340 addit
2300 4285 2525 4358 πατρός.

204 4370 238 4397 '⁴
277 4369 344 4420 ub.
385 4369 480 4419 τοῦ
516 4362 700 4421 αὐτοῦ.
