<?xml version="1.0" encoding="UTF-8"?>
<!DOCTYPE html PUBLIC "-//W3C//DTD XHTML 1.0 Transitional//EN"
    "http://www.w3.org/TR/xhtml1/DTD/xhtml1-transitional.dtd">
<html xmlns="http://www.w3.org/1999/xhtml" xml:lang="en" lang="en">
 <head>
  <title>
</title>
<meta http-equiv="Content-Type" content="text/html;charset=utf-8" />
  <meta name='ocr-system' content='tesseract 3.04.00' />
  <meta name='ocr-capabilities' content='ocr_page ocr_carea ocr_par ocr_line ocrx_word'/>
</head>
<body>
  <div class='ocr_page' id='page_1' title='image "./jusgraecoromanu00linggoog_0588.png"; bbox 0 0 2900 4950; ppageno 0'>
   <div class='ocr_carea' id='block_1_1' title="bbox 363 241 1876 303">
    <p class='ocr_par' dir='ltr' id='par_1_1' title="bbox 363 241 1876 303">
     <span class='ocr_line' id='line_1_1' title="bbox 363 241 1876 303; baseline -0.005 -2"><span class='ocrx_word' id='word_1_1' title='bbox 363 241 485 303; x_wconf 78' lang='lat'><strong>532</strong></span> <span class='ocrx_word' id='word_1_2' title='bbox 1193 247 1313 298; x_wconf 74' lang='lat' dir='ltr'><strong>con.</strong></span> <span class='ocrx_word' id='word_1_3' title='bbox 1351 248 1423 297; x_wconf 75' lang='lat' dir='ltr'><strong>nv</strong></span> <span class='ocrx_word' id='word_1_4' title='bbox 1497 247 1610 296; x_wconf 69' lang='lat' dir='ltr'><strong>nov.</strong></span> <span class='ocrx_word' id='word_1_5' title='bbox 1652 246 1876 297; x_wconf 75' lang='lat' dir='ltr'>uxxxux</span> 
     </span>
    </p>
   </div>
   <div class='ocr_carea' id='block_1_2' title="bbox 301 391 2740 4200">
    <p class='ocr_par' dir='ltr' id='par_1_2' title="bbox 301 391 2729 885">
     <span class='ocr_line' id='line_1_2' title="bbox 528 391 2729 477; baseline -0.005 -12"><span class='ocrx_word' id='word_1_6' title='bbox 528 405 744 476; x_wconf 79' lang='lat' dir='ltr'><strong>Item,</strong></span> <span class='ocrx_word' id='word_1_7' title='bbox 816 400 866 461; x_wconf 88' lang='lat' dir='ltr'><strong>si</strong></span> <span class='ocrx_word' id='word_1_8' title='bbox 929 399 1007 459; x_wconf 84' lang='lat' dir='ltr'><strong>ob</strong></span> <span class='ocrx_word' id='word_1_9' title='bbox 1060 399 1295 477; x_wconf 75' lang='lat' dir='ltr'><strong>aliquod</strong></span> <span class='ocrx_word' id='word_1_10' title='bbox 1351 415 1666 475; x_wconf 77' lang='lat' dir='ltr'><strong>gravamen</strong></span> <span class='ocrx_word' id='word_1_11' title='bbox 1726 394 2095 475; x_wconf 82' lang='lat' dir='ltr'><strong>nequiverint</strong></span> <span class='ocrx_word' id='word_1_12' title='bbox 2151 392 2491 473; x_wconf 81' lang='lat' dir='ltr'><strong>hujusmodi</strong></span> <span class='ocrx_word' id='word_1_13' title='bbox 2546 391 2729 471; x_wconf 70' lang='lat' dir='ltr'><strong>galee</strong></span> 
     </span>
     <span class='ocr_line' id='line_1_3' title="bbox 360 470 2725 582; baseline -0.006 -14"><span class='ocrx_word' id='word_1_14' title='bbox 360 505 684 568; x_wconf 88' lang='lat' dir='ltr'><strong>secundum</strong></span> <span class='ocrx_word' id='word_1_15' title='bbox 728 470 1019 582; x_wconf 78' lang='lat' dir='ltr'><strong>prefixum</strong></span> <span class='ocrx_word' id='word_1_16' title='bbox 1078 499 1395 560; x_wconf 84' lang='lat' dir='ltr'><strong>terminum</strong></span> <span class='ocrx_word' id='word_1_17' title='bbox 1442 498 1642 557; x_wconf 83' lang='lat' dir='ltr'><strong>venire</strong></span> <span class='ocrx_word' id='word_1_18' title='bbox 1686 496 1957 565; x_wconf 82' lang='lat' dir='ltr'><strong>Venetia,</strong></span> <span class='ocrx_word' id='word_1_19' title='bbox 2017 494 2235 555; x_wconf 83' lang='lat' dir='ltr'><strong>debent</strong></span> <span class='ocrx_word' id='word_1_20' title='bbox 2290 493 2350 555; x_wconf 89' lang='lat' dir='ltr'><strong>in</strong></span> <span class='ocrx_word' id='word_1_21' title='bbox 2408 494 2725 555; x_wconf 77' lang='lat' dir='ltr'><strong>servitium</strong></span> 
     </span>
     <span class='ocr_line' id='line_1_4' title="bbox 361 595 2727 684; baseline -0.005 -16"><span class='ocrx_word' id='word_1_22' title='bbox 361 606 492 669; x_wconf 90' lang='lat' dir='ltr'><strong>stoli</strong></span> <span class='ocrx_word' id='word_1_23' title='bbox 539 602 775 684; x_wconf 89' lang='lat' dir='ltr'><strong>Imperii</strong></span> <span class='ocrx_word' id='word_1_24' title='bbox 822 620 1026 663; x_wconf 89' lang='lat' dir='ltr'><strong>eorum</strong></span> <span class='ocrx_word' id='word_1_25' title='bbox 1073 600 1298 678; x_wconf 84' lang='lat' dir='ltr'><strong>ingredi</strong></span> <span class='ocrx_word' id='word_1_26' title='bbox 1346 617 1555 659; x_wconf 85' lang='lat' dir='ltr'><strong>omnes</strong></span> <span class='ocrx_word' id='word_1_27' title='bbox 1600 598 1815 658; x_wconf 64' lang='lat' dir='ltr'><strong>intenti</strong></span> <span class='ocrx_word' id='word_1_28' title='bbox 1863 598 1923 656; x_wconf 91' lang='lat' dir='ltr'><strong>in</strong></span> <span class='ocrx_word' id='word_1_29' title='bbox 1972 595 2256 657; x_wconf 79' lang='lat' dir='ltr'><strong>Romania</strong></span> <span class='ocrx_word' id='word_1_30' title='bbox 2301 595 2585 668; x_wconf 73' lang='lat' dir='ltr'><strong>Venetici,</strong></span> <span class='ocrx_word' id='word_1_31' title='bbox 2641 596 2727 655; x_wconf 78' lang='lat' dir='ltr'><strong>de</strong></span> 
     </span>
     <span class='ocr_line' id='line_1_5' title="bbox 365 699 2725 787; baseline -0.006 -18"><span class='ocrx_word' id='word_1_32' title='bbox 365 718 619 787; x_wconf 80' lang='lat' dir='ltr'><strong>quatuor</strong></span> <span class='ocrx_word' id='word_1_33' title='bbox 673 715 827 777; x_wconf 84' lang='lat' dir='ltr'><strong>tres,</strong></span> <span class='ocrx_word' id='word_1_34' title='bbox 886 702 1210 764; x_wconf 88' lang='lat' dir='ltr'><strong>secundum</strong></span> <span class='ocrx_word' id='word_1_35' title='bbox 1269 699 1422 779; x_wconf 90' lang='lat' dir='ltr'><strong>quod</strong></span> <span class='ocrx_word' id='word_1_36' title='bbox 1473 699 1746 778; x_wconf 89' lang='lat' dir='ltr'><strong>superius</strong></span> <span class='ocrx_word' id='word_1_37' title='bbox 1792 707 2070 759; x_wconf 77' lang='lat' dir='ltr'><strong>statutum</strong></span> <span class='ocrx_word' id='word_1_38' title='bbox 2118 705 2239 770; x_wconf 89' lang='lat' dir='ltr'><strong>est,</strong></span> <span class='ocrx_word' id='word_1_39' title='bbox 2304 715 2436 756; x_wconf 91' lang='lat' dir='ltr'><strong>cum</strong></span> <span class='ocrx_word' id='word_1_40' title='bbox 2482 705 2542 757; x_wconf 91' lang='lat' dir='ltr'><strong>et</strong></span> <span class='ocrx_word' id='word_1_41' title='bbox 2590 715 2725 757; x_wconf 76' lang='lat' dir='ltr'><strong>ina-</strong></span> 
     </span>
     <span class='ocr_line' id='line_1_6' title="bbox 301 809 780 885; baseline -0.006 -16"><span class='ocrx_word' id='word_1_42' title='bbox 301 824 314 837; x_wconf 82' lang='lat'><em>·</em></span> <span class='ocrx_word' id='word_1_43' title='bbox 363 809 574 869; x_wconf 76' lang='lat' dir='ltr'><strong>nifesta</strong></span> <span class='ocrx_word' id='word_1_44' title='bbox 620 824 780 885; x_wconf 79' lang='lat' dir='ltr'><strong>roga.</strong></span> 
     </span>
    </p>

    <p class='ocr_par' dir='ltr' id='par_1_3' title="bbox 363 897 2721 2094">
     <span class='ocr_line' id='line_1_7' title="bbox 533 897 2720 983; baseline -0.005 -15"><span class='ocrx_word' id='word_1_45' title='bbox 533 909 746 979; x_wconf 77' lang='lat' dir='ltr'><strong>Item,</strong></span> <span class='ocrx_word' id='word_1_46' title='bbox 815 905 865 966; x_wconf 92' lang='lat' dir='ltr'><strong>si</strong></span> <span class='ocrx_word' id='word_1_47' title='bbox 931 903 1185 983; x_wconf 77' lang='lat' dir='ltr'><strong>Imperio</strong></span> <span class='ocrx_word' id='word_1_48' title='bbox 1250 921 1452 964; x_wconf 86' lang='lat' dir='ltr'><strong>eorum</strong></span> <span class='ocrx_word' id='word_1_49' title='bbox 1522 900 1757 979; x_wconf 81' lang='lat' dir='ltr'><strong>expedit</strong></span> <span class='ocrx_word' id='word_1_50' title='bbox 1818 899 2093 960; x_wconf 82' lang='lat' dir='ltr'><strong>auxilium</strong></span> <span class='ocrx_word' id='word_1_51' title='bbox 2152 899 2223 958; x_wconf 83' lang='lat' dir='ltr'><strong>ad</strong></span> <span class='ocrx_word' id='word_1_52' title='bbox 2281 897 2720 958; x_wconf 77' lang='lat' dir='ltr'><strong>deffensionem</strong></span> 
     </span>
     <span class='ocr_line' id='line_1_8' title="bbox 366 984 2721 1080; baseline -0.006 -9"><span class='ocrx_word' id='word_1_53' title='bbox 366 1020 521 1073; x_wconf 86' lang='lat' dir='ltr'><strong>terre</strong></span> <span class='ocrx_word' id='word_1_54' title='bbox 563 1006 930 1069; x_wconf 75' lang='lat' dir='ltr'><strong>celsitudinis</strong></span> <span class='ocrx_word' id='word_1_55' title='bbox 987 1024 1190 1066; x_wconf 88' lang='lat' dir='ltr'><strong>eorum</strong></span> <span class='ocrx_word' id='word_1_56' title='bbox 1247 1003 1323 1064; x_wconf 91' lang='lat' dir='ltr'><strong>ob</strong></span> <span class='ocrx_word' id='word_1_57' title='bbox 1381 1003 1634 1080; x_wconf 79' lang='lat' dir='ltr'><strong>aliquem</strong></span> <span class='ocrx_word' id='word_1_58' title='bbox 1694 984 2063 1060; x_wconf 76' lang='lat' dir='ltr'><strong>inimicorum</strong></span> <span class='ocrx_word' id='word_1_59' title='bbox 2123 1001 2181 1059; x_wconf 88' lang='lat' dir='ltr'><strong>in</strong></span> <span class='ocrx_word' id='word_1_60' title='bbox 2230 999 2575 1059; x_wconf 79' lang='lat' dir='ltr'><strong>Romaniam</strong></span> <span class='ocrx_word' id='word_1_61' title='bbox 2626 999 2721 1059; x_wconf 88' lang='lat' dir='ltr'><strong>in-</strong></span> 
     </span>
     <span class='ocr_line' id='line_1_9' title="bbox 363 1100 2719 1190; baseline -0.006 -19"><span class='ocrx_word' id='word_1_62' title='bbox 363 1129 705 1190; x_wconf 83' lang='lat' dir='ltr'><strong>gressurum</strong></span> <span class='ocrx_word' id='word_1_63' title='bbox 749 1127 881 1169; x_wconf 90' lang='lat' dir='ltr'><strong>cum</strong></span> <span class='ocrx_word' id='word_1_64' title='bbox 927 1107 1108 1185; x_wconf 81' lang='lat' dir='ltr'><strong>galeis</strong></span> <span class='ocrx_word' id='word_1_65' title='bbox 1154 1104 1536 1185; x_wconf 79' lang='lat' dir='ltr'><strong>quadraginta</strong></span> <span class='ocrx_word' id='word_1_66' title='bbox 1583 1102 1669 1161; x_wconf 85' lang='lat' dir='ltr'><strong>vel</strong></span> <span class='ocrx_word' id='word_1_67' title='bbox 1716 1100 2002 1179; x_wconf 59' lang='lat' dir='ltr'><strong>plumbum,</strong></span> <span class='ocrx_word' id='word_1_68' title='bbox 2051 1111 2110 1161; x_wconf 83' lang='lat' dir='ltr'><strong>et</strong></span> <span class='ocrx_word' id='word_1_69' title='bbox 2155 1101 2480 1179; x_wconf 79' lang='lat' dir='ltr'><strong>nequiverit</strong></span> <span class='ocrx_word' id='word_1_70' title='bbox 2522 1101 2719 1160; x_wconf 74' lang='lat' dir='ltr'><strong>Vene-</strong></span> 
     </span>
     <span class='ocr_line' id='line_1_10' title="bbox 367 1200 2717 1288; baseline -0.006 -14"><span class='ocrx_word' id='word_1_71' title='bbox 367 1213 505 1274; x_wconf 76' lang='lat' dir='ltr'><strong>tiam</strong></span> <span class='ocrx_word' id='word_1_72' title='bbox 552 1212 783 1273; x_wconf 88' lang='lat' dir='ltr'><strong>mittere</strong></span> <span class='ocrx_word' id='word_1_73' title='bbox 828 1228 937 1288; x_wconf 83' lang='lat' dir='ltr'><strong>pro</strong></span> <span class='ocrx_word' id='word_1_74' title='bbox 982 1207 1293 1286; x_wconf 82' lang='lat' dir='ltr'><strong>adjutorio,</strong></span> <span class='ocrx_word' id='word_1_75' title='bbox 1340 1205 1516 1264; x_wconf 84' lang='lat' dir='ltr'><strong>debet</strong></span> <span class='ocrx_word' id='word_1_76' title='bbox 1561 1200 1937 1282; x_wconf 79' lang='lat' dir='ltr'><strong>Imperatoria</strong></span> <span class='ocrx_word' id='word_1_77' title='bbox 1982 1201 2266 1262; x_wconf 81' lang='lat' dir='ltr'><strong>celsitudo</strong></span> <span class='ocrx_word' id='word_1_78' title='bbox 2312 1202 2597 1262; x_wconf 83' lang='lat' dir='ltr'><strong>inducere</strong></span> <span class='ocrx_word' id='word_1_79' title='bbox 2640 1202 2717 1261; x_wconf 76' lang='lat' dir='ltr'><strong>ad</strong></span> 
     </span>
     <span class='ocr_line' id='line_1_11' title="bbox 368 1302 2719 1387; baseline -0.006 -12"><span class='ocrx_word' id='word_1_80' title='bbox 368 1314 793 1374; x_wconf 83' lang='lat' dir='ltr'><strong>deffensionem</strong></span> <span class='ocrx_word' id='word_1_81' title='bbox 852 1320 1006 1371; x_wconf 85' lang='lat' dir='ltr'><strong>terre</strong></span> <span class='ocrx_word' id='word_1_82' title='bbox 1063 1307 1297 1387; x_wconf 80' lang='lat' dir='ltr'><strong>Imperii</strong></span> <span class='ocrx_word' id='word_1_83' title='bbox 1355 1323 1558 1365; x_wconf 89' lang='lat' dir='ltr'><strong>eorum</strong></span> <span class='ocrx_word' id='word_1_84' title='bbox 1618 1312 1818 1363; x_wconf 80' lang='lat' dir='ltr'><strong>contra</strong></span> <span class='ocrx_word' id='word_1_85' title='bbox 1874 1302 2210 1382; x_wconf 81' lang='lat' dir='ltr'><strong>hujusmodi</strong></span> <span class='ocrx_word' id='word_1_86' title='bbox 2258 1302 2557 1363; x_wconf 86' lang='lat' dir='ltr'><strong>inimicum</strong></span> <span class='ocrx_word' id='word_1_87' title='bbox 2610 1303 2719 1361; x_wconf 84' lang='lat' dir='ltr'><strong>Ve-</strong></span> 
     </span>
     <span class='ocr_line' id='line_1_12' title="bbox 371 1404 2719 1487; baseline -0.005 -12"><span class='ocrx_word' id='word_1_88' title='bbox 371 1415 627 1484; x_wconf 85' lang='lat' dir='ltr'><strong>neticos‚</strong></span> <span class='ocrx_word' id='word_1_89' title='bbox 690 1414 749 1474; x_wconf 90' lang='lat' dir='ltr'><strong>in</strong></span> <span class='ocrx_word' id='word_1_90' title='bbox 809 1429 1018 1487; x_wconf 78' lang='lat' dir='ltr'><strong>magna</strong></span> <span class='ocrx_word' id='word_1_91' title='bbox 1077 1409 1223 1470; x_wconf 83' lang='lat' dir='ltr'><strong>urhe</strong></span> <span class='ocrx_word' id='word_1_92' title='bbox 1281 1406 1548 1467; x_wconf 87' lang='lat' dir='ltr'><strong>videlicet</strong></span> <span class='ocrx_word' id='word_1_93' title='bbox 1602 1413 1661 1465; x_wconf 93' lang='lat' dir='ltr'><strong>et</strong></span> <span class='ocrx_word' id='word_1_94' title='bbox 1716 1404 1910 1464; x_wconf 78' lang='lat' dir='ltr'><strong>circha</strong></span> <span class='ocrx_word' id='word_1_95' title='bbox 1969 1422 2098 1464; x_wconf 78' lang='lat' dir='ltr'><strong>eam</strong></span> <span class='ocrx_word' id='word_1_96' title='bbox 2144 1404 2462 1465; x_wconf 75' lang='lat' dir='ltr'><strong>existentes</strong></span> <span class='ocrx_word' id='word_1_97' title='bbox 2504 1423 2719 1464; x_wconf 83' lang='lat' dir='ltr'><strong>versns</strong></span> 
     </span>
     <span class='ocr_line' id='line_1_13' title="bbox 370 1504 2719 1584; baseline -0.004 -9"><span class='ocrx_word' id='word_1_98' title='bbox 370 1524 562 1575; x_wconf 84' lang='lat' dir='ltr'><strong>ortum</strong></span> <span class='ocrx_word' id='word_1_99' title='bbox 608 1522 667 1574; x_wconf 87' lang='lat' dir='ltr'><strong>et</strong></span> <span class='ocrx_word' id='word_1_100' title='bbox 709 1530 914 1575; x_wconf 83' lang='lat' dir='ltr'><strong>versus</strong></span> <span class='ocrx_word' id='word_1_101' title='bbox 958 1528 1261 1580; x_wconf 81' lang='lat' dir='ltr'><strong>occasum,</strong></span> <span class='ocrx_word' id='word_1_102' title='bbox 1308 1516 1369 1567; x_wconf 88' lang='lat' dir='ltr'><strong>et</strong></span> <span class='ocrx_word' id='word_1_103' title='bbox 1409 1507 1484 1567; x_wconf 79' lang='lat' dir='ltr'><strong>ab</strong></span> <span class='ocrx_word' id='word_1_104' title='bbox 1529 1526 1595 1567; x_wconf 82' lang='lat' dir='ltr'><strong>ea</strong></span> <span class='ocrx_word' id='word_1_105' title='bbox 1644 1525 1830 1584; x_wconf 83' lang='lat' dir='ltr'><strong>usque</strong></span> <span class='ocrx_word' id='word_1_106' title='bbox 1876 1505 2119 1566; x_wconf 78' lang='lat' dir='ltr'><strong>Avidum</strong></span> <span class='ocrx_word' id='word_1_107' title='bbox 2167 1514 2227 1565; x_wconf 88' lang='lat' dir='ltr'><strong>et</strong></span> <span class='ocrx_word' id='word_1_108' title='bbox 2267 1505 2327 1565; x_wconf 86' lang='lat' dir='ltr'><strong>in</strong></span> <span class='ocrx_word' id='word_1_109' title='bbox 2376 1504 2585 1565; x_wconf 79' lang='lat' dir='ltr'><strong>eadem</strong></span> <span class='ocrx_word' id='word_1_110' title='bbox 2634 1505 2719 1565; x_wconf 83' lang='lat' dir='ltr'><strong>ci-</strong></span> 
     </span>
     <span class='ocr_line' id='line_1_14' title="bbox 369 1606 2717 1685; baseline -0.005 -9"><span class='ocrx_word' id='word_1_111' title='bbox 369 1616 543 1676; x_wconf 74' lang='lat' dir='ltr'><strong>vitate</strong></span> <span class='ocrx_word' id='word_1_112' title='bbox 587 1612 856 1674; x_wconf 87' lang='lat' dir='ltr'><strong>similiter</strong></span> <span class='ocrx_word' id='word_1_113' title='bbox 893 1612 1182 1680; x_wconf 81' lang='lat' dir='ltr'><strong>inventos,</strong></span> <span class='ocrx_word' id='word_1_114' title='bbox 1230 1627 1339 1669; x_wconf 78' lang='lat' dir='ltr'><strong>nec</strong></span> <span class='ocrx_word' id='word_1_115' title='bbox 1383 1627 1503 1668; x_wconf 88' lang='lat' dir='ltr'><strong>non</strong></span> <span class='ocrx_word' id='word_1_116' title='bbox 1551 1616 1610 1667; x_wconf 88' lang='lat' dir='ltr'><strong>et</strong></span> <span class='ocrx_word' id='word_1_117' title='bbox 1652 1606 1712 1666; x_wconf 87' lang='lat' dir='ltr'><strong>in</strong></span> <span class='ocrx_word' id='word_1_118' title='bbox 1759 1607 1953 1680; x_wconf 79' lang='lat' dir='ltr'><strong>terris,</strong></span> <span class='ocrx_word' id='word_1_119' title='bbox 1999 1626 2114 1685; x_wconf 88' lang='lat' dir='ltr'><strong>que</strong></span> <span class='ocrx_word' id='word_1_120' title='bbox 2157 1607 2307 1667; x_wconf 74' lang='lat' dir='ltr'><strong>infra</strong></span> <span class='ocrx_word' id='word_1_121' title='bbox 2340 1616 2480 1667; x_wconf 86' lang='lat' dir='ltr'><strong>sunt</strong></span> <span class='ocrx_word' id='word_1_122' title='bbox 2522 1624 2717 1685; x_wconf 72' lang='lat' dir='ltr'><strong>usqne</strong></span> 
     </span>
     <span class='ocr_line' id='line_1_15' title="bbox 371 1707 2716 1794; baseline -0.003 -19"><span class='ocrx_word' id='word_1_123' title='bbox 371 1713 860 1794; x_wconf 78' lang='lat' dir='ltr'><strong>Pbyladelphyam</strong></span> <span class='ocrx_word' id='word_1_124' title='bbox 906 1723 966 1773; x_wconf 90' lang='lat' dir='ltr'><strong>et</strong></span> <span class='ocrx_word' id='word_1_125' title='bbox 1010 1713 1090 1773; x_wconf 83' lang='lat' dir='ltr'><strong>in·</strong></span> <span class='ocrx_word' id='word_1_126' title='bbox 1117 1712 1239 1791; x_wconf 80' lang='lat' dir='ltr'><strong>ipsa</strong></span> <span class='ocrx_word' id='word_1_127' title='bbox 1287 1709 1546 1781; x_wconf 77' lang='lat' dir='ltr'><strong>civitate,</strong></span> <span class='ocrx_word' id='word_1_128' title='bbox 1606 1717 1664 1769; x_wconf 88' lang='lat' dir='ltr'><strong>et</strong></span> <span class='ocrx_word' id='word_1_129' title='bbox 1710 1726 1897 1786; x_wconf 87' lang='lat' dir='ltr'><strong>usque</strong></span> <span class='ocrx_word' id='word_1_130' title='bbox 1944 1707 2377 1787; x_wconf 72' lang='lat' dir='ltr'><strong>Adrianopblim</strong></span> <span class='ocrx_word' id='word_1_131' title='bbox 2433 1714 2495 1768; x_wconf 85' lang='lat' dir='ltr'><strong>et</strong></span> <span class='ocrx_word' id='word_1_132' title='bbox 2535 1708 2598 1767; x_wconf 86' lang='lat' dir='ltr'><strong>in</strong></span> <span class='ocrx_word' id='word_1_133' title='bbox 2645 1725 2716 1767; x_wconf 79' lang='lat' dir='ltr'><strong>ea</strong></span> 
     </span>
     <span class='ocr_line' id='line_1_16' title="bbox 373 1806 2720 1891; baseline -0.005 -13"><span class='ocrx_word' id='word_1_134' title='bbox 373 1815 643 1878; x_wconf 83' lang='lat' dir='ltr'><strong>similiter</strong></span> <span class='ocrx_word' id='word_1_135' title='bbox 684 1813 1031 1884; x_wconf 77' lang='lat' dir='ltr'><strong>existentes,</strong></span> <span class='ocrx_word' id='word_1_136' title='bbox 1096 1813 1168 1872; x_wconf 87' lang='lat' dir='ltr'><strong>de</strong></span> <span class='ocrx_word' id='word_1_137' title='bbox 1214 1821 1467 1891; x_wconf 79' lang='lat' dir='ltr'><strong>quatuor</strong></span> <span class='ocrx_word' id='word_1_138' title='bbox 1519 1819 1672 1882; x_wconf 84' lang='lat' dir='ltr'><strong>tres,</strong></span> <span class='ocrx_word' id='word_1_139' title='bbox 1729 1828 1861 1869; x_wconf 89' lang='lat' dir='ltr'><strong>cum</strong></span> <span class='ocrx_word' id='word_1_140' title='bbox 1908 1818 1994 1869; x_wconf 89' lang='lat' dir='ltr'><strong>tot</strong></span> <span class='ocrx_word' id='word_1_141' title='bbox 2036 1808 2259 1869; x_wconf 82' lang='lat' dir='ltr'><strong>scilicet</strong></span> <span class='ocrx_word' id='word_1_142' title='bbox 2298 1806 2510 1886; x_wconf 75' lang='lat' dir='ltr'><strong>galeis,</strong></span> <span class='ocrx_word' id='word_1_143' title='bbox 2570 1817 2720 1886; x_wconf 88' lang='lat' dir='ltr'><strong>quot</strong></span> 
     </span>
     <span class='ocr_line' id='line_1_17' title="bbox 371 1909 2721 1995; baseline -0.004 -17"><span class='ocrx_word' id='word_1_144' title='bbox 371 1934 601 1978; x_wconf 66' lang='lat' dir='ltr'><strong>aratore</strong></span> <span class='ocrx_word' id='word_1_145' title='bbox 645 1923 952 1995; x_wconf 86' lang='lat' dir='ltr'><strong>poterunt,</strong></span> <span class='ocrx_word' id='word_1_146' title='bbox 1017 1913 1233 1975; x_wconf 77' lang='lat' dir='ltr'><strong>inventi</strong></span> <span class='ocrx_word' id='word_1_147' title='bbox 1291 1911 1617 1973; x_wconf 81' lang='lat' dir='ltr'><strong>secundum</strong></span> <span class='ocrx_word' id='word_1_148' title='bbox 1673 1909 2077 1989; x_wconf 79' lang='lat' dir='ltr'><strong>supradictum</strong></span> <span class='ocrx_word' id='word_1_149' title='bbox 2118 1910 2420 1983; x_wconf 75' lang='lat' dir='ltr'><strong>ordinem,</strong></span> <span class='ocrx_word' id='word_1_150' title='bbox 2476 1928 2611 1969; x_wconf 85' lang='lat' dir='ltr'><strong>cnm</strong></span> <span class='ocrx_word' id='word_1_151' title='bbox 2658 1918 2721 1968; x_wconf 86' lang='lat' dir='ltr'><strong>et</strong></span> 
     </span>
     <span class='ocr_line' id='line_1_18' title="bbox 374 2016 886 2094; baseline -0.004 -16"><span class='ocrx_word' id='word_1_152' title='bbox 374 2016 678 2078; x_wconf 71' lang='lat' dir='ltr'><strong>manifesta</strong></span> <span class='ocrx_word' id='word_1_153' title='bbox 728 2034 886 2094; x_wconf 79' lang='lat' dir='ltr'><strong>roge.</strong></span> 
     </span>
    </p>

    <p class='ocr_par' dir='ltr' id='par_1_4' title="bbox 365 2110 2728 3706">
     <span class='ocr_line' id='line_1_19' title="bbox 543 2110 2719 2197; baseline -0.003 -19"><span class='ocrx_word' id='word_1_154' title='bbox 543 2117 666 2178; x_wconf 80' lang='lat' dir='ltr'><strong>Tali</strong></span> <span class='ocrx_word' id='word_1_155' title='bbox 713 2117 909 2197; x_wconf 81' lang='lat' dir='ltr'><strong>itaque</strong></span> <span class='ocrx_word' id='word_1_156' title='bbox 956 2116 1129 2176; x_wconf 90' lang='lat' dir='ltr'><strong>modo</strong></span> <span class='ocrx_word' id='word_1_157' title='bbox 1172 2112 1394 2193; x_wconf 80' lang='lat' dir='ltr'><strong>talique</strong></span> <span class='ocrx_word' id='word_1_158' title='bbox 1436 2113 1646 2173; x_wconf 83' lang='lat' dir='ltr'><strong>ordine</strong></span> <span class='ocrx_word' id='word_1_159' title='bbox 1685 2111 2004 2191; x_wconf 81' lang='lat' dir='ltr'><strong>juvabunt⁷</strong></span> <span class='ocrx_word' id='word_1_160' title='bbox 2049 2119 2110 2172; x_wconf 91' lang='lat' dir='ltr'><strong>et</strong></span> <span class='ocrx_word' id='word_1_161' title='bbox 2154 2110 2473 2172; x_wconf 77' lang='lat' dir='ltr'><strong>defendent</strong></span> <span class='ocrx_word' id='word_1_162' title='bbox 2503 2110 2719 2172; x_wconf 78' lang='lat' dir='ltr'><strong>Roma-</strong></span> 
     </span>
     <span class='ocr_line' id='line_1_20' title="bbox 375 2215 2721 2281; baseline -0.004 -1"><span class='ocrx_word' id='word_1_163' title='bbox 375 2220 536 2281; x_wconf 72' lang='lat' dir='ltr'><strong>ninm</strong></span> <span class='ocrx_word' id='word_1_164' title='bbox 582 2218 837 2279; x_wconf 81' lang='lat' dir='ltr'><strong>Venetici</strong></span> <span class='ocrx_word' id='word_1_165' title='bbox 883 2227 1084 2278; x_wconf 80' lang='lat' dir='ltr'><strong>contre</strong></span> <span class='ocrx_word' id='word_1_166' title='bbox 1130 2234 1365 2277; x_wconf 89' lang='lat' dir='ltr'><strong>omnem</strong></span> <span class='ocrx_word' id='word_1_167' title='bbox 1411 2215 1711 2275; x_wconf 87' lang='lat' dir='ltr'><strong>hominem</strong></span> <span class='ocrx_word' id='word_1_168' title='bbox 1771 2222 2115 2273; x_wconf 79' lang='lat' dir='ltr'><strong>coronatum</strong></span> <span class='ocrx_word' id='word_1_169' title='bbox 2174 2222 2233 2273; x_wconf 87' lang='lat' dir='ltr'><strong>et</strong></span> <span class='ocrx_word' id='word_1_170' title='bbox 2288 2230 2408 2272; x_wconf 89' lang='lat' dir='ltr'><strong>non</strong></span> <span class='ocrx_word' id='word_1_171' title='bbox 2468 2231 2721 2272; x_wconf 76' lang='lat' dir='ltr'><strong>corona·</strong></span> 
     </span>
     <span class='ocr_line' id='line_1_21' title="bbox 377 2313 2718 2395; baseline -0.004 -13"><span class='ocrx_word' id='word_1_172' title='bbox 377 2333 522 2391; x_wconf 90' lang='lat' dir='ltr'><strong>tum,</strong></span> <span class='ocrx_word' id='word_1_173' title='bbox 569 2328 627 2381; x_wconf 90' lang='lat' dir='ltr'><strong>et</strong></span> <span class='ocrx_word' id='word_1_174' title='bbox 656 2328 857 2380; x_wconf 82' lang='lat' dir='ltr'><strong>contra</strong></span> <span class='ocrx_word' id='word_1_175' title='bbox 891 2318 1126 2377; x_wconf 87' lang='lat' dir='ltr'><strong>omnem</strong></span> <span class='ocrx_word' id='word_1_176' title='bbox 1156 2325 1412 2395; x_wconf 80' lang='lat' dir='ltr'><strong>gentem,</strong></span> <span class='ocrx_word' id='word_1_177' title='bbox 1461 2315 1748 2376; x_wconf 82' lang='lat' dir='ltr'><strong>volentem</strong></span> <span class='ocrx_word' id='word_1_178' title='bbox 1780 2314 1976 2375; x_wconf 84' lang='lat' dir='ltr'><strong>ledere</strong></span> <span class='ocrx_word' id='word_1_179' title='bbox 2007 2331 2156 2386; x_wconf 80' lang='lat' dir='ltr'><strong>eam,</strong></span> <span class='ocrx_word' id='word_1_180' title='bbox 2200 2313 2525 2374; x_wconf 81' lang='lat' dir='ltr'><strong>secundnm</strong></span> <span class='ocrx_word' id='word_1_181' title='bbox 2557 2314 2718 2392; x_wconf 86' lang='lat' dir='ltr'><strong>quod</strong></span> 
     </span>
     <span class='ocr_line' id='line_1_22' title="bbox 375 2413 2722 2502; baseline -0.004 -18"><span class='ocrx_word' id='word_1_182' title='bbox 375 2421 651 2502; x_wconf 84' lang='lat' dir='ltr'><strong>superius</strong></span> <span class='ocrx_word' id='word_1_183' title='bbox 695 2428 996 2482; x_wconf 84' lang='lat' dir='ltr'><strong>ostensum</strong></span> <span class='ocrx_word' id='word_1_184' title='bbox 1043 2425 1161 2490; x_wconf 87' lang='lat' dir='ltr'><strong>est,</strong></span> <span class='ocrx_word' id='word_1_185' title='bbox 1216 2418 1367 2479; x_wconf 81' lang='lat' dir='ltr'><strong>salva</strong></span> <span class='ocrx_word' id='word_1_186' title='bbox 1411 2426 1608 2478; x_wconf 82' lang='lat' dir='ltr'><strong>tamen</strong></span> <span class='ocrx_word' id='word_1_187' title='bbox 1656 2416 1999 2491; x_wconf 80' lang='lat' dir='ltr'><strong>concordia,</strong></span> <span class='ocrx_word' id='word_1_188' title='bbox 2052 2433 2227 2495; x_wconf 81' lang='lat' dir='ltr'><strong>quam</strong></span> <span class='ocrx_word' id='word_1_189' title='bbox 2273 2433 2406 2476; x_wconf 90' lang='lat' dir='ltr'><strong>cum</strong></span> <span class='ocrx_word' id='word_1_190' title='bbox 2451 2413 2722 2476; x_wconf 77' lang='lat' dir='ltr'><strong>nobiliis—</strong></span> 
     </span>
     <span class='ocr_line' id='line_1_23' title="bbox 378 2516 2721 2599; baseline -0.003 -15"><span class='ocrx_word' id='word_1_191' title='bbox 378 2523 530 2584; x_wconf 81' lang='lat' dir='ltr'><strong>simo</strong></span> <span class='ocrx_word' id='word_1_192' title='bbox 571 2539 710 2599; x_wconf 78' lang='lat' dir='ltr'><strong>rege</strong></span> <span class='ocrx_word' id='word_1_193' title='bbox 752 2519 1094 2581; x_wconf 75' lang='lat' dir='ltr'><strong>Alemannis</strong></span> <span class='ocrx_word' id='word_1_194' title='bbox 1139 2518 1387 2590; x_wconf 82' lang='lat' dir='ltr'><strong>habent,</strong></span> <span class='ocrx_word' id='word_1_195' title='bbox 1446 2537 1755 2597; x_wconf 83' lang='lat' dir='ltr'><strong>quousque</strong></span> <span class='ocrx_word' id='word_1_196' title='bbox 1801 2516 2082 2578; x_wconf 86' lang='lat' dir='ltr'><strong>dissoluta</strong></span> <span class='ocrx_word' id='word_1_197' title='bbox 2126 2535 2246 2577; x_wconf 90' lang='lat' dir='ltr'><strong>non</strong></span> <span class='ocrx_word' id='word_1_198' title='bbox 2294 2517 2499 2579; x_wconf 80' lang='lat' dir='ltr'><strong>suerit:</strong></span> <span class='ocrx_word' id='word_1_199' title='bbox 2554 2526 2721 2596; x_wconf 87' lang='lat' dir='ltr'><strong>post-</strong></span> 
     </span>
     <span class='ocr_line' id='line_1_24' title="bbox 379 2617 2720 2703; baseline -0.003 -19"><span class='ocrx_word' id='word_1_200' title='bbox 379 2642 555 2703; x_wconf 79' lang='lat' dir='ltr'><strong>quam</strong></span> <span class='ocrx_word' id='word_1_201' title='bbox 601 2639 736 2682; x_wconf 85' lang='lat' dir='ltr'><strong>vero</strong></span> <span class='ocrx_word' id='word_1_202' title='bbox 780 2619 1062 2681; x_wconf 80' lang='lat' dir='ltr'><strong>dissoluta</strong></span> <span class='ocrx_word' id='word_1_203' title='bbox 1107 2619 1299 2690; x_wconf 75' lang='lat' dir='ltr'><strong>fuerit,</strong></span> <span class='ocrx_word' id='word_1_204' title='bbox 1346 2618 1520 2678; x_wconf 77' lang='lat' dir='ltr'><strong>debet</strong></span> <span class='ocrx_word' id='word_1_205' title='bbox 1564 2619 1768 2679; x_wconf 82' lang='lat' dir='ltr'><strong>eadem</strong></span> <span class='ocrx_word' id='word_1_206' title='bbox 1816 2627 1875 2679; x_wconf 93' lang='lat' dir='ltr'><strong>et</strong></span> <span class='ocrx_word' id='word_1_207' title='bbox 1910 2626 2111 2679; x_wconf 80' lang='lat' dir='ltr'><strong>contra</strong></span> <span class='ocrx_word' id='word_1_208' title='bbox 2145 2635 2340 2696; x_wconf 82' lang='lat' dir='ltr'><strong>regem</strong></span> <span class='ocrx_word' id='word_1_209' title='bbox 2374 2617 2720 2678; x_wconf 72' lang='lat' dir='ltr'><strong>Alemannie</strong></span> 
     </span>
     <span class='ocr_line' id='line_1_25' title="bbox 380 2717 2721 2802; baseline -0.002 -18"><span class='ocrx_word' id='word_1_210' title='bbox 380 2725 572 2785; x_wconf 73' lang='lat' dir='ltr'><strong>facere</strong></span> <span class='ocrx_word' id='word_1_211' title='bbox 616 2741 724 2802; x_wconf 89' lang='lat' dir='ltr'><strong>pro</strong></span> <span class='ocrx_word' id='word_1_212' title='bbox 772 2721 1023 2801; x_wconf 81' lang='lat' dir='ltr'><strong>Imperio</strong></span> <span class='ocrx_word' id='word_1_213' title='bbox 1067 2739 1269 2781; x_wconf 87' lang='lat' dir='ltr'><strong>eorum</strong></span> <span class='ocrx_word' id='word_1_214' title='bbox 1316 2730 1376 2781; x_wconf 91' lang='lat' dir='ltr'><strong>et</strong></span> <span class='ocrx_word' id='word_1_215' title='bbox 1419 2720 1733 2792; x_wconf 60' lang='lat' dir='ltr'><strong>Rom-‘inim</strong></span> <span class='ocrx_word' id='word_1_216' title='bbox 1802 2728 1861 2778; x_wconf 87' lang='lat' dir='ltr'><strong>et</strong></span> <span class='ocrx_word' id='word_1_217' title='bbox 1904 2717 2056 2778; x_wconf 82' lang='lat' dir='ltr'><strong>salva</strong></span> <span class='ocrx_word' id='word_1_218' title='bbox 2103 2719 2491 2780; x_wconf 86' lang='lat' dir='ltr'><strong>conventione</strong></span> <span class='ocrx_word' id='word_1_219' title='bbox 2536 2720 2721 2780; x_wconf 79' lang='lat' dir='ltr'><strong>inter-</strong></span> 
     </span>
     <span class='ocr_line' id='line_1_26' title="bbox 379 2814 2717 2898; baseline -0.001 -15"><span class='ocrx_word' id='word_1_220' title='bbox 379 2814 686 2885; x_wconf 81' lang='lat' dir='ltr'><strong>ventione⁸</strong></span> <span class='ocrx_word' id='word_1_221' title='bbox 708 2823 864 2884; x_wconf 89' lang='lat' dir='ltr'><strong>inter</strong></span> <span class='ocrx_word' id='word_1_222' title='bbox 885 2821 1190 2882; x_wconf 84' lang='lat' dir='ltr'><strong>Veneticos</strong></span> <span class='ocrx_word' id='word_1_223' title='bbox 1208 2830 1269 2882; x_wconf 89' lang='lat' dir='ltr'><strong>et</strong></span> <span class='ocrx_word' id='word_1_224' title='bbox 1291 2819 1737 2881; x_wconf 83' lang='lat' dir='ltr'><strong>nobillissimum</strong></span> <span class='ocrx_word' id='word_1_225' title='bbox 1761 2837 1955 2898; x_wconf 79' lang='lat' dir='ltr'><strong>regem</strong></span> <span class='ocrx_word' id='word_1_226' title='bbox 1982 2819 2177 2880; x_wconf 87' lang='lat' dir='ltr'><strong>Sicilie</strong></span> <span class='ocrx_word' id='word_1_227' title='bbox 2200 2819 2523 2881; x_wconf 86' lang='lat' dir='ltr'><strong>Vilielmum</strong></span> <span class='ocrx_word' id='word_1_228' title='bbox 2545 2821 2717 2892; x_wconf 75' lang='lat' dir='ltr'><strong>sacta,</strong></span> 
     </span>
     <span class='ocr_line' id='line_1_27' title="bbox 377 2922 2723 3005; baseline -0.002 -19"><span class='ocrx_word' id='word_1_229' title='bbox 377 2943 496 3005; x_wconf 81' lang='lat' dir='ltr'><strong>qne</strong></span> <span class='ocrx_word' id='word_1_230' title='bbox 539 2925 911 3004; x_wconf 78' lang='lat' dir='ltr'><strong>protenditur</strong></span> <span class='ocrx_word' id='word_1_231' title='bbox 953 2941 1141 3002; x_wconf 89' lang='lat' dir='ltr'><strong>usque</strong></span> <span class='ocrx_word' id='word_1_232' title='bbox 1169 2922 1232 2982; x_wconf 92' lang='lat' dir='ltr'><strong>in</strong></span> <span class='ocrx_word' id='word_1_233' title='bbox 1263 2940 1452 2982; x_wconf 82' lang='lat' dir='ltr'><strong>annos</strong></span> <span class='ocrx_word' id='word_1_234' title='bbox 1484 2931 1708 3000; x_wconf 85' lang='lat' dir='ltr'><strong>septem</strong></span> <span class='ocrx_word' id='word_1_235' title='bbox 1742 2931 1801 2982; x_wconf 89' lang='lat' dir='ltr'><strong>et</strong></span> <span class='ocrx_word' id='word_1_236' title='bbox 1832 2939 2066 2982; x_wconf 88' lang='lat' dir='ltr'><strong>menses</strong></span> <span class='ocrx_word' id='word_1_237' title='bbox 2098 2939 2324 2995; x_wconf 83' lang='lat' dir='ltr'><strong>novem,</strong></span> <span class='ocrx_word' id='word_1_238' title='bbox 2371 2931 2723 3002; x_wconf 80' lang='lat' dir='ltr'><strong>computan-</strong></span> 
     </span>
     <span class='ocr_line' id='line_1_28' title="bbox 365 3022 2719 3105; baseline -0.002 -18"><span class='ocrx_word' id='word_1_239' title='bbox 365 3028 490 3095; x_wconf 81' lang='lat' dir='ltr'><strong>.dos</strong></span> <span class='ocrx_word' id='word_1_240' title='bbox 532 3044 563 3086; x_wconf 77' lang='lat' dir='ltr'><strong>e</strong></span> <span class='ocrx_word' id='word_1_241' title='bbox 610 3025 899 3105; x_wconf 88' lang='lat' dir='ltr'><strong>principio</strong></span> <span class='ocrx_word' id='word_1_242' title='bbox 928 3023 1188 3086; x_wconf 72' lang='lat' dir='ltr'><strong>Ianuarii</strong></span> <span class='ocrx_word' id='word_1_243' title='bbox 1223 3024 1443 3083; x_wconf 88' lang='lat' dir='ltr'><strong>mensis</strong></span> <span class='ocrx_word' id='word_1_244' title='bbox 1486 3022 1781 3101; x_wconf 87' lang='lat' dir='ltr'><strong>presentis</strong></span> <span class='ocrx_word' id='word_1_245' title='bbox 1821 3031 1983 3082; x_wconf 82' lang='lat' dir='ltr'><strong>sexte</strong></span> <span class='ocrx_word' id='word_1_246' title='bbox 2030 3023 2384 3084; x_wconf 84' lang='lat' dir='ltr'><strong>indictionis.</strong></span> <span class='ocrx_word' id='word_1_247' title='bbox 2473 3024 2719 3084; x_wconf 84' lang='lat' dir='ltr'><strong>Verum-</strong></span> 
     </span>
     <span class='ocr_line' id='line_1_29' title="bbox 379 3123 2724 3204; baseline -0.002 -15"><span class='ocrx_word' id='word_1_248' title='bbox 379 3137 576 3189; x_wconf 78' lang='lat' dir='ltr'><strong>tamen</strong></span> <span class='ocrx_word' id='word_1_249' title='bbox 621 3139 684 3188; x_wconf 85' lang='lat' dir='ltr'><strong>et</strong></span> <span class='ocrx_word' id='word_1_250' title='bbox 724 3136 928 3187; x_wconf 82' lang='lat' dir='ltr'><strong>contra</strong></span> <span class='ocrx_word' id='word_1_251' title='bbox 975 3143 1171 3204; x_wconf 87' lang='lat' dir='ltr'><strong>regem</strong></span> <span class='ocrx_word' id='word_1_252' title='bbox 1219 3124 1444 3196; x_wconf 81' lang='lat' dir='ltr'><strong>Sicilie,</strong></span> <span class='ocrx_word' id='word_1_253' title='bbox 1511 3123 2002 3202; x_wconf 78' lang='lat' dir='ltr'><strong>quandocumque</strong></span> <span class='ocrx_word' id='word_1_254' title='bbox 2046 3124 2171 3203; x_wconf 88' lang='lat' dir='ltr'><strong>ipse</strong></span> <span class='ocrx_word' id='word_1_255' title='bbox 2215 3124 2724 3203; x_wconf 78' lang='lat' dir='ltr'><strong>argumentabitur</strong></span> 
     </span>
     <span class='ocr_line' id='line_1_30' title="bbox 384 3213 2727 3297; baseline -0.002 -7"><span class='ocrx_word' id='word_1_256' title='bbox 384 3213 686 3290; x_wconf 75' lang='lat' dir='ltr'><strong>offendere</strong></span> <span class='ocrx_word' id='word_1_257' title='bbox 715 3227 1059 3288; x_wconf 74' lang='lat' dir='ltr'><strong>Romaniam</strong></span> <span class='ocrx_word' id='word_1_258' title='bbox 1105 3226 1254 3286; x_wconf 77' lang='lat' dir='ltr'><strong>infra</strong></span> <span class='ocrx_word' id='word_1_259' title='bbox 1287 3244 1479 3286; x_wconf 78' lang='lat' dir='ltr'><strong>annos</strong></span> <span class='ocrx_word' id='word_1_260' title='bbox 1509 3224 1912 3285; x_wconf 85' lang='lat' dir='ltr'><strong>conventionis</strong></span> <span class='ocrx_word' id='word_1_261' title='bbox 1958 3225 2112 3285; x_wconf 90' lang='lat' dir='ltr'><strong>inter</strong></span> <span class='ocrx_word' id='word_1_262' title='bbox 2140 3244 2243 3285; x_wconf 89' lang='lat' dir='ltr'><strong>eos</strong></span> <span class='ocrx_word' id='word_1_263' title='bbox 2270 3226 2438 3297; x_wconf 77' lang='lat' dir='ltr'><strong>fecte,</strong></span> <span class='ocrx_word' id='word_1_264' title='bbox 2482 3226 2727 3286; x_wconf 83' lang='lat' dir='ltr'><strong>venient</strong></span> 
     </span>
     <span class='ocr_line' id='line_1_31' title="bbox 383 3324 2728 3407; baseline -0.001 -19"><span class='ocrx_word' id='word_1_265' title='bbox 383 3330 641 3391; x_wconf 85' lang='lat' dir='ltr'><strong>Venetici</strong></span> <span class='ocrx_word' id='word_1_266' title='bbox 687 3330 835 3389; x_wconf 74' lang='lat' dir='ltr'><strong>infra</strong></span> <span class='ocrx_word' id='word_1_267' title='bbox 884 3337 1137 3407; x_wconf 80' lang='lat' dir='ltr'><strong>quotuor</strong></span> <span class='ocrx_word' id='word_1_268' title='bbox 1179 3345 1414 3387; x_wconf 86' lang='lat' dir='ltr'><strong>menses</strong></span> <span class='ocrx_word' id='word_1_269' title='bbox 1458 3333 1594 3405; x_wconf 88' lang='lat' dir='ltr'><strong>post</strong></span> <span class='ocrx_word' id='word_1_270' title='bbox 1637 3326 1831 3387; x_wconf 76' lang='lat' dir='ltr'><strong>datam</strong></span> <span class='ocrx_word' id='word_1_271' title='bbox 1878 3325 1951 3386; x_wconf 90' lang='lat' dir='ltr'><strong>de</strong></span> <span class='ocrx_word' id='word_1_272' title='bbox 1997 3326 2108 3386; x_wconf 75' lang='lat' dir='ltr'><strong>lioc</strong></span> <span class='ocrx_word' id='word_1_273' title='bbox 2152 3327 2423 3387; x_wconf 82' lang='lat' dir='ltr'><strong>noticiam</strong></span> <span class='ocrx_word' id='word_1_274' title='bbox 2455 3324 2597 3386; x_wconf 79' lang='lat' dir='ltr'><strong>nuci</strong></span> <span class='ocrx_word' id='word_1_275' title='bbox 2643 3327 2728 3386; x_wconf 78' lang='lat' dir='ltr'><strong>ab</strong></span> 
     </span>
     <span class='ocr_line' id='line_1_32' title="bbox 381 3425 2724 3509; baseline -0.001 -18"><span class='ocrx_word' id='word_1_276' title='bbox 381 3430 639 3509; x_wconf 87' lang='lat' dir='ltr'><strong>Imperio</strong></span> <span class='ocrx_word' id='word_1_277' title='bbox 684 3447 886 3490; x_wconf 90' lang='lat' dir='ltr'><strong>eorum</strong></span> <span class='ocrx_word' id='word_1_278' title='bbox 935 3425 1173 3487; x_wconf 85' lang='lat' dir='ltr'><strong>Venetie</strong></span> <span class='ocrx_word' id='word_1_279' title='bbox 1229 3428 1302 3486; x_wconf 78' lang='lat' dir='ltr'><strong>ad</strong></span> <span class='ocrx_word' id='word_1_280' title='bbox 1345 3426 1739 3504; x_wconf 77' lang='lat' dir='ltr'><strong>adjuvandum</strong></span> <span class='ocrx_word' id='word_1_281' title='bbox 1794 3426 2136 3488; x_wconf 81' lang='lat' dir='ltr'><strong>Romaninm</strong></span> <span class='ocrx_word' id='word_1_282' title='bbox 2182 3437 2241 3489; x_wconf 89' lang='lat' dir='ltr'><strong>et</strong></span> <span class='ocrx_word' id='word_1_283' title='bbox 2284 3425 2724 3488; x_wconf 64' lang='lat' dir='ltr'><strong>defendendum</strong></span> 
     </span>
     <span class='ocr_line' id='line_1_33' title="bbox 383 3525 2725 3608; baseline 0 -18"><span class='ocrx_word' id='word_1_284' title='bbox 383 3549 512 3591; x_wconf 81' lang='lat' dir='ltr'><strong>enm</strong></span> <span class='ocrx_word' id='word_1_285' title='bbox 559 3548 691 3590; x_wconf 89' lang='lat' dir='ltr'><strong>cum</strong></span> <span class='ocrx_word' id='word_1_286' title='bbox 737 3528 917 3606; x_wconf 78' lang='lat' dir='ltr'><strong>galeis</strong></span> <span class='ocrx_word' id='word_1_287' title='bbox 962 3527 1296 3607; x_wconf 89' lang='lat' dir='ltr'><strong>quindecim</strong></span> <span class='ocrx_word' id='word_1_288' title='bbox 1335 3526 1487 3588; x_wconf 82' lang='lat' dir='ltr'><strong>bona</strong></span> <span class='ocrx_word' id='word_1_289' title='bbox 1534 3528 1668 3587; x_wconf 82' lang='lat' dir='ltr'><strong>fide.</strong></span> <span class='ocrx_word' id='word_1_290' title='bbox 1759 3527 2149 3589; x_wconf 80' lang='lat' dir='ltr'><strong>Veruntamen</strong></span> <span class='ocrx_word' id='word_1_291' title='bbox 2182 3529 2255 3589; x_wconf 88' lang='lat' dir='ltr'><strong>de</strong></span> <span class='ocrx_word' id='word_1_292' title='bbox 2283 3525 2467 3608; x_wconf 76' lang='lat' dir='ltr'><strong>galeis</strong></span> <span class='ocrx_word' id='word_1_293' title='bbox 2496 3538 2555 3590; x_wconf 87' lang='lat' dir='ltr'><strong>et</strong></span> <span class='ocrx_word' id='word_1_294' title='bbox 2583 3547 2725 3607; x_wconf 78' lang='lat' dir='ltr'><strong>roga</strong></span> 
     </span>
     <span class='ocr_line' id='line_1_34' title="bbox 384 3628 2062 3706; baseline -0.002 -13"><span class='ocrx_word' id='word_1_295' title='bbox 384 3630 561 3693; x_wconf 84' lang='lat' dir='ltr'><strong>debet</strong></span> <span class='ocrx_word' id='word_1_296' title='bbox 603 3630 749 3702; x_wconf 81' lang='lat' dir='ltr'><strong>fleri,</strong></span> <span class='ocrx_word' id='word_1_297' title='bbox 796 3628 1119 3690; x_wconf 87' lang='lat' dir='ltr'><strong>secundum</strong></span> <span class='ocrx_word' id='word_1_298' title='bbox 1168 3628 1323 3706; x_wconf 91' lang='lat' dir='ltr'><strong>quod</strong></span> <span class='ocrx_word' id='word_1_299' title='bbox 1370 3628 1644 3706; x_wconf 87' lang='lat' dir='ltr'><strong>superius</strong></span> <span class='ocrx_word' id='word_1_300' title='bbox 1688 3628 1905 3688; x_wconf 88' lang='lat' dir='ltr'><strong>dictum</strong></span> <span class='ocrx_word' id='word_1_301' title='bbox 1954 3638 2062 3690; x_wconf 84' lang='lat' dir='ltr'><strong>est.</strong></span> 
     </span>
    </p>

    <p class='ocr_par' dir='ltr' id='par_1_5' title="bbox 379 3683 2740 4200">
     <span class='ocr_line' id='line_1_35' title="bbox 554 3683 2733 3807; baseline 0 -15"><span class='ocrx_word' id='word_1_302' title='bbox 554 3731 770 3802; x_wconf 87' lang='lat' dir='ltr'><strong>ltem,</strong></span> <span class='ocrx_word' id='word_1_303' title='bbox 830 3729 878 3789; x_wconf 91' lang='lat' dir='ltr'><strong>si</strong></span> <span class='ocrx_word' id='word_1_304' title='bbox 937 3728 1252 3807; x_wconf 84' lang='lat' dir='ltr'><strong>Imperium</strong></span> <span class='ocrx_word' id='word_1_305' title='bbox 1310 3747 1515 3789; x_wconf 85' lang='lat' dir='ltr'><strong>eornm</strong></span> <span class='ocrx_word' id='word_1_306' title='bbox 1562 3728 1807 3791; x_wconf 86' lang='lat' dir='ltr'><strong>voluerit</strong></span> <span class='ocrx_word' id='word_1_307' title='bbox 1850 3729 2120 3791; x_wconf 90' lang='lat' dir='ltr'><strong>homines</strong></span> <span class='ocrx_word' id='word_1_308' title='bbox 2163 3739 2264 3791; x_wconf 77' lang='lat' dir='ltr'><strong>aut</strong></span> <span class='ocrx_word' id='word_1_309' title='bbox 2308 3730 2577 3791; x_wconf 57' lang='lat' dir='ltr'><strong>testinis</strong></span> <span class='ocrx_word' id='word_1_310' title='bbox 2622 3683 2733 3792; x_wconf 81' lang='lat' dir='ltr'><strong>Vc·-</strong></span> 
     </span>
     <span class='ocr_line' id='line_1_36' title="bbox 386 3828 2732 3910; baseline -0.001 -14"><span class='ocrx_word' id='word_1_311' title='bbox 386 3833 603 3897; x_wconf 78' lang='lat' dir='ltr'><strong>netism</strong></span> <span class='ocrx_word' id='word_1_312' title='bbox 650 3831 880 3892; x_wconf 86' lang='lat' dir='ltr'><strong>mittere</strong></span> <span class='ocrx_word' id='word_1_313' title='bbox 924 3830 1108 3910; x_wconf 78' lang='lat' dir='ltr'><strong>gratie</strong></span> <span class='ocrx_word' id='word_1_314' title='bbox 1152 3829 1521 3891; x_wconf 88' lang='lat' dir='ltr'><strong>conducendi</strong></span> <span class='ocrx_word' id='word_1_315' title='bbox 1582 3828 1795 3891; x_wconf 88' lang='lat' dir='ltr'><strong>milites</strong></span> <span class='ocrx_word' id='word_1_316' title='bbox 1852 3850 1885 3890; x_wconf 82' lang='lat' dir='ltr'>a</span> <span class='ocrx_word' id='word_1_317' title='bbox 1945 3829 2292 3892; x_wconf 78' lang='lat' dir='ltr'><strong>Lombardia</strong></span> <span class='ocrx_word' id='word_1_318' title='bbox 2341 3831 2428 3891; x_wconf 78' lang='lat' dir='ltr'><strong>vel</strong></span> <span class='ocrx_word' id='word_1_319' title='bbox 2484 3831 2559 3891; x_wconf 78' lang='lat' dir='ltr'><strong>ab</strong></span> <span class='ocrx_word' id='word_1_320' title='bbox 2617 3832 2732 3893; x_wconf 77' lang='lat' dir='ltr'><strong>alia</strong></span> 
     </span>
     <span class='ocr_line' id='line_1_37' title="bbox 387 3930 2738 4012; baseline 0 -19"><span class='ocrx_word' id='word_1_321' title='bbox 387 3943 563 4006; x_wconf 77' lang='lat' dir='ltr'><strong>terra,</strong></span> <span class='ocrx_word' id='word_1_322' title='bbox 611 3940 670 3993; x_wconf 88' lang='lat' dir='ltr'><strong>et</strong></span> <span class='ocrx_word' id='word_1_323' title='bbox 713 3931 1095 4012; x_wconf 79' lang='lat' dir='ltr'><strong>dispensandi</strong></span> <span class='ocrx_word' id='word_1_324' title='bbox 1143 3949 1232 4005; x_wconf 81' lang='lat' dir='ltr'><strong>ea,</strong></span> <span class='ocrx_word' id='word_1_325' title='bbox 1277 3950 1393 4011; x_wconf 90' lang='lat' dir='ltr'><strong>que</strong></span> <span class='ocrx_word' id='word_1_326' title='bbox 1422 3931 1494 3992; x_wconf 83' lang='lat' dir='ltr'><strong>ad</strong></span> <span class='ocrx_word' id='word_1_327' title='bbox 1529 3930 1813 3991; x_wconf 85' lang='lat' dir='ltr'><strong>honorem</strong></span> <span class='ocrx_word' id='word_1_328' title='bbox 1846 3939 1906 3994; x_wconf 84' lang='lat' dir='ltr'><strong>et</strong></span> <span class='ocrx_word' id='word_1_329' title='bbox 1936 3931 2239 3992; x_wconf 81' lang='lat' dir='ltr'><strong>utilitatem</strong></span> <span class='ocrx_word' id='word_1_330' title='bbox 2273 3939 2429 3992; x_wconf 86' lang='lat' dir='ltr'><strong>terre</strong></span> <span class='ocrx_word' id='word_1_331' title='bbox 2458 3941 2738 4011; x_wconf 82' lang='lat' dir='ltr'><strong>spectant</strong></span> 
     </span>
     <span class='ocr_line' id='line_1_38' title="bbox 391 4032 2736 4108; baseline 0 -13"><span class='ocrx_word' id='word_1_332' title='bbox 391 4032 756 4096; x_wconf 87' lang='lat' dir='ltr'><strong>celsitudinis</strong></span> <span class='ocrx_word' id='word_1_333' title='bbox 800 4052 1025 4108; x_wconf 86' lang='lat' dir='ltr'><strong>eorum,</strong></span> <span class='ocrx_word' id='word_1_334' title='bbox 1069 4032 1226 4093; x_wconf 88' lang='lat' dir='ltr'><strong>licite</strong></span> <span class='ocrx_word' id='word_1_335' title='bbox 1270 4033 1442 4093; x_wconf 85' lang='lat' dir='ltr'><strong>saciet</strong></span> <span class='ocrx_word' id='word_1_336' title='bbox 1485 4033 1617 4105; x_wconf 88' lang='lat' dir='ltr'><strong>hoc,</strong></span> <span class='ocrx_word' id='word_1_337' title='bbox 1662 4032 1713 4093; x_wconf 90' lang='lat' dir='ltr'><strong>si</strong></span> <span class='ocrx_word' id='word_1_338' title='bbox 1757 4032 1870 4093; x_wconf 87' lang='lat' dir='ltr'><strong>hoc</strong></span> <span class='ocrx_word' id='word_1_339' title='bbox 1903 4051 2021 4093; x_wconf 90' lang='lat' dir='ltr'><strong>non</strong></span> <span class='ocrx_word' id='word_1_340' title='bbox 2052 4042 2145 4094; x_wconf 87' lang='lat' dir='ltr'><strong>est</strong></span> <span class='ocrx_word' id='word_1_341' title='bbox 2173 4043 2377 4094; x_wconf 77' lang='lat' dir='ltr'><strong>contra</strong></span> <span class='ocrx_word' id='word_1_342' title='bbox 2407 4032 2736 4095; x_wconf 72' lang='lat' dir='ltr'><strong>Venetiam.</strong></span> 
     </span>
     <span class='ocr_line' id='line_1_39' title="bbox 379 4133 2740 4200; baseline -0.001 0"><span class='ocrx_word' id='word_1_343' title='bbox 379 4134 677 4200; x_wconf 76' lang='lat' dir='ltr'><strong>Homines</strong></span> <span class='ocrx_word' id='word_1_344' title='bbox 744 4143 937 4196; x_wconf 78' lang='lat' dir='ltr'><strong>autem</strong></span> <span class='ocrx_word' id='word_1_345' title='bbox 995 4134 1232 4195; x_wconf 89' lang='lat' dir='ltr'><strong>Venetie</strong></span> <span class='ocrx_word' id='word_1_346' title='bbox 1298 4133 1517 4194; x_wconf 88' lang='lat' dir='ltr'><strong>debent</strong></span> <span class='ocrx_word' id='word_1_347' title='bbox 1580 4134 1851 4194; x_wconf 91' lang='lat' dir='ltr'><strong>homines</strong></span> <span class='ocrx_word' id='word_1_348' title='bbox 1915 4142 1973 4194; x_wconf 89' lang='lat' dir='ltr'><strong>et</strong></span> <span class='ocrx_word' id='word_1_349' title='bbox 2028 4133 2298 4195; x_wconf 77' lang='lat' dir='ltr'><strong>vestiaria</strong></span> <span class='ocrx_word' id='word_1_350' title='bbox 2357 4133 2740 4198; x_wconf 75' lang='lat' dir='ltr'><strong>sublimitatis</strong></span> 
     </span>
    </p>
   </div>
   <div class='ocr_carea' id='block_1_3' title="bbox 2862 0 2888 462">
    <p class='ocr_par' dir='ltr' id='par_1_6' title="bbox 2862 0 2888 462">
     <span class='ocr_line' id='line_1_40' title="bbox 2862 0 2888 462; baseline 0 4488"><span class='ocrx_word' id='word_1_351' title='bbox 2862 0 2888 462; x_wconf 95' lang='lat' dir='ltr'><strong> </strong></span> 
     </span>
    </p>
   </div>
   <div class='ocr_carea' id='block_1_4' title="bbox 2882 1978 2891 2694">
    <p class='ocr_par' dir='ltr' id='par_1_7' title="bbox 2882 1978 2891 2694">
     <span class='ocr_line' id='line_1_41' title="bbox 2882 1978 2891 2694; baseline 0 0"><span class='ocrx_word' id='word_1_352' title='bbox 2882 1978 2891 2694; x_wconf 95' lang='lat' dir='ltr'><strong> </strong></span> 
     </span>
    </p>
   </div>
   <div class='ocr_carea' id='block_1_5' title="bbox 525 4255 2884 4606">
    <p class='ocr_par' dir='ltr' id='par_1_8' title="bbox 525 4255 2884 4606">
     <span class='ocr_line' id='line_1_42' title="bbox 525 4255 2884 4606; baseline 0.005 -209"><span class='ocrx_word' id='word_1_353' title='bbox 525 4348 543 4375; x_wconf 83' lang='lat'><strong>¹</strong></span> <span class='ocrx_word' id='word_1_354' title='bbox 581 4350 742 4399; x_wconf 79' lang='lat' dir='ltr'><strong>idem:</strong></span> <span class='ocrx_word' id='word_1_355' title='bbox 770 4354 1011 4413; x_wconf 69' lang='lat' dir='ltr'><strong>jurabunt.</strong></span> <span class='ocrx_word' id='word_1_356' title='bbox 1127 4350 1149 4379; x_wconf 84' lang='lat'>⁸</span> <span class='ocrx_word' id='word_1_357' title='bbox 1187 4353 1342 4403; x_wconf 66' lang='lat' dir='ltr'><strong>Malim</strong></span> <span class='ocrx_word' id='word_1_358' title='bbox 1379 4357 1648 4415; x_wconf 73' lang='lat' dir='ltr'><strong>interventa,</strong></span> <span class='ocrx_word' id='word_1_359' title='bbox 1688 4367 1856 4415; x_wconf 71' lang='lat' dir='ltr'><strong>graeca</strong></span> <span class='ocrx_word' id='word_1_360' title='bbox 1894 4354 2120 4405; x_wconf 81' lang='lat' dir='ltr'><strong>dictione.</strong></span> <span class='ocrx_word' id='word_1_361' title='bbox 2176 4356 2353 4405; x_wconf 68' lang='lat' dir='ltr'><strong>Narin:</strong></span> <span class='ocrx_word' id='word_1_362' title='bbox 2394 4359 2745 4408; x_wconf 59' lang='lat' dir='ltr'><strong>enemente-ie.</strong></span> <span class='ocrx_word' id='word_1_363' title='bbox 2878 4255 2884 4606; x_wconf 54' lang='lat'><strong>⁴</strong></span> 
     </span>
    </p>
   </div>
  </div>
 </body>
</html>
