2900 4950
1445 92 1475 100 -v

1051 287 1168 351 Imp.
1205 288 1435 339 bisauciis
1473 289 1720 342 eumeni.
1780 327 1785 336 .
2423 282 2547 345 493

195 434 413 499 ταῦτα
471 431 567 510 εἰς
623 427 797 518 ἅπερ
843 428 924 500 ἂν
969 427 1282 557 εὖρήσητε
1324 430 1643 523 ἀξιόλογα
1684 436 1796 505 καὶ
1837 439 2142 524 ῥωμαϊκὰ
2184 442 2546 529 πρόσωπα.

197 529 377 618 υμᾶς
427 533 550 619 γὰρ
609 534 1000 619 ἱερωμένους
1056 533 1253 615 ὄντας
1302 536 1424 626 τὴν
1478 538 1789 627 τοιαύτην
1834 540 2204 631 ἐπιστήμην
2247 552 2548 632 μετέρχε-

199 641 380 701 σθαι
421 628 539 701 οὐκ
582 634 998 719 ἐνδέχεται,ί
974 635 1106 706 ότι
1125 632 1277 705 οὐδὲ
1322 638 1602 713 δυνατὸν
1633 636 2164 712 ἀναστέλλεσθαι
2193 645 2306 713 διὰ
2334 670 2551 733 προσ-

195 735 477 824 ἥκοντος
520 742 1030 826 σωφρονισμοῦ,
1076 735 1362 824 ὁπηνίκα
1402 743 1466 807 τὶ
1511 754 1773 811 ποιεῖτε
1812 742 1999 830 παρὰ
2037 744 2154 812 τὸν
2162 745 2548 870 ,ἐπαρχικὸν

199 834 514 925 ὁρισμὸν,
576 839 690 905 διὰ
743 838 821 905 τὸ
866 834 1036 906 εἶναι
1079 841 1489 927 ἱερωμένους.
1583 838 1734 911 ὅσοι
1776 834 1893 912 οὖν
1938 843 2085 925 ἐξ’
2050 850 2232 932 υμῶν
2276 848 2350 930 ἐξ
2389 846 2547 937 ἆγο-

198 947 459 1027 ρασίας,
509 936 599 1019 ὡς
629 941 900 1028 εἴρηται,
947 945 1155 1009 ταῦτα
1183 949 1524 1031 κέκτησθε,
1556 946 2204 1030 προσκομισάτωσαν
2233 946 2547 1036 ἀξιόλογα

199 1041 544 1127 πρόσωπα
595 1068 690 1128 τῳ
744 1043 1042 1130 ἐπάρχῳ·
1099 1049 1206 1114 καὶ
1264 1046 1375 1112 ι’να
1432 1048 1697 1133 δέξηται
1764 1046 1962 1128 αὐτὰ,
2031 1053 2142 1117 καὶ
2211 1059 2542 1140 σφραγίσῃ

123 1180 138 1188 -
196 1145 600 1228 τραπεζίτας
655 1138 789 1210 ἀντ’
855 1140 1102 1225 αὐτῶν,
1162 1147 1330 1213 κατὰ
1387 1147 1640 1232 δωρεὰν
1682 1153 1791 1222 καὶ
1836 1176 1989 1218 ανευ
2035 1158 2395 1239 συνηθείας
2436 1157 2547 1222 καὶ

199 1246 453 1325 δόσεως
496 1245 931 1334 οἱασδήτινος.

1049 1427 1691 1480 ,----·ι

1141 1620 1313 1684 Nov.
1363 1622 1588 1685 LXXII.

877 1739 1024 1821 Imp.
1071 1741 1441 1804 Manneiis
1489 1742 1845 1805 comneni

383 1859 558 1902 aurea
603 1839 758 1902 bulla
806 1844 1165 1905 confirmans
1210 1843 1657 1912 conventionem
1704 1864 1835 1905 cum
1884 1835 2297 1910 Genuensibns
2314 1849 2350 1909 ¹.

1188 1946 1277 2016 (A.
1328 1947 1539 2019 1170.)

372 2110 858 2190 Quandoquidem
918 2111 1450 2174 venerabilissimus
1507 2113 1998 2193 Archiepiscopus
2053 2113 2296 2177 civitatis
2350 2117 2540 2180 Janue

193 2222 258 2273 et
314 2212 729 2292 sapientissimi
778 2212 1064 2274 Consules
1120 2223 1177 2275 et
1228 2214 1561 2275 universum
1611 2216 1935 2276 Commune
1981 2215 2247 2295 ejusdem
2294 2218 2538 2280 civitatis

193 2313 495 2375 mittentes
552 2313 622 2374 ad
670 2313 985 2393 Imperium
1043 2335 1238 2376 meum
1297 2316 1621 2396 sapientem
1679 2317 1960 2378 nuncium
2018 2336 2222 2379 eorum
2272 2319 2537 2381 Amicum

193 2416 271 2476 de
315 2415 500 2478 Morta
547 2415 837 2478 dederunt
882 2417 935 2477 ei
979 2425 1326 2497 potestatem
1372 2426 1623 2480 tractare
1669 2426 1728 2479 et
1771 2428 2124 2482 conventare
2168 2439 2299 2482 cum
2346 2420 2541 2503 Impe—

193 2517 286 2580 rio
344 2537 475 2578 meo
533 2517 605 2578 de
664 2518 877 2597 quibus
923 2520 1237 2580 voluerint:
1295 2519 1391 2580 ille
1436 2529 1629 2581 autem
1677 2521 1748 2582 ad
1796 2521 2113 2602 Imperium
2163 2542 2355 2584 meum
2404 2543 2540 2605 per-

193 2619 438 2680 veniens
495 2628 554 2680 et
609 2619 682 2680 de
738 2618 832 2681 his
878 2621 1135 2699 negociis
1180 2621 1541 2683 sufficienter
1583 2631 1839 2683 tractans
1884 2623 2037 2685 hanc
2081 2625 2537 2688 convencionem

194 2720 294 2781 hic
340 2730 637 2782 ostensam
684 2721 839 2796 fecit,
886 2730 945 2781 et
989 2733 1357 2784 sacramento
1402 2742 1530 2784 eam
1577 2725 1959 2799 confirmavit,
2005 2744 2120 2804 que
2164 2736 2224 2788 et
2254 2728 2404 2791 sicut
2433 2729 2539 2791 ha·

192 2822 412 2883 bentur
453 2822 525 2883 de
571 2822 745 2883 verbo
789 2822 849 2883 in
898 2824 1169 2883 verbum:

366 2925 485 2999 „ln
541 2918 794 2987 nomine⁸
842 2924 1045 2986 Patris
1102 2936 1158 2986 et
1218 2924 1364 2986 Filii
1414 2937 1473 2986 et
1530 2924 1800 3004 Spiritus
1857 2925 2072 2989 Sancti
2132 2944 2322 2990 amen.
2412 2930 2534 3008 Epo

190 3027 480 3100 „Amicus
528 3027 594 3086 de
640 3025 869 3099 Marta,
916 3030 1059 3087 civis
1103 3026 1319 3099 Janue,
1372 3025 1602 3107 leyatus
1649 3027 1719 3087 ab
1768 3026 2227 3108 Archiepiscopo
2275 3032 2534 3093 civitatis

187 3125 435 3202 „Javme
482 3137 538 3189 et
582 3147 618 3188 α
667 3126 1029 3192 Consulibus
1077 3139 1131 3188 et
1175 3128 1247 3188 ab
1297 3131 1464 3188 omni
1505 3128 1819 3188 Communi
1857 3132 2117 3190 civitatis
2162 3128 2378 3200 Janue,
2431 3151 2535 3191 ac-

189 3233 462 3311 „cipiens
514 3239 872 3308 potestatem
927 3240 984 3290 et
1040 3228 1382 3307 injunctum
1425 3230 1497 3290 ab
1544 3231 1627 3288 eis
1670 3238 1771 3300 ut,
1818 3230 2096 3309 quicquid
2130 3229 2433 3306 juravero
2480 3244 2536 3294 et

187 3334 600 3407 „couveuiero
659 3333 782 3392 vice
825 3330 1023 3392 Jauue
1083 3350 1217 3392 cum
1259 3332 1639 3391 sanctissimo
1686 3339 1742 3390 et
1786 3328 2289 3393 excellentissimo
2334 3330 2535 3412 Impe-

184 3443 450 3507 ,‚ratore
491 3430 755 3492 Romeon
797 3431 1246 3514 Porfiroyenito
1293 3432 1550 3494 Domino
1584 3430 1945 3494 Hemavtuele
1981 3431 2243 3504 Comino,
2287 3434 2535 3514 firmum

183 3542 293 3609 „et
336 3543 543 3594 ratum
587 3537 704 3594 erit
749 3533 855 3595 hoc
901 3536 972 3596 ab
1018 3539 1136 3596 eis:
1195 3534 1347 3595 hanc
1382 3546 1728 3613 presentem
1773 3540 2229 3596 convenciouem
2269 3536 2432 3613 facio
2480 3547 2535 3597 et

183 3632 382 3711 ,juro
428 3653 506 3694 ea:
551 3633 864 3695 voluntate
893 3636 1343 3716 Archiepiscopi
1383 3650 1442 3696 et
1489 3634 1815 3697 Consulum
1858 3648 1917 3696 et
1961 3639 2154 3698 tocius
2192 3636 2532 3698 Communis

184 3739 495 3811 „civitatis
539 3733 737 3797 Janue
793 3734 872 3794 ad
915 3740 1357 3797 sanctissimum
1400 3736 1725 3798 Dominum
1768 3734 2207 3815 Imperatorem
2251 3737 2533 3817 Porfiro-

181 3839 497 3916 „yem‘cum
551 3835 875 3897 Dominum
931 3835 1355 3898 Hemanuelem
1414 3836 1717 3898 Cominom
1775 3849 1832 3899 et
1887 3839 1966 3897 ad
2024 3856 2225 3898 omnes
2285 3837 2532 3898 heredes

181 3949 293 4014 „et
337 3955 717 3998 successores
765 3935 1018 4017 Imperii
1057 3936 1187 4014 ejus
1234 3950 1290 3999 et
1334 3936 1684 3999 Romam‘am
1727 3941 1884 3999 sicut
1928 3938 2391 4017 siynificabitur.

355 4038 650 4115 „Quum”
706 4040 778 4100 ab
839 4039 1010 4101 hodie
1068 4048 1124 4099 et
1179 4042 1244 4099 in
1303 4048 1484 4099 antea
1538 4057 1726 4118 usque
1769 4041 1834 4099 in
1877 4040 2309 4116 sempiternum
2352 4040 2533 4101 donec

181 4141 492 4216 „mundus
549 4145 790 4205 steterit
843 4159 966 4203 non
1019 4149 1200 4202 eruut
1243 4138 1581 4201 Januenses
1629 4151 1843 4202 contra
1886 4138 2215 4219 Imperium
2259 4139 2391 4218 ejus
2435 4141 2535 4203 vel

320 4322 334 4351 ¹
386 4324 548 4374 Edidit
607 4342 661 4376 ex
722 4327 909 4377 archivo
960 4326 1203 4376 Genuensi
1254 4325 1386 4376 Sauli
1433 4325 1561 4376 della
1607 4323 1797 4376 colonia
1843 4326 1921 4376 dei
1971 4327 2145 4378 Genov.
2190 4329 2240 4379 in
2289 4329 2453 4383 Galata
2489 4331 2530 4380 ΙΙ

180 4409 370 4473 p.188.
514 4408 533 4434 ²
570 4410 756 4460 Malim:
801 4415 945 4469 Quod.
