2900 4950
1137 249 1255 312 lup.
1290 247 1439 299 Alexii
1475 247 1657 311 Angeli-
2232 288 2239 293 .
2442 238 2568 303 563

229 401 378 482 cipit
407 404 435 479 s
436 403 572 481 per]
604 417 854 481 presens
884 398 1298 479 chryfflbulum
1342 398 1603 472 verbum,
1649 397 1808 478 quod
1853 397 2041 461 Greco
2086 400 2323 479 quidem
2367 414 2569 467 contra

235 502 574 564 Veneticum
609 502 671 562 in
702 499 1073 580 peccuniaria
1118 519 1297 562 causa
1340 509 1570 578 agente,
1614 499 1858 578 legatus,
1905 500 2005 580 qui
2050 520 2159 580 per
2199 512 2464 583 tempora
2508 506 2569 567 in

231 622 444 683 magna
489 603 634 667 urbe
677 602 809 673 erit,
855 599 968 663 tale
1005 600 1293 680 judicium
1337 609 1768 681 perscrutetur3
1819 611 1880 664 et
1922 603 2142 682 scripto
2186 604 2424 682 quidem
2471 606 2573 667 de-

231 713 562 769 monstrato
614 722 648 767 a
694 702 882 765 Greco
942 701 1220 767 tavulario
1279 703 1617 782 conposito,
1676 704 1994 766 certificem
2038 704 2215 767 etiam
2258 704 2332 766 ab
2375 705 2571 787 aliquo

227 804 496 885 judicum
555 803 666 866 veli
726 812 786 867 et
827 803 924 882 epi
963 812 1029 866 tu
1071 802 1419 883 yppodromi
1469 805 1558 866 rel
1598 805 1943 867 semiomate
1986 804 2234 885 alicujus
2280 807 2574 885 predicto-

229 924 365 973 rum
414 905 712 986 judicum,
770 912 874 967 aut
924 913 986 965 et
1038 902 1112 967 ab
1171 903 1370 984 aliquo
1413 904 1757 984 pontificum
1802 906 1888 968 vel
1933 906 2005 968 ab
2051 906 2247 987 aliquo
2291 909 2572 971 tavulario

233 1008 324 1071 vel
360 1008 580 1087 judice,
626 1025 734 1086 per
775 1024 952 1085 quem
995 1006 1151 1085 apud
1195 1004 1506 1069 Veneticos
1550 1006 1791 1086 dignum
1836 1008 2314 1081 fldehabeatur,
2360 1028 2575 1073 secun·

236 1109 377 1173 dum
422 1102 760 1188 hujusmodi
813 1107 1016 1186 scripti
1062 1106 1631 1186 conprehensionem
1678 1108 2036 1193 decisionem
2081 1129 2257 1171 cause
2301 1111 2576 1190 superin-

233 1209 390 1275 duci.
479 1209 579 1271 Sic
633 1209 806 1271 etiam
863 1208 1024 1288 quod
1083 1227 1193 1287 per
1245 1208 1673 1288 qualecumque
1731 1216 1967 1289 ternpus
2024 1230 2057 1271 a
2104 1210 2468 1274 nobilissimo
2512 1221 2574 1275 et

235 1310 490 1390 Imperio
546 1328 678 1377 meo
735 1309 1078 1373 fidelissimo
1133 1319 1536 1387 protosevasto
1592 1319 1651 1371 et
1696 1308 1854 1372 Duce
1899 1311 2136 1374 venetie
2182 1312 2253 1373 ad
2300 1330 2573 1392 magnam

235 1412 441 1477 urbem
487 1411 750 1473 mittetur
789 1411 1046 1490 legatus,
1104 1419 1163 1471 et
1204 1411 1305 1489 qui
1348 1410 1460 1473 suh
1506 1430 1576 1473 eo
1612 1410 1874 1491 judices,
1929 1412 2123 1474 statim
2168 1422 2304 1492 post
2346 1413 2407 1475 in
2452 1433 2576 1475 ma·-

230 1532 407 1594 gnam
433 1513 658 1574 ›urbem
699 1530 903 1575 eorum
947 1512 1252 1574 introitum
1295 1513 1529 1575 ostendi
1573 1512 1825 1575 debeant
1870 1513 1942 1587 ei,
1998 1513 2099 1593 qni
2144 1522 2285 1575 tunc
2327 1515 2449 1576 erit-
2482 1515 2570 1576 rie

231 1614 644 1687 cancellatim,
695 1621 801 1675 aut
854 1612 906 1674 si
957 1598 1090 1692 ipse
1145 1622 1286 1675 tunc
1340 1614 1725 1677 cancellarius
1770 1624 1911 1677 tunc
1951 1614 2015 1674 in
2060 1615 2571 1695 Constantinopoli

232 1735 378 1781 uon·
411 1715 616 1797 fuerit,
647 1710 758 1787 ei,
824 1713 926 1793 qui
980 1724 1126 1776 tnnc
1176 1715 1289 1777 erit
1331 1734 1580 1794 magnus
1622 1714 1965 1795 logatiasta3
2024 1725 2087 1778 et
2128 1715 2201 1777 ab
2245 1734 2317 1777 eo
2363 1717 2577 1779 debeat

231 1818 386 1881 mitti
427 1817 508 1879 ad
549 1815 854 1878 ecclesiam
902 1815 1309 1881 Veneticorum
1354 1834 1465 1895 per
1508 1836 1784 1894 magnum
1815 1819 2217 1895 interpretem,
2261 1818 2354 1878 vel
2382 1818 2432 1879 si
2462 1818 2577 1898 ipsi

233 1938 356 1981 non
400 1918 594 1989 suerit,
636 1934 743 1995 per
783 1915 1038 1995 aliquem
1067 1915 1229 1977 curie
1260 1915 1438 1977 alium
1468 1916 1870 1996 interpretem,
1912 1927 1972 1977 et
2004 1935 2111 1995 per
2140 1936 2320 1978 unum
2348 1937 2577 1995 eorum,

233 2020 337 2099 qui
379 2017 732 2081 cancellarie
767 2015 1003 2095 scriptis
1048 2015 1402 2089 deserviunt,
1448 2027 1551 2078 aut
1579 2035 1687 2096 per
1715 2035 1897 2078 unum
1930 2018 2346 2079 secretieorum
2378 2020 2576 2097 magni

234 2121 602 2200 logariastae,
647 2118 697 2179 si
741 2116 874 2181 talis
915 2116 1267 2195 gramaticus
1312 2125 1452 2179 tunc
1494 2136 1743 2196 presens
1786 2136 1907 2179 non
1951 2118 2156 2191 fuerin
2201 2130 2261 2181 et
2290 2119 2351 2180 in
2382 2120 2577 2185 medio

236 2222 424 2302 ipsius
467 2219 876 2285 Veneticorum
935 2217 1182 2280 ecclesie
1225 2217 1285 2278 in
1332 2218 1689 2281 audientiam
1734 2217 1922 2281 tocius
1966 2219 2349 2299 plenitudinis
2394 2221 2582 2285 Vene-

235 2323 486 2386 ticorum
541 2331 686 2383 tunc
737 2319 798 2383 in
845 2319 1354 2399 Constantinopoli
1408 2317 1784 2381 existentium
1830 2319 2083 2381 debeant
2116 2320 2355 2401 jurare,
2417 2323 2578 2401 quod

232 2432 398 2490 recte
437 2432 498 2488 et
531 2422 693 2503 juste
736 2431 798 2488 et
838 2420 968 2486 sine
1011 2421 1388 2502 susceptione
1431 2440 1818 2502 personarum
1866 2420 1953 2483 vel
1997 2421 2244 2503 alicujus
2284 2423 2428 2485 doni
2459 2424 2580 2490 dati

235 2526 325 2592 vel
390 2524 665 2606 promissi
721 2522 968 2604 juditia,
1031 2542 1150 2603 que
1208 2524 1365 2586 inter
1418 2524 1640 2586 Grecos
1696 2534 1928 2585 actores
1984 2532 2045 2586 et
2090 2522 2399 2587 veneticos
2440 2544 2578 2588 reos

236 2640 427 2702 erunt,
473 2627 717 2701 facient,
763 2645 875 2687 nec
917 2625 1152 2706 aliquod
1198 2617 1553 2705 adjutorium
1600 2626 1890 2688 Veneticis
1937 2624 2227 2702 tribuent,
2273 2628 2378 2689 sed
2424 2646 2579 2706 equa

235 2731 406 2792 lanee
462 2728 768 2807 utriusque
821 2744 1058 2789 causam
1118 2736 1234 2788 tam
1281 2727 1449 2788 Greci
1510 2745 1686 2805 quam
1730 2736 1791 2789 et
1834 2726 2091 2788 Venetici
2136 2728 2477 2790 discernent
2521 2737 2582 2791 et

231 2829 611 2911 judicabunt:
670 2827 942 2892 venetico
997 2845 1100 2888 reo
1158 2826 1381 2888 donare
1437 2826 1690 2889 debente
1748 2828 1935 2887 Greco
1992 2837 2189 2889 actore
2245 2829 2578 2907 calumpnie

230 2927 692 3001 sacramentum,
737 2928 867 3007 ipso
904 2926 1180 2988 Venetico
1222 2926 1348 2987 solo
1384 2925 1590 3006 jurare
1634 2926 1887 2989 debente
1931 2928 2244 2990 decisionis
2275 2947 2451 2992 cause
2482 2948 2583 2990 sa-

235 3038 624 3101 cramentum,
669 3027 767 3100 ita,
819 3028 980 3107 quod
1023 3027 1246 3106 integre
1289 3026 1604 3090 decisionis
1644 3045 1824 3087 cause
1869 3038 2297 3089 sacramentum
2345 3028 2582 3090 Veneti·-

237 3152 345 3198 cus
390 3131 578 3194 Greco
622 3128 810 3209 possit
851 3129 1090 3201 reterre,
1135 3129 1186 3190 si
1230 3129 1366 3201 vult,
1410 3137 1590 3208 prout
1631 3138 1693 3189 et
1735 3127 1809 3188 de
1854 3128 1966 3190 hoc
2008 3128 2449 3207 prudentissimi
2495 3129 2580 3191 le-

237 3234 357 3315 gan
402 3232 809 3295 veneticorum
855 3248 1052 3292 meum
1095 3230 1390 3308 deprecati
1435 3239 1577 3290 sunt
1621 3229 1957 3309 Imperium.
2046 3230 2122 3291 Et
2164 3229 2275 3290 hec
2319 3230 2578 3309 quidem,

240 3338 430 3398 Greco
475 3344 680 3395 contra
725 3331 1063 3392 Veneticum
1119 3340 1348 3410 agente.
1439 3332 1502 3391 Si
1547 3350 1681 3391 vero
1730 3331 2037 3392 veneticus
2080 3339 2283 3391 contra
2329 3331 2583 3404 Grecum

237 3438 456 3518 egerit,
510 3434 666 3515 apud
723 3444 866 3496 tunc
905 3431 1316 3496 cancellarium
1361 3431 1480 3507 vie,
1543 3432 1632 3493 vel
1674 3451 1746 3493 eo
1790 3451 1825 3493 a
1867 3450 2078 3512 magna
2126 3431 2270 3494 urbe
2314 3431 2578 3508 absente,

235 3540 398 3620 apud
453 3554 728 3615 magnum
781 3534 1152 3614 logariastam
1210 3534 1531 3613 querellam
1586 3534 1798 3596 debeat
1840 3552 2204 3614 proponere,
2261 3544 2319 3596 et
2362 3534 2583 3616 scripto

237 3642 480 3722 quidem
524 3640 641 3702 fide
684 3638 862 3716 digno
907 3636 1192 3700 existente
1235 3636 1416 3698 actori
1463 3637 1755 3710 Venetico,
1801 3635 2064 3714 quamvis
2107 3654 2141 3696 a
2184 3634 2374 3698 Greeo
2421 3647 2584 3699 taru-

241 3742 390 3810 lario
434 3750 536 3803 aut
570 3738 770 3818 judice
817 3736 925 3800 veli
967 3746 1028 3800 et
1069 3737 1599 3817 epituyppodromi,
1644 3747 1747 3798 aut
1787 3756 1822 3797 a
1865 3738 2143 3816 pontifice
2186 3737 2275 3798 vel
2305 3738 2582 3798 venetico

244 3841 530 3907 tabulario
575 3839 663 3900 vel
698 3837 900 3918 jndice
942 3838 1020 3900 sit
1062 3839 1471 3918 compositum,
1516 3838 1842 3899 secundum
1888 3837 2001 3898 hoc
2045 3837 2246 3914 utique
2275 3856 2451 3898 cansa
2482 3838 2585 3901 de-

242 3943 490 4004 cidetur.
580 3938 811 4018 Scripta
856 3956 991 4000 vero
1035 3938 1218 4000 actori
1262 3958 1382 4000 non
1426 3937 1731 4011 existente,
1776 3938 2102 3998 secundum
2148 3937 2339 4015 ipsum
2379 3937 2481 4015 ,ius
2524 3949 2584 4001 et

243 4052 408 4110 aeter
449 4042 761 4106 veneticus
810 4038 1200 4119 judicabitur,
1259 4049 1319 4101 et
1372 4038 1685 4100 donabitur
1742 4036 1978 4117 quidem
2035 4046 2097 4099 et
2148 4045 2350 4099 centra
2396 4040 2469 4102 ab
2511 4060 2583 4102 eo

243 4145 438 4206 Greco
492 4143 824 4223 calumpnie
880 4148 1332 4204 sacramentum.
1418 4138 1722 4201 Jurabitur
1764 4148 1958 4201 autem
2003 4147 2064 4201 et
2105 4138 2178 4199 ab
2221 4139 2351 4219 ipso
2399 4141 2583 4203 Greco
2714 4163 2723 4168 ’

245 4247 442 4326 ipsum
502 4245 816 4306 decisionis
871 4261 1045 4306 cause
1091 4249 1521 4302 sacramentum
1567 4240 1676 4314 ita,
1742 4240 1898 4319 quod
1944 4240 2218 4301 Venetico
2262 4242 2447 4321 possit
2492 4262 2582 4305 re·
2676 4305 2685 4314 ,

244 4351 402 4410 ferre
463 4365 495 4406 e
551 4355 774 4407 contra.
865 4346 939 4408 Et
993 4343 1318 4412 secundum
1374 4351 1712 4427 presentem
1756 4341 2001 4403 sormam
2046 4342 2341 4421 presentis
2383 4344 2585 4425 scripti

2073 4443 2183 4492 36*
