2900 4950
1101 279 1219 343 Imp.
1253 278 1401 330 Alexii
1442 279 1688 329 Comneni.
2432 272 2557 336 423

222 434 481 511 κρατεῖν
534 447 608 492 τε
661 423 774 491 καὶ
830 425 1131 508 ἐνεργεῖν,
1187 424 1303 492 καὶ
1355 424 1559 510 νόμον
1614 426 1831 493 κοινὸν
1874 430 1984 493 καὶ
2038 434 2392 514 θέσπισμα
2436 433 2552 518 τὴν

221 529 568 612 παροῦσαν
610 525 870 613 γραφὴν
913 525 1267 605 ἐκτίθεται,
1315 520 1396 592 οῦ
1428 527 1661 594 ’καινόν
1692 554 1761 593 τι
1788 526 1901 593 ἐπὶ
1932 538 2078 606 τοῖς
2106 529 2555 618 ἐκκλησιαστι-

218 636 362 706 κοῖς
402 628 515 694 καὶ
560 628 764 713 ἱεροῖς
805 625 1306 712 παρεισάγουσα
1348 627 1758 713 πράγμασιν,
1817 625 1986 695 ἀλλὰ
2025 630 2110 695 τὰ
2152 641 2293 710 τοῖς
2334 638 2563 717 θείοιςθ

221 723 629 807 ἀποστόλοις
669 731 779 796 καὶ
821 733 964 806 τοῖς
1008 730 1211 813 ἱεροῖς
1254 729 1588 812 πατράσιν
1631 725 1991 813 ὁρισθέντα
2030 757 2102 798 τε
2143 731 2255 797 καὶ
2295 756 2556 800 κανονι-

224 836 494 910 σθέντα,
553 824 824 917 ἀμελείᾳ
877 830 950 896 δὲ
1006 836 1630 917 παραθεωρηθέντα
1670 830 1783 898 καὶ
1822 830 1946 918 ἤδη
2007 832 2236 914 σχεδὸν
2288 835 2557 914 τελείως

222 928 634 1018 ἀγνοηθέντα
693 925 1057 997 ἀνανεοῦσά
1108 956 1181 997 τε
1234 930 1340 997 καὶ
1381 929 1808 1017 κρατύνουσα.
1895 932 2006 999 καὶ
2050 933 2215 1000 ἴστω
2258 938 2396 1014 πᾶς
2435 938 2554 1002 τοῦ

2212 1030 2505 1058 ())ἱ

221 1034 498 1111 λοιποῦ,
559 1027 652 1111 ὥς
709 1028 892 1110 ὅστις
946 1025 1025 1098 ἀν
1072 1031 1168 1098 ἔτι
1213 1031 1507 1098 ἐναντίον
1550 1034 1613 1098 τὶ
1658 1033 1920 1111 τούτοις
1963 1034 2030 1101 ἐν
2073 1039 2153 1121 τῇ
2196 1062 2293 1102 υπ
2356 1061 2555 1103 αυτον

223 1132 447 1220 ἐνορίᾳ
490 1132 558 1199 ἐν
599 1131 812 1220 ψήφῳ
854 1127 896 1219 ἢ
936 1138 1306 1220 χειροτονίᾳ
1345 1127 1389 1219 ἢ
1432 1132 1622 1220 ἑτέρᾳ
1667 1135 1989 1221 σφραγῖδι
2023 1134 2553 1222 ἐκκλησιαστικοῦ

219 1238 494 1320 βαθμοῦ
537 1232 945 1321 οἶουδήτινος
988 1232 1449 1320 διαπράξηται,
1497 1229 1923 1318 ἀσυμπαθῶς
1963 1240 2042 1322 τῇ
2088 1235 2157 1302 ἐκ
2183 1240 2315 1303 τῶν
2344 1244 2555 1304 θείων

222 1334 514 1402 κανόνων
558 1330 801 1422 εῦθὺνῃ
843 1331 1305 1401 ὖποπεσεῖται.
1397 1336 1502 1402 δεῖ
1542 1335 1615 1401 δὲ
1655 1337 1761 1402 καὶ
1805 1330 2187 1422 ἀξιολόγους
2230 1338 2425 1423 ἱερεῖς
2453 1339 2559 1424 ἐγ-

220 1437 759 1523 καθιδρυνθῆναι
797 1447 946 1514 ταῖς
987 1439 1121 1503 τῶν
1158 1443 1417 1521 χωρίων
1460 1439 1856 1519 καθολικαῖς
1908 1437 2292 1526 ἐκκλησίαις,
2341 1435 2433 1518 ὥς
2475 1434 2557 1506 ἀν

224 1533 417 1605 αὐτοὶ
471 1536 678 1605 πάλιν
734 1537 799 1603 οἱ
858 1537 1055 1621 ἱερεῖς
1111 1535 1453 1622 φωτίζωσι
1506 1536 1623 1603 τὸν
1667 1536 1827 1603 λαὸν
1870 1542 1980 1604 καὶ
2020 1542 2138 1605 τοῦ
2185 1537 2557 1625 ὀρθοδόξου

222 1638 627 1727 κηρύγματος
681 1641 856 1705 πᾶσι
906 1638 1396 1721 μεταδιδόασιν.
1489 1640 1653 1717 ἰ’σως
1697 1639 1768 1704 δὲ
1812 1632 1928 1705 οὐκ
1973 1634 2373 1726 εὐπορήσει-ε
2412 1665 2557 1708 τοι-

223 1740 434 1808 ούτων
480 1734 861 1826 ἀνθρώπων
906 1739 977 1819 ἐξ
1020 1735 1234 1824 ἀρχῆς.
1323 1735 1461 1806 ἀλλ’
1511 1740 2025 1826 ἐπιμεληθέντες
2067 1739 2220 1808 καθ’
2266 1739 2556 1828 ὑπερβο-

227 1842 342 1929 λὴν
384 1840 611 1925 τάχιον
653 1841 1093 1928 καταστήσετε
1135 1836 1543 1924 ἀνθρώπους
1585 1837 1809 1920 ἀξίους
1836 1846 1954 1908 τοῦ
1987 1843 2416 1926 μεταδιδόναι
2442 1843 2557 1910 καὶ

225 1945 473 2029 ἑτέροις
533 1947 650 2008 τοῦ
715 1937 975 2028 ἀγαθοῦ
1040 1940 1153 2008 καὶ
1207 1941 1632 2027 διαφωτίζειν
1696 1941 1774 2007 τὸ
1833 1938 2201 2027 ὀρθόδοξον
2241 1944 2552 2031 κήρυγμα.

225 2049 591 2131 σκοπητέον
644 2042 766 2128 γὰρ
812 2038 892 2109 δι’
939 2041 1019 2128 ἢν
1063 2042 1282 2108 αἰτίαν
1327 2043 1394 2108 οἱ
1438 2037 1811 2109 ἀπόστολοι
1849 2043 1967 2130 τὴν
2011 2045 2391 2128 οἰκουμένην
2434 2070 2559 2112 πε-

226 2152 584 2231 ριέτρεχον·
643 2138 724 2209 δι>
785 2139 974 2209 οὐδὲν
1029 2143 1249 2227 ἕτερον
1293 2141 1563 2221 πάντως
1604 2138 1646 2230 ἢ
1691 2143 1806 2210 διὰ
1846 2143 1924 2207 τὸ
1966 2144 2396 2227 μεταδιδόναι
2436 2148 2555 2211 τοῦ

227 2242 440 2330 ὀρθοῦ
497 2243 900 2332 κηρύγματος
954 2242 1160 2309 παντὶ
1199 2247 1294 2330 τῷ
1339 2246 1497 2330 λαῷ.
1588 2245 1691 2310 δεῖ
1729 2250 1951 2309 τοίνυν
1993 2248 2101 2310 καὶ
2145 2244 2298 2323 τοὺς
2342 2240 2558 2330 ἀρχιε-

226 2448 452 2535 ἐνορίᾳ
507 2441 753 2531 ὁμοίως
808 2456 1051 2513 ποιεῖν.
1144 2444 1289 2512 ἐπεὶ
1348 2440 1503 2513 οῦδὲ
1558 2445 1731 2532 πρὸς
1785 2442 1972 2532 ῦβριν
2015 2444 2211 2512 τοῦτό
2257 2444 2400 2512 ἐστι
2439 2448 2557 2511 τοῦ

227 2545 603 2636 ἀρχιερέως,
663 2544 831 2615 ἀλλὰ
881 2549 1133 2630 μᾶλλον
1185 2546 1298 2613 καὶ
1352 2547 1445 2625 είς
1485 2555 1797 2635 μεγίστην
1839 2549 2051 2633 τιμὴν,
2109 2545 2266 2614 ὅταν
2311 2549 2421 2613 καὶ
2465 2546 2559 2624 είς

225 2650 564 2734 κατάλυμα
607 2655 885 2736 πένητος
929 2648 1199 2735 εἰσέλθῃ
1245 2651 1353 2715 καὶ
1397 2648 1481 2714 τὰ
1508 2643 1644 2715 κατ’
1680 2641 1877 2714 αὐτὸν
1909 2647 2214 2735 ἕρευνήσῃ
2244 2651 2356 2715 καὶ
2386 2646 2559 2731 πρὸς

230 2758 620 2837 θεοσέβειαν
687 2746 884 2815 αὐτὸν
953 2744 1259 2836 ἀναγάγῃ.
1346 2749 1633 2836 μιμητὴς
1687 2747 1809 2834 γὰρ
1864 2756 2113 2833 γίνεται
2168 2745 2203 2812 ὃ
2258 2753 2561 2827 τοιοῦτος

228 2849 562 2939 ἀρχιερεὺς
603 2854 735 2916 τῶν
777 2854 1100 2934 μαθητῶν
1142 2853 1259 2916 τοῦ
1300 2853 1641 2934 χριστοῦ
1685 2855 1790 2915 καὶ
1819 2845 2017 2913 αὐτοῦ
2048 2852 2165 2913 τοῦ
2192 2852 2555 2931 χριστοῦ,

137 2991 154 3001 ,
229 2957 337 3021 καὶ
384 2953 451 3019 ἐν
483 2952 746 3029 τούτοις
787 2951 1040 3034 μᾶλλον
1085 2951 1334 3036 πληροῖ
1374 2948 1459 3015 τὰ
1500 2952 1617 3015 τοῦ
1663 2944 2112 3030 ἀρχιερατικοῦ
2159 2944 2551 3032 ἀξιώματος.

230 3051 400 3122 ἀλλὰ
451 3055 560 3117 καὶ
615 3049 695 3116 τὸ
747 3050 1085 3117 κανονικὸν
1143 3050 1256 3114 διὰ
1297 3052 1494 3111 τοῦτο
1541 3042 1900 3133 ἀφωρίσθη
1945 3058 2088 3124 τοῖς
2131 3043 2555 3134 ἀρχιερεῦσιν,

230 3152 343 3222 ἵνα
402 3152 817 3238 διερχόμενος
873 3151 1143 3227 ἕκαστος
1197 3150 1304 3214 καὶ
1363 3146 1690 3213 διδάσκων
1735 3149 1805 3225 ἐξ
1848 3142 2047 3212 αὐτοῦ
2105 3149 2554 3235 διατρέφηται.

229 3254 594 3343 γνωριζέτω
651 3244 763 3319 οῧν
820 3252 956 3329 πᾶς
1012 3245 1369 3335 ἀρχιερεὺς,
1431 3243 1538 3313 ὅτι
1591 3246 1761 3330 πρὸς
1803 3246 2013 3314 κόπον
2058 3244 2437 3316 ἀπεδύσατο
2481 3249 2559 3316 τὸ

228 3361 531 3424 τοιοῦτον
571 3351 1012 3437 πνευματικὸν
1053 3354 1162 3417 καὶ
1210 3346 1465 3437 ὀφείλει
1504 3350 1703 3413 τοῦτο
1749 3347 2129 3436 ἐκπληροῦν,
2178 3349 2408 3429 καθὼς
2449 3351 2561 3419 καὶ

232 3459 296 3526 οἱ
330 3457 722 3543 μακαριστοὶ
769 3454 1008 3520 ἐκεῖνοι
1051 3456 1333 3535 πατέρες
1373 3452 1483 3517 καὶ
1514 3445 1699 3516 αὐτοὶ
1734 3451 1799 3517 οἱ
1828 3457 2016 3519 θεῖοι
2046 3447 2416 3519 ἀπόστολοι
2448 3450 2560 3518 διὰ

225 3566 378 3647 βίου
423 3558 713 3624 ἐποίουν.
783 3553 842 3621 εἷ
884 3553 1005 3640 γὰρ
1051 3552 1418 3638 σκοπήσετε
1459 3554 1674 3631 καλῶς
1716 3553 1781 3618 οἱ
1825 3548 2145 3638 ἀρχιερεῖς
2186 3557 2292 3620 καὶ
2341 3553 2555 3641 ἐννοή-

232 3683 408 3739 σετε,
469 3654 577 3724 ὅτι
630 3655 743 3723 διὰ
785 3655 1168 3741 παράβασιν
1209 3656 1368 3737 μιᾶς
1413 3655 1677 3739 ἐντολῆς
1720 3651 1798 3738 ἢν
1842 3660 2223 3741 παρέβησαν
2268 3655 2333 3720 οἱ
2376 3679 2562 3737 πρωσ

227 3760 598 3829 τόπλαστοι
625 3756 1111 3842 κπαρεδόθημεν
1157 3752 1294 3838 ἅμα
1324 3754 1596 3833 ἐκείνοις
1628 3758 1720 3839 τῷ
1751 3754 2027 3841 θανάτῳ
2057 3758 2164 3821 καὶ
2195 3758 2271 3840 τῇ
2305 3757 2557 3840 φθορᾷ,

230 3863 342 3930 καὶ
384 3861 443 3928 εἰ
483 3859 570 3946 μὴ
619 3857 732 3925 διὰ
773 3861 890 3943 τῆς
934 3854 1245 3941 ἐνσάρκου
1292 3855 1669 3937 οἰκονομίας
1711 3859 1827 3920 τοῦ
1874 3859 2168 3940 σωτῆρος
2208 3851 2393 3939 ἡμῶν
2440 3854 2562 3939 ἰη-

234 3965 379 4029 σοῦ
419 3961 757 4046 χριστοῦ
800 3960 918 4044 τῆς
960 3951 1488 4041 ἀπολυτρώσεως
1526 3958 1658 4020 τῶν
1705 3951 2041 4038 ἁμαρτιῶν
2083 3952 2268 4039 ἡμῶν
2311 3956 2417 4019 καὶ
2446 3957 2562 4040 τῆς

232 4058 656 4140 ἀναστάσεως
713 4058 1046 4141 ἐτύχομεν,
1107 4055 1353 4134 πάντες
1407 4051 1572 4139 ὁμοῦ
1619 4050 2090 4137 ἀπολλόμεθα,
2148 4056 2256 4119 καὶ
2303 4049 2408 4120 ὅτι
2452 4050 2564 4122 διὰ

234 4165 429 4229 τοῦτο
475 4163 735 4250 ἐδέησεν
755 4148 977 4226 “αῦτὸν
1020 4156 1135 4223 τὸν
1178 4155 1400 4241 κύριον
1447 4150 1709 4241 εὖδοκίᾳ
1751 4140 1867 4220 foi}
1905 4153 2160 4240 πατρὸς
2202 4155 2306 4221 καὶ
2340 4177 2564 4240 συνερ-

234 4269 381 4351 γείᾳ
423 4267 539 4329 τοῦ
598 4258 787 4348 ἁγίου
842 4259 1217 4345 πνεύματος
1282 4256 1802 4342 ἐνανθρωπῆσαι
1852 4258 1961 4323 καὶ
2019 4254 2227 4341 σάρκα
2282 4262 2566 4342 φορέσαι

235 4362 349 4433 καὶ
392 4363 584 4451 σαρκὶ
624 4369 879 4431 παθεῖν
923 4365 1034 4429 καὶ
1077 4355 1473 4440 ἀποθανεῖν,
1526 4359 1637 4425 ἵνα
1680 4357 1972 4445 ἐξέληται
2014 4355 2186 4445 ἡμᾶς
2225 4362 2342 4443 τῆς
2385 4365 2567 4445 φθο-
