2900 4950
1052 257 1173 321 Imp.
1208 257 1470 308 Andronici
1506 258 1731 309 senioris.
2436 248 2560 309 619

780 397 813 423 Ἀ

219 402 431 470 τόπον
483 402 715 489 πλὴν’3
769 430 809 491 η
866 402 1223 490 πρότερον,
1279 407 1478 471 τοῦτο
1537 406 1609 472 δὲ
1664 407 1770 472 καὶ
1817 401 1946 471 ὅσα
1990 406 2085 482 εἰς
2129 402 2448 491 εὖπορίαν
2490 434 2564 477 τε

217 506 330 570 καὶ
384 505 795 591 φιλοδωρίαν
847 507 981 572 τῶν
1037 504 1428 588 προσόντων
1487 500 1649 592 αὐτῇ
1691 504 2100 591 πραγμάτων
2143 532 2217 573 τε
2258 510 2365 574 καὶ
2410 535 2562 595 κτη-

215 603 478 688 μάτων·
525 602 568 670 ἃ
611 603 690 689 δὴ
733 607 842 671 καὶ
869 604 1054 671 *κατὰ
1093 611 1294 690 μέρος
1322 605 1512 691 ἕτερα
1540 605 1838 693 διάφορα
1866 606 2106 693 ταύτης
2134 602 2562 677 ὑποδείκνυσι

215 711 658 788 θεσπίσματα
674 709 732 770 ¹⁴.
824 705 971 772 ἐπεὶ
1035 707 1108 774 δὲ
1164 701 1407 791 ἆρτίως
1460 702 1752 794 ᾐτήσατο
1806 706 1923 794 τὴν
1965 710 2312 792 βασιλείαν
2354 732 2485 792 μου.
2528 705 2563 775 ὃ

215 810 337 893 τῆς
390 804 699 892 τοιαύτης
754 803 1120 895 ἁγιωτάτης
1160 808 1636 895 μητροπόλεως
1680 803 2030 892 ἀρχιερεὺς,
2074 847 2162 857 -
2205 807 2427 875 πάντα
2472 804 2564 877 ὢν

221 906 494 991 ἄριστος
534 911 646 973 καὶ
689 907 1072 986 ἱκανότατος
1113 912 1193 995 τῇ
1237 908 1509 996 τοιαύτῃ
1553 934 1626 994 γε
1670 904 1824 996 αξίᾳ
1869 936 1959 988 ως
2002 905 2324 977 συνελόντ’
2368 910 2559 993 ἐρεῖν,

219 1011 328 1073 καὶ
387 1002 467 1073 δι’
518 1003 679 1073 αύτὸ
734 1006 811 1095 δὴ
868 1004 1040 1075 τοῦτ’
1090 1034 1219 1093 αρα
1274 1011 1380 1075 καὶ
1437 1008 1660 1076 πάντα
1716 1017 1989 1078 πείθειν
2046 1010 2267 1089 ἱκανὸς
2311 1037 2402 1077 ων
2445 1010 2564 1100 τὴν

219 1095 565 1193 βασιλείαν
618 1132 748 1192 μου
803 1108 912 1175 καὶ
967 1113 1121 1230 περὶ
1181 1109 1452 1178 πάντων
1511 1109 2060 1193 αἰτούμενος,-
2114 1112 2264 1179 ἐπεὶ
2320 1108 2385 1180 δ’
2449 1103 2564 1181 οὖν

219 1205 464 1288 ου’τωςι
469 1205 625 1288 ὗῶς
668 1209 925 1297 είρηται
977 1204 1267 1297 ᾐτήσατο
1311 1214 1417 1276 καὶ
1461 1210 1946 1295 χρυσόβουλλον
1991 1207 2190 1300 αὐτῆς
2233 1217 2567 1301 προβῆναι

221 1313 380 1393 περὶ
423 1313 557 1377 τῶν
600 1310 990 1395 προσόντων
1032 1309 1378 1393 κτημάτων
1421 1314 1500 1399 τῇ
1530 1306 1665 1379 κατ’
1703 1306 1901 1378 αὐτὸν
1929 1313 2199 1401 τοιαύτῃ
2232 1310 2562 1402 ἁγιωτάτῃ

222 1411 547 1501 ἐκκλησίᾳ,
591 1408 716 1499 ἤδη
759 1414 867 1479 καὶ
915 1412 1008 1490 εἷς
1049 1416 1247 1478 τοῦτο
1292 1412 1583 1480 ἐπινεύει
1623 1417 1702 1500 τῇ
1748 1408 1950 1480 αὐτοῦ
1983 1413 2242 1501 αἰτήσει
2271 1417 2379 1481 καὶ
2413 1415 2565 1481 ἐπι-

216 1523 484 1599 χορηγεῖ
537 1515 650 1580 καὶ
705 1512 1130 1599 ἐπιβραβεύει
1183 1513 1374 1580 τόνδε
1415 1514 1532 1579 τὸν
1572 1515 2060 1599 χρυσόβουλλον
2105 1514 2299 1601 λόγον
2344 1511 2562 1602 αὐτῆς,

221 1609 307 1680 δι’
368 1604 446 1679 οὗ
498 1616 606 1681 καὶ
663 1608 917 1681 εὐδοκεῖ
930 1617 972 1651 ¹⁶
1024 1617 1132 1681 καὶ
1188 1613 1605 1699 προστάσσει
1656 1618 1765 1683 καὶ
1824 1616 2213 1700 διορίζεται,
2272 1622 2564 1699 κατέχειν

219 1717 331 1781 καὶ
388 1715 483 1794 εἰς
534 1713 614 1781 τὸ
668 1716 816 1802 ἑξῆς
855 1714 973 1802 τὴν
1018 1716 1511 1802 διαληφθεῖσαν
1556 1711 1923 1802 ἆγιωτάτην
1964 1716 2378 1805 μητρόπολιν
2419 1742 2568 1802 μο-

223 1823 676 1901 νεμβασίας
728 1816 951 1884 πάντα
992 1815 1077 1882 τὰ
1119 1816 1464 1901 προσόντα
1506 1811 1669 1902 αὐτῇ
1713 1816 2008 1905 κτήματά
2051 1844 2123 1885 τε
2164 1822 2275 1885 καὶ
2320 1820 2562 1899 δίκαια,

224 1914 269 1982 ἃ
312 1917 426 1984 καὶ
463 1923 654 2002 μέχρι
695 1921 812 1984 τοῦ
841 1915 1175 2000 παρόντος
1203 1914 1359 2001 παρ’
1395 1912 1596 2000 αὐτῆς
1625 1918 1751 1983 εἰσὶ
1784 1917 2197 2001 κατεχόμενα,
2244 1925 2569 2002 νέμεσθαί

223 2042 299 2082 τε
343 2012 509 2082 αὐτὰ
554 2016 737 2095 ἐκτὸς
779 2016 1003 2104 πάσης
1045 2016 1357 2103 ἐπηρείας
1398 2019 1506 2083 καὶ
1555 2016 1951 2105 ἐνοχλήσεως
1992 2021 2099 2085 καὶ
2131 2019 2565 2088 παντάπασιν

227 2112 719 2203 άναφαιρέτως,
768 2120 1159 2201 διασεισμοῦ
1200 2142 1274 2184 τε
1315 2116 1572 2199 παντὸς
1615 2115 2083 2206 ἀπηλλαγμένα
2124 2145 2197 2189 τε
2238 2122 2347 2187 καὶ
2393 2115 2560 2187 άνώ·

225 2243 402 2303 τερα.
492 2216 536 2284 ἃ
593 2218 670 2304 δὴ
726 2222 833 2286 καὶ
889 2213 1025 2286 κατ’
1077 2215 1288 2302 ὄνομα
1331 2214 1543 2297 οὕτως
1587 2221 1839 2303 ἔχουσι·
1891 2227 2134 2306 χωρίον
2180 2216 2217 2286 ὃ
2261 2246 2566 2306 γαγκα-

226 2325 415 2397 νέας
469 2319 635 2403 μετὰ
689 2323 821 2386 τῶν
866 2320 935 2388 ἐν
980 2315 1157 2406 αὐτῷ
1202 2327 1543 2405 παροίκων
1584 2324 1694 2388 καὶ
1737 2317 2201 2390 ὖποστατικῶν
2243 2325 2351 2390 καὶ
2398 2321 2570 2389 πάν-

225 2447 358 2488 των
409 2424 542 2488 τῶν
595 2422 870 2490 δικαίων
924 2424 1034 2490 καὶ
1087 2421 1311 2510 πάσης
1368 2424 1570 2508 νομῆς
1628 2417 1864 2500 αὐτοῦς
1921 2427 2134 2511 κτῆμα
2197 2423 2276 2490 τὸ
2342 2424 2438 2503 εἷς
2490 2422 2568 2490 τὸ

220 2530 465 2608 χωρίον
519 2522 604 2591 τὰ
659 2523 959 2607 νάματ’7
1013 2523 1181 2607 μετὰ
1234 2527 1367 2591 τῶν
1423 2524 1493 2591 ἐν
1537 2519 1716 2611 αύτῷ
1758 2532 2099 2609 παροίκων
2142 2530 2255 2593 καὶ
2296 2529 2428 2594 τῶν
2474 2526 2570 2606 εἰς

223 2623 304 2691 τὸ
360 2619 522 2691 αὐτὸ
572 2632 815 2710 χωρίον
857 2628 964 2691 καὶ
1012 2626 1106 2704 εἰς
1147 2624 1230 2692 τὰ
1272 2632 1605 2710 ταίρεια
1650 2621 2083 2712 αύτούργίων·
2143 2623 2440 2712 άγρίδιον
2483 2626 2569 2694 τὰ

228 2725 423 2809 λυρὰ
476 2725 645 2809 μετὰ
697 2730 831 2792 τῶν
886 2726 955 2792 ἐν
1012 2722 1189 2811 αύτῷ
1250 2733 1591 2810 παροίκων
1644 2729 1755 2794 καὶ
1798 2724 2293 2796 ὑποστατικῶν·
2353 2730 2452 2797 ἔτι
2496 2731 2568 2796 δὲ

225 2829 336 2893 καὶ
379 2829 512 2891 τῶν
554 2830 1111 2909 μουντουσιῦν,
1158 2821 1326 2894 ἀλλὰ
1370 2827 1447 2913 δὴ
1493 2830 1601 2893 καὶ
1646 2827 1723 2892 τὸ
1771 2828 1864 2905 εἰς
1906 2827 2023 2913 τὴν
2054 2828 2252 2896 σιών
2283 2825 2564 2915 αύτούρ-

226 2947 404 3013 γιον·
446 2933 688 3012 χωρίον
733 2926 828 3005 εἰς
868 2926 984 2992 τὸν
1027 2926 1289 3012 κάμπον
1335 2927 1681 3011 λεγόμενον
1714 2926 1799 2993 τὰ
1842 2928 2357 2997 ἑπισκοπεῖα
2397 2928 2566 3014 μετά

227 3029 362 3093 τῶν
419 3026 486 3094 ἐν
531 3022 708 3113 αὐτῷ
753 3034 1123 3112 παροίκων,
1178 3030 1296 3113 τῆς
1340 3027 1784 3114 διαφερούσης
1824 3032 1903 3116 τῇ
1951 3029 2254 3116 ἐκκλησίᾳ
2295 3034 2413 3117 γῆς
2455 3034 2565 3098 καὶ

227 3131 363 3195 τῶν
417 3129 674 3194 λοιπῶν
727 3124 1223 3208 ύποστατικῶν,
1285 3129 1384 3196 ἔτι
1427 3129 1501 3195 δὲ
1543 3131 1651 3195 καὶ
1696 3132 1813 3194 τοῦ
1860 3132 2198 3216 δρυμῶνος
2238 3135 2355 3198 τοῦ
2403 3132 2571 3200 ἰδιο-

228 3236 670 3314 περιορίστως
723 3229 1096 3314 προσόντος
1137 3236 1326 3315 μέχρι
1367 3233 1487 3296 τοῦ
1528 3230 1863 3314 παρόντος
1903 3236 1983 3319 τῇ
2030 3226 2192 3320 αὐτῇ
2237 3229 2567 3322 ἁγιωτάτῃ

228 3331 551 3418 ἐκκλησίᾳ,
601 3327 692 3409 ὥς
732 3333 850 3398 τοῦ
896 3332 1137 3398 λοιποῦ
1183 3330 1435 3410 παντὸς
1481 3332 1820 3416 δρυμῶνος
1861 3336 1979 3397 τοῦ
2010 3328 2446 3418 ὑποκειμένου
2474 3340 2569 3420 τῷ

225 3436 528 3519 μδημοσίῳ
586 3428 974 3519 ὀφείλοντος
1029 3428 1199 3500 εἶναι
1253 3422 1459 3512 αὖθις
1513 3429 1649 3499 ὑπὸ
1691 3430 1807 3499 τὸν
1853 3432 2201 3521 δημόσιον·
2257 3435 2570 3523 χωράφια

231 3536 300 3602 ἐν
353 3534 707 3621 διαφόροις
758 3534 1002 3613 τόποις
1053 3538 1172 3601 τοῦ
1231 3535 1420 3613 ἕλους
1462 3533 1630 3618 μετὰ
1670 3537 1805 3600 τῶν
1850 3533 1918 3602 ἐν
1963 3529 2190 3614 αὐτοῖς
2231 3536 2570 3624 τεσσάρων

228 3632 707 3764 ύδρομυλώνων
748 3639 880 3702 τῶν
926 3631 1411 3722 ἂνεγερθέντων
1454 3635 1642 3721 παρὰ
1670 3639 1787 3702 τοῦ
1817 3642 2058 3721 μέρους
2085 3641 2203 3724 τῆς
2232 3639 2573 3758 ἐκκλησίας

232 3740 339 3805 καὶ
368 3740 485 3803 τοῦ
517 3732 942 3821 ἀμπελῶνος·
989 3733 1286 3824 ἇγρίδιον
1316 3737 1664 3823 λεγόμενον
1693 3741 1809 3804 τοῦ
1843 3734 2031 3823 ἁγίου
2061 3739 2569 3825 κουρνούτου

230 3838 398 3922 μετὰ
455 3842 589 3904 τῶν
645 3838 713 3905 ἐν
769 3831 945 3925 αὐτῷ
1001 3846 1372 3924 παροίκων·
1440 3840 1663 3923 ἕτερον
1719 3832 2016 3924 άγρίδιον
2070 3843 2188 3907 τοῦ
2246 3865 2569 3927 καμαρα

367 4024 651 4088 “begerim
687 4021 871 4074 πλείω.
1012 4024 1049 4055 ¹¹
1090 4026 1159 4076 Cf.
1196 4042 1341 4091 supra
1376 4027 1490 4078 Nov.
1525 4028 1617 4077 XX.
1772 4024 1982 4076 ’Malim
2020 4011 2192 4082 οὗτος.
2336 4026 2375 4055 ¹⁸
2412 4030 2570 4081 Codex

233 4115 377 4171 (teste
412 4111 612 4170 minero)
649 4102 871 4175 εὖλογεῖ.
1014 4109 1050 4137 ¹⁷
1087 4113 1222 4161 Hunc
1257 4112 1415 4162 locum
1453 4112 1592 4161 simu!
1631 4126 1739 4161 cum
1775 4111 1882 4161 aliis
1918 4112 2118 4162 inferius
2155 4114 2458 4164 nominandis
2485 4116 2570 4165 Ιιο-

233 4194 424 4244 diedum
461 4196 550 4244 sub
587 4196 756 4245 eodem
791 4196 987 4246 nornine
1024 4203 1209 4259 extare,
1246 4211 1301 4247 ex
1338 4211 1513 4260 mappa
1546 4196 1714 4261 majori
1752 4196 1931 4247 Gallica
1966 4205 2015 4246 et
2050 4212 2105 4247 ex
2142 4197 2297 4252 libro:
2339 4189 2569 4264 ῘΕφετη-

232 4273 318 4344 pic
351 4277 450 4325 τοῦ
482 4275 755 4342 βασιλείου
790 4281 887 4341 τῆς
912 4273 1163 4335 Ἑλλάδος
1197 4274 1290 4330 διὰ
1325 4276 1387 4330 τὸ
1422 4273 1545 4335 ἔτος·
1584 4280 1709 4333 183ῖ
1748 4296 1777 4331 a
1813 4281 1960 4332 Klado
1998 4283 2194 4333 Athenis
2236 4283 2364 4335 1837
2402 4284 2451 4334 in
2488 4284 2570 4335 8³⁰

232 4364 360 4414 edito
397 4363 631 4413 adnotavit
668 4364 891 4415 Hinc-rus,
