2900 4950
1136 242 1254 305 Imp.
1293 240 1438 291 Alexii
1479 242 1726 295 Comneui.
2109 228 2129 241 ’
2467 232 2589 297 355

242 412 406 477 μου,
464 391 573 459 καὶ
628 388 782 457 τότε
822 389 944 472 μὲν
988 389 1256 457 πολλῶν
1303 388 1535 474 λόγων.
1556 386 1712 474 παρ’
1761 386 2155 479 ἀμφοτέρων
2196 395 2330 459 τῶν
2371 398 2589 481 μερῶν

245 490 626 577 ποταμιδὸν
693 489 1080 577 εἰσρεόντων
1151 488 1264 557 καὶ
1331 488 1411 556 τὸ
1487 490 1906 578 δικαστήριον
1977 493 2586 574 κατακτυπούντων,

248 592 395 662 ἐπεὶ
454 590 625 678 μετὰ
679 590 972 673 πολλοὺς
1024 590 1181 672 τοὺς
1236 591 1545 672 διαύλους
1602 590 1638 659 ὅ
1680 595 1801 679 μὲν
1843 596 1924 682 τῇ
1969 592 2164 683 ἄννῃ
2213 599 2586 684 συνηγορῶν

248 693 492 781 ἔλεγεν,
552 690 645 773 ὥς
699 688 777 761 οὗ
833 693 968 780 πρὸ
1014 695 1371 763 δεκαπέντε
1411 690 1670 781 ἡμερῶν
1713 697 1830 783 τῆς
1870 696 2249 776 τελευταίας
2289 702 2407 766 τοῦ
2449 724 2592 784 τρι·

246 802 529 884 μηναίου
575 797 810 882 καιροῦ
854 793 1039 865 καθὰ
1079 805 1224 876 τοῖς
1266 794 1498 881 νόμοις
1542 797 1723 864 δοκεῖ
1762 792 1802 884 ἦ
1849 796 2270 884 παράστασις
2310 806 2589 886 γέγονεν,

248 894 418 965 ἀλλὰ
460 896 627 965 κατὰ
666 895 785 985 τὴν
827 898 1225 979 τελευταίαν,
1273 893 1386 967 ὅτε
1428 898 1698 977 πάντως
1742 897 2098 969 ἐστένωται
2141 897 2177 967 ὃ
2221 902 2479 991 καιρός·
2525 903 2595 969 οἱ

248 993 316 1067 δ’
365 992 528 1087 αὐτῇ
574 993 1226 1084 ἀντικαθιστάμενοι,
1275 996 1382 1067 ὅτι
1422 1002 1639 1079 καλῶς
1682 1000 1996 1090 παρήχθη
2026 998 2065 1090 ἡ
2099 1002 2436 1083 σύστασις,
2480 1007 2587 1071 καὶ

249 1098 492 1187 νόμους
548 1100 716 1185 ἔχειν
767 1100 925 1180 τοὺς
977 1101 1145 1185 μετὰ
1197 1101 1277 1168 τὸ
1318 1109 1634 1189 τρίμηνον
1673 1106 2109 1190 χορηγοῦντας
2150 1107 2271 1185 τὰς
2315 1104 2389 1174 ιε’
2434 1101 2594 1193 ἦμέ-

250 1228 372 1289 ρας
412 1205 519 1270 καὶ
562 1201 838 1281 τούτους
881 1214 1321 1291 παραγαγεῖν·
1370 1198 1633 1290 ὡρίσθη
1677 1204 1833 1282 τοὺς
1875 1203 2117 1289 νόμους
2161 1216 2587 1293 προκομίσαι,

249 1307 359 1373 καὶ
402 1300 870 1391 ὑπαναγνῶναι
913 1304 1010 1384 εἰς
1052 1305 1272 1391 ἕτερον
1317 1305 1757 1393 δικαστήριον,
1803 1307 1911 1372 καὶ
1957 1314 2251 1392 νομίμως
2295 1308 2338 1376 ἃ
2370 1312 2595 1396 λέγου-

252 1429 363 1475 σιν
421 1406 966 1492 εἰσακουσθῆναι·
1036 1409 1175 1474 νυνὶ
1233 1408 1306 1474 δὲ
1357 1411 1491 1474 τῶν
1536 1405 1757 1490 νόμων
1799 1415 2424 1494 προκομισθέντων,
2483 1415 2592 1480 καὶ

250 1502 663 1588 τούναντίον,
721 1506 893 1597 ἤπερ
951 1510 1170 1595 ἔλεγον
1226 1509 1292 1577 οἱ
1335 1515 1893 1594 προκομίσαντες,
1946 1509 2025 1577 τὸ
2069 1510 2253 1591 ἐντὸς
2294 1516 2413 1581 τοῦ
2452 1539 2593 1601 τρι-

249 1609 461 1699 μήνου
503 1609 612 1679 καὶ
655 1610 775 1690 τὰς
819 1610 894 1678 ιε’
939 1606 1188 1698 ἡμέρας
1229 1606 1805 1699 ὖπεμφαινόντων,
1855 1611 1922 1680 ἐν
1967 1608 2141 1701 αἷςὴ
2174 1614 2595 1700 παράστασις

249 1716 384 1781 τῶν
438 1710 786 1798 μαρτύρων
827 1719 1108 1799 γίνεται,
1167 1712 1237 1780 ἐκ
1278 1717 1396 1779 τοῦ
1439 1713 1560 1793 τὰς
1606 1710 1877 1801 φερίους
1917 1712 2114 1802 ἤγουν
2159 1715 2599 1813 ἑορτασίμῳς

248 1810 496 1901 ἡμέρας
536 1816 649 1882 καὶ
690 1809 1068 1900 ἀπράκτους
1125 1814 1308 1894 ἐντὸς
1350 1818 1469 1882 τοῦ
1512 1818 1743 1902 καιροῦ
1786 1819 1919 1883 τῶν
1964 1811 2371 1896 ἀποδείξεων
2416 1820 2595 1905 λογί-

253 1917 526 1999 ceo-901⁶·
584 1914 746 1983 τάδε
788 1916 1308 2001 προστάττομεν,
1356 1913 1448 1995 ὥς
1492 1918 1681 2003 εἴπερ
1726 1917 1792 1984 οἱ
1832 1920 1926 2004 τῷ
1970 1922 2087 2006 τῆς
2130 1916 2370 2005 ἅννης
2408 1925 2596 2007 μέρει

249 2014 884 2102 ἀντικαθιστάμενοι
937 2016 1104 2087 κατὰ
1157 2016 1399 2103 νόμους
1442 2015 1899 2098 ἀποδείξαιεν,
1968 2014 2058 2099 ὥς
2104 2018 2596 2105 ἐμπροθέσμως

249 2121 335 2188 τὰ
376 2125 493 2209 τῆς
537 2118 917 2200 συστάσεως
959 2117 1411 2207 προεκόμισαν
1452 2120 1565 2187 καὶ
1610 2115 1721 2187 ὅτε
1765 2120 2042 2188 δυνατὸν
2082 2110 2161 2209 ἦν
2204 2125 2311 2188 καὶ
2356 2123 2435 2189 τὸ
2479 2118 2596 2192 ἀν-

248 2228 520 2291 τίθετον
563 2228 762 2307 μέρος
802 2225 1180 2309 μηνυθῆναι
1222 2220 1333 2288 καὶ
1374 2227 1876 2308 παραγενέσθαι
1922 2221 1989 2289 ἐν
2031 2225 2126 2310 τῷ
2172 2224 2590 2312 δικαστηρίῳ,

252 2325 320 2393 οἱ
365 2325 436 2392 δὲ
481 2325 786 2392 δικασταὶ
829 2322 1065 2390 τούτου
1111 2324 1435 2411 φροντίδα
1480 2318 1596 2390 οὐκ
1641 2322 2075 2409 ἐποιήσαντο·
2133 2322 2321 2392 αὐτοὶ
2362 2327 2482 2411 μὲν
2528 2328 2595 2394 οἱ

250 2430 460 2495 ταῦτα
516 2420 1058 2505 ἀποδεικνύοντες
1111 2424 1278 2495 κατὰ
1328 2429 1464 2493 τῶν
1520 2427 1845 2495 δικαστῶν
1891 2426 2179 2509 ἕξουσιν,
2242 2423 2333 2507 (ὃς
2377 2423 2595 2497 αὐτῶν

248 2532 372 2616 μὲν
411 2528 981 2615 προκομισάντων,
1029 2527 1290 2596 ἐκείνων
1336 2530 1407 2595 δὲ
1447 2531 1583 2595 τῶν
1627 2527 2061 2612 ἐνδεχομένων
2090 2525 2592 2618 ἀμελησάντων·
2652 2563 2657 2570 ’

252 2633 319 2699 οἱ
363 2633 438 2700 δὲ
481 2633 782 2698 δικασταὶ
831 2630 924 2710 εἰς
965 2629 1044 2697 τὸ
1090 2631 1408 2719 διαφέρον
1451 2628 2164 2717 καταδικασθήσονται.
2227 2632 2285 2699 εἰ
2330 2628 2393 2700 δ’
2430 2635 2595 2713 ἴσως

250 2737 448 2801 τοῦτο
495 2734 708 2814 δεῖξαι
752 2727 828 2799 οὗ
872 2734 1272 2821 δυνηθῶσιν,
1319 2727 1410 2810 ῶς
1454 2731 1523 2800 ἐν
1565 2735 1771 2818 καιρῷ
1817 2737 2022 2819 στενῷ
2066 2733 2150 2800 τὰ
2189 2738 2307 2821 τῆς
2346 2761 2594 2822 μαρτυ-

251 2843 403 2922 ρίας
446 2833 972 2922 παραγαγόντες,
1030 2830 1219 2902 αὐτοὶ
1261 2836 1381 2918 μὲν
1427 2829 1518 2912 ὥς
1562 2828 2002 2920 ἀμελήσαντες
2044 2837 2161 2900 τοῦ
2205 2836 2593 2922 λογομαχεῒν

255 3039 583 3120 στάσεως,
632 3039 766 3108 εἴτε
806 3037 973 3106 κατὰ
1016 3036 1245 3124 καιρὸν
1287 3042 1539 3124 προέβη
1587 3037 1720 3104 εἴτε
1761 3039 1867 3103 καὶ
1910 3035 1998 3121 μὴ
2011 3087 2029 3116 ,
2087 3037 2275 3122 παρὰ
2316 3042 2434 3102 τοῦ
2476 3064 2594 3121 με·

251 3142 458 3228 γάλου
504 3142 932 3227 δρουγγαρίου
977 3135 1436 3226 ἀκριβέστερον
1479 3141 2035 3225 τηρηθησομένης.

1159 3323 1216 3328 Μ-
1247 3322 1398 3329 φή-
1431 3323 1440 3326 -
1498 3320 1737 3327 v-.-.-⁴7--—-

1225 3443 1397 3506 Nov,
1439 3444 1620 3508 XXII.

1013 3548 1158 3629 Imp.
1205 3546 1443 3609 Alexii
1489 3545 1842 3609 comneni

257 3653 330 3714 «le
374 3651 561 3713 sacrIs
606 3649 837 3712 vasibus
881 3651 942 3711 in
987 3649 1285 3730 publicum
1332 3667 1502 3710 usum
1548 3667 1666 3709 non
1712 3647 2172 3709 convertendis'.
2263 3652 2349 3722 (A.
2390 3652 2594 3726 1082.)

269 3802 452 3899 Περὶ
505 3808 660 3876 τῶν
711 3801 935 3897 ἱερῶν
988 3806 1277 3873 σκευῶν
1326 3798 1453 3872 καὶ
1496 3806 1633 3871 τοῦ
1666 3796 1770 3892 μὴ
1830 3797 2091 3870 ἄλλοτέ
2142 3827 2314 3870 ποτε
2350 3804 2588 3870 ταῦτα

1182 3919 1670 4009 κοινωθῆναι.

438 4055 522 4122 Οἱ
565 4052 875 4141 πονήρως
918 4055 1035 4119 τοῦ
1083 4050 1389 4136 σώματος
1445 4048 1698 4131 ἔχοντες
1750 4049 1857 4113 καὶ
1916 4051 2287 4131 θεραπείας
2330 4045 2597 4131 ἰασίμου

265 4155 600 4242 δεόμενοι,
665 4149 827 4222 αὐτὸ
883 4156 1003 4240 μὲν
1046 4156 1241 4219 τοῦτο
1287 4148 1536 4228 εἰδότες
1581 4145 1686 4215 ὅτι
1728 4146 2050 4232 κάμνουσι
2092 4149 2198 4213 καὶ
2243 4150 2359 4234 τῆς
2400 4147 2599 4216 νόσου

399 4294 414 4324 ⁸
468 4298 602 4347 Hauc
649 4297 697 4346 in
735 4296 887 4347 Codd.
924 4294 1057 4346 MSS.
1106 4291 1330 4356 equidem
1381 4304 1477 4342 non
1526 4289 1711 4347 inveni;
1763 4302 1920 4352 neque
1967 4288 2093 4336 euim
2128 4288 2365 4351 reperitur
2398 4289 2447 4338 in
2484 4287 2602 4339 Cod.

263 4381 410 4432 Palm.
448 4382 577 4445 371,
629 4382 710 4432 ubi
766 4395 869 4432 enm
924 4387 1083 4431 extare
1136 4376 1408 4440 suspicatus
1462 4383 1538 4426 est
1589 4376 1729 4426 wine
1783 4373 2031 4432 (Zeitschr.
2078 4371 2110 4423 f.
2159 4373 2321 4486 εἰκώ.
2358 4372 2468 4423 Rw.
2505 4372 2603 4422 vlu

2096 4455 2159 4506 23
