2900 4950
1238 226 1357 289 nmp.
1394 226 1588 277 mersi.
2499 215 2579 283 23

247 368 446 460 ἀρχὴν
493 367 616 460 ὁρᾷ
656 374 866 441 ταῦτα
904 374 1038 441 τῶν
1086 366 1493 439 ἀνατολικῶν
1545 371 1737 456 ἱερῶν
1780 380 2237 460 πραιτωρίων,
2290 376 2423 443 εἴτε
2463 376 2580 463 τὴν

250 470 407 560 παρ’
456 474 774 560 ι’λλυρίοις
827 472 1276 563 ἐπαρχότητα,
1332 466 1376 560 ἢ
1427 471 1545 560 τὴν
1603 466 1801 559 ἀρχὴν
1854 476 1988 539 τῶν
2031 472 2244 561 νήσων
2287 479 2393 543 καὶ
2447 481 2579 545 τῶν

249 575 364 643 ἐπὶ
428 582 715 656 σκυθίας
763 601 838 643 τε
891 577 1001 643 καὶ
1056 581 1302 661 μυσίας
1358 577 1847 659 στρατιωτικῶν
1911 574 2289 660 ταγμάτων,
2356 572 2399 664 ἢ
2462 579 2581 658 τὰς

243 683 445 757 θείας
494 673 681 765 ἡμῶν
736 678 1186 763 λαργιτίονας,
1243 671 1285 764 ἢ
1339 679 1444 743 καὶ
1503 673 1705 762 ἄλλην
1761 670 1990 765 ἀρχήν·
2059 670 2582 765 ἀπαγορεύοντες

241 779 628 863 βουλευταῖς
669 805 744 847 τε
784 782 892 846 καὶ
940 775 1367 864 ἐκλήπτορσι,
1425 784 1857 862 σκρινιαρίοις
1911 803 1984 844 τε
2037 780 2145 845 καὶ
2202 779 2578 864 ταξεώταις,

243 880 639 959 παλατίνοις
692 906 767 948 τε
819 879 929 946 καὶ
988 872 1286 959 ἆνυταῒς,
1353 877 1451 945 ἔτι
1505 901 1578 964 γε
1630 877 1758 966 μὴν
1813 881 1924 945 καὶ
1979 875 2406 962 ὖποδέκταις,
2472 884 2579 947 καὶ

243 984 442 1048 παντὶ
492 983 831 1068 δημοσίων
874 973 1233 1066 άπαίτησίν
1274 1006 1347 1046 τε
1388 980 1500 1047 καὶ
1540 975 1874 1066 ὑποδοχὴν
1910 987 2342 1069 ποιησαμένῳ
2371 1006 2445 1049 τε
2471 983 2579 1048 καὶ

242 1088 628 1168 ποιουμένῳ
673 1086 1041 1165 περινοίαις
1079 1085 1375 1169 χρῆσθαι
1416 1079 1584 1147 κατὰ
1625 1084 1759 1148 τῶν
1801 1085 2099 1166 γεωργῶν
2143 1109 2216 1150 τε
2258 1086 2368 1150 καὶ.
2410 1080 2579 1149 ὑπο-

239 1185 483 1264 τελῶν,
540 1177 583 1268 ἢ
624 1184 733 1249 καὶ
788 1182 943 1261 τοὺς
995 1186 1128 1249 τῶν
1179 1189 1439 1267 χωρίων
1497 1179 1857 1262 δεσπότας,
1919 1179 2008 1261 (ὃς
2063 1183 2456 1271 διαφόρους·
2510 1182 2581 1251 ἐκ

239 1288 378 1355 τῶν
437 1288 1015 1371 συγκεχωρημένων
1073 1282 1521 1367 ἐλλειμμάτων
1586 1282 2079 1368 προβάλλουσιν
2134 1280 2302 1370 ὑπὲρ
2368 1278 2581 1352 αὐτῶν

240 1382 288 1474 ἢ
330 1388 440 1453 καὶ
484 1381 965 1472 άντιφωνήσεις
1006 1377 1049 1470 ἢ
1091 1383 1321 1471 ἐγγύας
1362 1383 1474 1451 καὶ
1529 1378 1886 1470 ὁμολογίας
1940 1385 2221 1470 λαβοῦσι
2279 1387 2577 1468 δολερῶς.

242 1482 607 1572 άκυροῦμεν
646 1484 767 1572 γὰρ
812 1489 1039 1552 πᾶσαν
1082 1485 1249 1552 κατὰ
1290 1488 1406 1574 τῆς
1447 1481 1764 1572 ἡμετέρας
1808 1489 2195 1574 φιλοτιμίας
2234 1491 2580 1573 γενομένην

240 1582 288 1675 ἢ
329 1591 434 1655 καὶ
477 1593 909 1676 γενησομένην
952 1587 1398 1675 περιγραφὴν,
1459 1586 1706 1654 ἐκείνου
1754 1588 1952 1674 δήλου
1998 1585 2218 1668 ὄντος,
2277 1583 2368 1666 ὥς
2410 1586 2476 1653 εἴ
2513 1612 2580 1654 τι

242 1690 631 1776 φθάσαντές
671 1714 846 1768 τινες
886 1690 1003 1775 τῆς
1043 1682 1360 1775 ἡμετέρας
1404 1690 1656 1774 δωρεᾶς
1701 1690 2096 1776 εἰσέπραξαν
2128 1690 2197 1757 ἐκ
2229 1693 2362 1776 τῶν
2388 1694 2580 1774 μέχρι

240 1794 360 1876 τῆς
401 1796 712 1879 πέμπτης
740 1789 1188 1877 έπινεμήσεως
1218 1789 1664 1874 ἐλλειμμάτων
1694 1794 1802 1858 καὶ
1837 1794 2032 1858 τοῦτο
2061 1790 2151 1878 μὴ
2181 1796 2579 1868 καταθέντες

244 1897 641 1979 φανείησαν,
702 1902 849 1970 τοῖς
903 1893 1251 1978 δημοσίοις
1305 1884 1467 1956 αὐτὸ
1520 1891 1801 1978 τρόποις
1858 1889 2113 1958 ἅπασιν
2171 1892 2580 1975 εἰσκομιοῦσι

242 1994 604 2079 λογισμοῖς.
693 1992 847 2072 τοὺς
910 1992 1033 2079 γὰρ
1097 1988 1442 2071 ὑποτελεῖς
1505 1987 1987 2077 εὐεργετοῦντες
2052 1996 2169 2081 τῆς
2241 1991 2580 2078 παρούσης

242 2089 471 2174 αὐτοῖς
510 2092 1052 2180 μεταδεδώκαμεν
1097 2094 1649 2179 φιλανθρωπίας,
1710 2089 1784 2159 οὗ
1829 2092 1956 2180 μὴν
2000 2096 2105 2160 καὶ
2150 2104 2295 2172 τοῖς
2336 2092 2421 2159 τὰ
2467 2093 2580 2179 δη-

239 2194 450 2280 μόσια
491 2196 643 2283 τέλη
702 2195 1020 2281 λαβοῦσιν
1064 2193 1158 2272 εἷς
1214 2195 1440 2279 κέρδος
1495 2194 1739 2261 οἰκεῖον
1798 2190 2295 2280 ἀπενέγκασθαι
2342 2195 2579 2279 βουλο-

239 2304 467 2383 μένοις
506 2296 700 2385 τήνδε
742 2299 860 2363 τοῦ
904 2296 1228 2383 ῥηθέντος
1271 2295 1571 2382 έγκαίρου
1599 2295 1873 2374 κανόνος
1917 2295 2321 2383 συγχώρησιν
2349 2294 2580 2379 ἐποιη-

243 2397 547 2483 σάμεθα·
591 2401 708 2486 τῆς
752 2397 1016 2485 ἐτησίας
1060 2397 1341 2486 ἐμβολῆς
1383 2394 1519 2465 κατ’
1545 2393 1782 2466 οὐδένα
1809 2397 2061 2485 τρόπον
2091 2396 2576 2485 ἐλαττουμένης.

245 2503 349 2570 δεῖ
388 2501 510 2588 γὰρ
554 2500 632 2568 τὸ
673 2506 913 2586 μέτρον
958 2496 1143 2568 ἅπαν
1184 2504 1303 2567 τοῦ
1346 2526 1419 2568 τε
1448 2508 1635 2569 σίτου
1664 2503 1772 2569 καὶ
1815 2505 1947 2568 τῶν
1984 2498 2202 2567 ἄλλων
2248 2500 2442 2568 εἰδῶν
2471 2502 2576 2566 καὶ

242 2604 761 2692 συντελεσθῆναι
802 2605 910 2669 καὶ
957 2601 1468 2690 εἰσκομισθῆναι
1510 2603 1675 2671 κατὰ
1715 2601 1794 2669 τὸ
1838 2600 2087 2682 εἰωθός
2133 2627 2207 2669 τε
2246 2603 2358 2668 καὶ
2400 2624 2580 2667 νενο-

236 2710 578 2792 μισμένον,
621 2708 755 2774 τῶν
798 2703 1183 2793 τιμημάτων
1227 2709 1344 2791 τῆς
1386 2710 1949 2793 συγκεχωρημένης
1992 2698 2148 2790 παρ’
2195 2699 2379 2790 ἡμῶν
2422 2697 2574 2768 καθ

241 2808 518 2875 ἕκαστον
575 2807 720 2886 ἔτος
772 2805 1085 2893 τετάρτης
1134 2813 1376 2892 μοίρας
1428 2806 1542 2874 ἐπὶ
1595 2806 1711 2873 τὸν
1763 2811 2070 2893 τετραέτη
2123 2801 2360 2890 χρόνον
2414 2804 2580 2871 κατὰ

235 2909 357 2996 τὴν
404 2909 728 2994 δημοσίαν
770 2905 1099 2991 τράπεζαν
1129 2908 1561 2993 λογιζομένων
1590 2917 1736 2986 τοῖς
1774 2905 2127 2974 ὖποτελέσι
2167 2917 2311 2985 τοῖς
2351 2903 2579 2984 ἄλλοις

233 3021 389 3088 τοϊς
432 3033 571 3093 παρ
623 3001 839 3073 αὐτῶν
871 3006 938 3073 ἔν
964 3013 1211 3092 χρυσίῳ
1244 3008 1833 3092 συντελουμένοις’
1810 3005 1956 3092 ῆτοι
1984 3009 2581 3092 καταβαλλομένοις

230 3111 311 3192 ,ἐκ
334 3112 456 3178 τοῦ
488 3110 829 3194 δημοσίου.
894 3100 1096 3172 ταύτὸ
1128 3108 1200 3173 δὲ
1228 3111 1424 3173 τοῦτο
1456 3107 1524 3173 ἐν
1569 3102 1921 3192 ὂσροηνῇ
1952 3109 2060 3171 καὶ
2090 3110 2168 3192 τῇ
2198 3114 2393 3195 μέσῃ
2425 3135 2457 3174 τ
2478 3113 2579 3173 ῶν

238 3237 457 3280 ποτα
467 3237 514 3296 μ
533 3214 637 3277 ὧν
666 3206 1135 3296 πραχθήσεται
1155 3206 1348 3293 χάριν
1367 3211 1502 3274 τῶν
1533 3206 1600 3274 ἔν
1632 3208 1840 3275 εἴδεσι
1863 3206 2386 3290 συντελουμένων
2415 3205 2580 3292 ὖπέρ

240 3341 316 3383 τε
368 3317 502 3381 τῶν
561 3306 925 3379 ἀποθέτων
969 3313 1077 3377 καὶ
1132 3312 1249 3398 τῆς
1294 3311 1765 3395 στρατιωτικῆς
1808 3307 2129 3396 δαπάνης.
2221 3303 2468 3391 ὁμοίως
2511 3309 2582 3374 δὲ

242 3420 353 3485 καὶ
398 3415 510 3483 ε’πὶ
542 3423 688 3492 τοῖς
730 3413 1108 3498 λεγομένοις
1148 3415 1281 3477 τῶν
1326 3412 1521 3480 εἰδῶν
1556 3411 1909 3496 πλωΐμοις,
1955 3416 2325 3497 γινομένοις
2368 3410 2486 3476 ἐπί
2511 3436 2582 3478 τε

242 3521 359 3606 τῆς
382 3516 1443 3600 λαζῶνχώραςκαὶβοσπόρου
1468 3516 1575 3580 καὶ
1602 3512 2203 3601 χερσοννήσουῧ.
2251 3511 2582 3599 λήψονται

244 3620 369 3707 γὰρ
412 3618 496 3686 τὰ
549 3616 800 3683 τούτων
851 3616 920 3683 ἐκ
960 3619 1078 3683 τοῦ
1124 3617 1445 3703 δημοσίου
1489 3614 1824 3703 τιμήματα
1863 3614 2031 3682 κατὰ
2071 3615 2149 3682 τὸ
2191 3622 2579 3701 τεταγμένον

248 3722 363 3790 ἐπὶ
407 3731 558 3799 ταῖς
599 3717 956 3804 τραπέζαις
998 3720 1129 3784 τῶν
1173 3714 1485 3804 ὑπάρχων
1530 3714 1693 3785 ὅθεν
1739 3716 2073 3803 εἰσάγεται
2113 3721 2350 3797 ταῦτα,
2409 3714 2580 3784 ὥστε

248 3822 361 3891 καὶ
404 3817 642 3899 αὐτοὺς
683 3822 800 3906 τῆς
840 3815 1158 3906 ἡμετέρας
1201 3816 1566 3887 ἀπολαύειν
1606 3818 1773 3886 κατὰ
1811 3821 2008 3884 τοῦτο
2042 3818 2578 3903 φιλανθρωπίας.

245 3926 363 4015 τὴν
419 3923 541 4011 γὰρ
595 3924 729 3989 τῶν
774 3916 991 3989 αὐτῶν
1036 3920 1230 3989 εἰδῶν
1287 3919 1666 4005 εἶσκομιδὴν
1720 3920 2188 4006 ρᾳθυμεῒσθαι
2243 3921 2583 3999 παντελῶς

384 4180 404 4210 ⁴
442 4182 544 4233 Nisi
580 4179 697 4245 quid
735 4179 876 4242 desit,
913 4178 1045 4243 quod
1082 4178 1352 4228 Haloandro
1390 4184 1437 4226 et
1464 4176 1784 4240 Hombergkio
1808 4175 1956 4226 visum
1981 4183 2071 4236 est,
2108 4176 2388 4239 legendum:
2429 4168 2462 4236 ἢ
2494 4170 2586 4223 καὶ

249 4270 364 4323 τοϊς
400 4265 513 4317 ταῖν
539 4259 771 4332 χωρίων
805 4256 1117 4319 δεσπόταις,
1154 4256 1228 4316 ὥς
1260 4254 1372 4328 ἄρα
1393 4258 1608 4328 φόρους
1634 4290 1678 4298 -
1714 4254 2268 4325 προκαταβάλλουσιν.
2343 4261 2413 4312 cf.
2441 4274 2588 4324 supra

248 4354 359 4404 Nov.
390 4353 441 4403 V.
479 4368 521 4403 c.
548 4352 597 4402 2.
735 4346 756 4376 ⁵
792 4350 895 4402 Hal.
931 4344 1200 4414 πλωϊμοῒς
1233 4375 1298 4384 -
1331 4340 1616 4415 βόσπορον
1647 4341 1740 4395 καὶ
1764 4338 2159 4415 χερσόννησον.
