2900 4950
1100 254 1222 315 ιιι».
1256 251 1405 302 Alani
1442 251 1690 302 comneni.
2431 232 2556 294 419

227 408 575 492 προκοπῆς
618 397 964 483 άξιούσθω
1007 399 1175 468 κατὰ
1195 398 1401 479 τάξιν.
1465 395 1638 483 πλὴν
1670 396 1729 461 εἰ
1755 398 1863 462 καὶ
1897 393 2220 475 σχολάσαι
2248 393 2364 478 τὴν
2396 394 2555 473 ε’ξω-

225 514 353 576 θεν
398 507 492 586 εἷς
532 505 648 572 τὸν
692 506 928 591 κλῆρον
974 499 1331 587 εἰσαγωγὴν
1378 497 1565 583 ἄχρις
1609 522 1689 561 αν
1735 496 1827 573 εἷς
1872 494 1987 560 τόν
2033 490 2394 578 ὡρισμένον
2437 521 2556 562 πε-

228 613 419 695 ριστῇ
466 603 760 693 ἀριθμὸν
801 599 841 691 ἡ
885 600 1196 688 βασιλεία
1237 624 1366 685 μου
1409 602 1875 682 προετρέψατο
1922 593 2257 678 ἀνωτέρω,
2313 589 2449 660 ἀλλ’
2500 597 2563 661 εἴ

226 735 329 788 τις
373 710 774 794 ἐγνωσμένος
815 708 921 772 καὶ
965 705 1540 788 μεμαρτυρημένος
1585 692 1745 782 ἀνὴρ
1793 697 1909 763 ἐπί
1950 722 2023 762 τε
2050 699 2129 781 τῇ
2159 694 2325 762 κατὰ
2367 695 2558 780 λόγον

229 814 338 880 καὶ
384 806 579 896 ἀρετῇ
625 805 1007 891 δοκιμότητι
1046 803 1355 889 βούλεται
1382 802 1908 884 καθιερωθῆναι,
1957 793 1998 883 ἢ
2025 800 2134 862 καὶ
2167 797 2558 877 σπουδάζων

227 914 330 990 τὶς
374 913 527 994 περὶ
571 909 649 976 τὸ
690 906 889 975 καλὸν
931 911 1036 973 καὶ
1072 899 1464 1023 ἀμφοτέρων
1493 903 1626 966 τῶν
1657 900 2009 984 εἰρημένων
2045 897 2241 983 λόγου
2271 924 2374 964 και
2407 905 2557 983 βίου

230 1012 535 1096 ἐναρέτου
584 1007 1073 1092 ἐπιμελόμενος,
1118 1005 1272 1082 τοὺς
1313 1001 1655 1080 τοιούτους
1698 995 1814 1066 οῦκ
1846 991 2245 1084 ἀπαγορεύει
2286 1003 2391 1066 καὶ
2425 1026 2560 1065 πα·-

227 1114 631 1196 ραδέχεσθαι
673 1115 779 1177 καὶ
823 1110 1317 1192 καθιεροῦσθαι
1358 1107 1436 1189 τῇ
1497 1098 1650 1188 ἁγίᾳ
1705 1106 1822 1166 τοῦ
1874 1104 2039 1167 θεοῦ
2086 1097 2405 1187 ἐκκλησίᾳ.
2494 1107 2561 1166 τί

231 1238 346 1280 ουν
387 1212 698 1298 βούλεται
740 1207 779 1297 ἡ
824 1206 1103 1293 ὑμετέρα
1158 1203 1423 1292 ἆγιότης
1479 1206 1586 1269 καὶ
1642 1204 1796 1286 περὶ
1852 1205 1985 1267 τῶν
2038 1201 2402 1266 λειπόντων
2447 1202 2562 1284 ἐμ-

229 1313 519 1399 βάθμων
559 1314 876 1399 κληρικιῦν
917 1312 1026 1376 καὶ
1070 1310 1224 1392 περὶ
1269 1308 1384 1390 τῆς
1429 1303 1523 1380 εἰς
1565 1302 1717 1380 τοὺς
1771 1300 2022 1379 τόπους
2078 1301 2337 1367 ἐκείνων
2392 1326 2562 1387 προ-

231 1419 442 1500 κοπῆς
483 1417 614 1479 τῶν
658 1414 1033 1496 περισσιῦν,·
1080 1408 1217 1474 ἐστὶ
1260 1405 1383 1492 γάρ
1426 1428 1531 1481 τις
1571 1397 1722 1469 καθ
1758 1397 2092 1468 ὑπόθεσιν
2131 1401 2400 1484 ε’σχατος
2440 1404 2561 1484 μὲν

229 1522 323 1603 τῷ
365 1518 634 1602 βαθμῷ,
682 1510 867 1593 ἄξιος
911 1511 984 1577 δὲ
1026 1507 1248 1594 πάσης
1293 1503 1645 1590 ἱερωσύνης
1687 1503 1853 1570 κατά
1894 1528 1967 1570 τε
2010 1502 2204 1588 λόγον
2232 1505 2338 1568 καὶ
2381 1510 2559 1586 βίον·

231 1620 494 1702 ἑλειψεν
539 1612 886 1700 ἐμβαθμός
926 1636 1029 1689 τις
1057 1612 1174 1675 τοῦ
1219 1608 1545 1692 ἱερατικοῦ
1574 1603 1969 1690 καταλόγου·
2014 1612 2116 1682 τίς
2146 1597 2280 1670 ἀντ’
2316 1603 2561 1672 ἐκείνου

229 1718 671 1805 ταχθήσεταις
717 1710 753 1780 6
795 1712 999 1798 μήπω
1045 1707 1230 1789 ἄξιος
1274 1706 1495 1793 πάσης
1540 1705 1892 1791 ἱερωσύνης
1933 1704 2297 1790 γενόμενος,
2342 1705 2459 1771 τὸν
2491 1706 2563 1774 δὲ

231 1825 498 1905 πρῶτον
556 1818 716 1900 ε’χων
769 1811 1073 1899 βαθμὸν,
1133 1804 1176 1897 ἢ
1232 1804 1269 1874 6
1329 1808 1600 1890 ἔσχατος
1641 1809 1733 1891 τῷ
1775 1809 2055 1891 βαθμῷ,
2120 1803 2325 1885 ἄξιος
2349 1809 2421 1873 δὲ
2464 1810 2559 1893 τῷ

232 1922 404 2007 λόγῳ
459 1921 566 1986 καὶ
622 1920 701 2003 τῇ
746 1911 1016 1998 πράξει,
1075 1911 1170 1989 εἷς
1222 1906 1338 1974 τὸν
1392 1912 1510 1973 τοῦ
1556 1908 1911 1991 λείψαντος
1955 1905 2306 1990 ἐμβάθμου
2349 1906 2562 1976 τόπον

227 2020 671 2108 ταχθήσεται,·
729 2011 766 2080 6
826 2009 965 2080 άπὸ
1019 2014 1136 2077 τοῦ
1193 2011 1466 2094 βαθμοῦ
1521 2006 1976 2093 βοηθούμενος
2032 2004 2405 2089 ῦστερεῖται
2447 2010 2563 2093 τῆς

230 2124 449 2210 ρόγας,
504 2110 583 2205 ἧς
628 2113 663 2183 6
705 2114 974 2201 βαθμὸς
1020 2106 1220 2179 αὖτὸν
1264 2104 1462 2189 ἆξιοῒ,
1522 2109 1631 2173 καὶ
1688 2106 2168 2193 λυπηθήσεται.
2258 2111 2407 2186 πῶς
2448 2097 2562 2175 οῦν

231 2220 796 2309 παραφυλάξομεν
839 2216 949 2282 καὶ
990 2212 1242 2278 τούτων
1284 2209 1364 2276 τὸ
1408 2207 1695 2288 ἄλυπον,
1746 2210 1850 2274 καὶ
1882 2211 1999 2273 τοῦ
2029 2202 2217 2287 άξίου
2244 2206 2333 2295 μὴ
2364 2234 2564 2275 κατα-

231 2323 685 2414 φρονήσομεν,·
753 2313 1096 2406 ἀμφότερα
1138 2312 1261 2399 γὰρ
1306 2306 1657 2396 ἀναγκαῖα,
1705 2310 1815 2374 καὶ
1857 2308 1972 2375 τὸν
2014 2307 2432 2377 κοπιάσαντα
2471 2309 2559 2397 μὴ

233 2428 638 2513 στερηθῆναι
689 2424 805 2508 τῆς
859 2417 1057 2507 ῥόγας
1112 2408 1314 2482 αὐτοῦ
1369 2414 1477 2479 καὶ
1531 2410 1646 2479 τὸν
1692 2407 1878 2491 ἄξιον
1919 2408 2008 2498 μὴ
2054 2414 2560 2498 παροραθῆναι·

230 2525 617 2613 άτιμάζεται
657 2523 779 2610 γὰρ
823 2521 900 2587 τὸ
941 2519 1160 2598 καλὸν,
1208 2519 1312 2583 καὶ
1357 2520 1608 2600 γίνεται
1650 2511 1735 2579 τὰ
1765 2506 2138 2596 ἆτιμώτερα
2179 2511 2556 2638 τιμιώτερα,

230 2627 588 2699 κάντεῦθεν
631 2631 1147 2710 καταφρονεῖται
1187 2618 1264 2684 τὸ
1309 2616 1524 2683 καλόν.
1614 2611 1652 2703 ἡ
1708 2615 1830 2698 μὲν
1886 2616 2000 2680 οὖν
2057 2612 2151 2692 εἷς
2203 2611 2319 2699 τὴν
2362 2612 2561 2698 ῥόγαν

231 2729 540 2816 προκοπὴ
586 2732 883 2813 γενέσθω
928 2719 1092 2788 κατὰ
1133 2718 1247 2785 τὸν
1293 2718 1568 2784 ἑκάστου
1610 2714 1899 2801 βαθμὸν.
1989 2713 2057 2779 οἱ
2112 2715 2184 2779 δὲ
2229 2708 2565 2800 ἀξιόλογοι

233 2832 398 2901 κατά
441 2857 514 2898 τε
559 2828 751 2913 λόγον
793 2826 903 2891 καὶ
948 2824 1192 2906 πρᾶξιν
1212 2820 1739 2938 ”8266766361662'
1796 2815 1889 2893 εἷς
1931 2814 2046 2901 τὴν
2090 2818 2206 2899 τῆς
2250 2814 2562 2881 διδασκα-

234 2937 382 3011 λίας
438 2924 774 2998 διακονίαν
828 2926 935 2990 καὶ
998 2921 1108 2988 διὰ
1150 2923 1283 2986 τῶν
1329 2916 1777 2984 διδασκάλων3
1820 2919 2425 2999 προβαινέσθωσαν
2470 2915 2565 2993 εἰς

233 3036 318 3103 τὰ
362 3029 756 3117 άρχοντίκια.
847 3020 1287 3110 άφορισθήτω
1333 3021 1402 3085 δὲ
1447 3027 1592 3094 τοῖς
1637 3014 2060 3092 διδασκάλοις
2092 3016 2199 3080 καὶ
2229 3014 2306 3079 τὸ
2350 3039 2564 3099 προσ-

233 3141 388 3223 ῆκον
434 3136 826 3219 σιτηρέσιον.
873 3123 1056 3204 ἄξιος
1097 3121 1219 3241 γὰρ
1268 3115 1301 3185 6
1333 3118 1605 3204 εργάτης
1632 3120 1748 3182 τοῦ
1777 3119 2034 3198 μισθοῦ
2081 3111 2302 3192 αὐτοῦ,
2334 3115 2565 3192 καθὼς

232 3244 616 3325 γέγραπται.
707 3226 976 3315 ἐργάτης
1022 3225 1093 3291 δὲ
1135 3221 1223 3307 μὴ
1268 3218 1600 3306 τυγχάνων
1655 3218 1911 3300 μισθοῦ
1955 3217 2073 3280 τοῦ
2117 3214 2565 3300 προσήκοντος

235 3341 415 3406 δοκεῖ
456 3331 873 3407 ἀδικεῖσθαι,
931 3328 1037 3393 καὶ
1085 3326 1296 3391 δοκῶν
1340 3317 1726 3388 ἀδικεῖσθαι
1779 3322 2200 3402 παθαίνηται
2246 3316 2409 3393 ι’σως
2449 3315 2564 3383 τὸν

233 3437 548 3525 λογισμὸν
592 3430 682 3511 ὥς
725 3429 1109 3515 ἄνθρωπος,
1156 3420 1512 3492 κάντεῦθεν
1554 3422 1663 3489 καὶ
1707 3420 1862 3501 περὶ
1905 3416 2021 3504 τὴν
2064 3420 2306 3503 γνῶσιν
2350 3417 2565 3536 ρᾳθυ-

232 3540 510 3625 μότερος
551 3542 818 3621 γίνεται,
863 3533 972 3597 καὶ
1004 3525 1522 3614 ἐμποδιζόμενος
1550 3524 1698 3599 πῶς
1725 3512 1861 3603 μετ’
1899 3518 2279 3603 επιμελείας
2307 3517 2423 3604 τὴν
2462 3519 2561 3584 διι

235 3642 594 3708 δασκαλίαν
650 3632 1041 3720 ποιήσεταις
1096 3628 1184 3715 μὴ
1229 3653 1350 3711 μετ
1415 3625 1799 3708 ἐπιμελείας
1844 3621 1914 3686 δὲ
1969 3619 2087 3705 τὴν
2134 3617 2562 3686 διδασκαλίαν

236 3741 634 3824 ποιούμενος
687 3738 835 3811 πῶς
889 3731 1260 3816 μεταδώσει
1313 3732 1427 3814 τῆς
1483 3726 1551 3793 ἐκ
1599 3723 1838 3809 ταύτης
1882 3716 2207 3808 ὠφελείας
2249 3724 2341 3805 τεῦ
2388 3722 2525 3804 λατῖ
2542 3748 2562 3798 ‚-

234 3847 339 3910 καὶ
386 3839 627 3907 λοιπὸν
672 3830 992 3918 ἆπομένει
1034 3829 1072 3919 ἡ
1120 3830 1510 3897 διδασκαλία
1553 3828 1671 3890 τοῦ
1705 3819 1917 3906 ὀρθοῦ
1957 3821 2279 3905 δόγματος
2307 3822 2413 3886 καὶ
2445 3823 2563 3884 τοῦ

223 3944 514 4062 “χρηστοῦ
568 3936 784 4026 ἤθους
840 3930 1243 4018 ἆμετάδοτος
1296 3939 1444 4004 ταῖς
1499 3929 1630 3989 τῶν
1676 3918 2057 4006 ἀνθρώπων
2104 3930 2364 4004 ψυχαῖς.
2453 3923 2561 3985 καὶ

236 4043 313 4109 τὸ
372 4043 438 4109 ἐκ
493 4040 731 4119 τούτου
789 4034 983 4101 κακὸν
1037 4028 1224 4114 ὑμεῖς
1278 4029 1342 4093 οἱ
1400 4022 1719 4109 ἀρχιερεῖς
1772 4020 2155 4106 κρειττόνως
2195 4019 2559 4136 γινώσκετε.

236 4154 442 4211 τυποῖ
486 4143 559 4208 δὲ
600 4150 746 4217 τοῖς
789 4131 1211 4208 διδασκάλοις
1253 4130 1358 4194 καὶ
1403 4122 1440 4209 ἡ
1473 4125 1780 4209 βασιλεία
1808 4146 1936 4205 μου
1968 4116 2056 4197 ὥς
2098 4115 2263 4203 ὑπὲρ
2294 4121 2561 4186 πάντων

827 4285 943 4294 Ν..-

372 4362 392 4391 ⁸
428 4364 551 4414 Bais.
589 4360 702 4410 τῶν
737 4349 1172 4410 διδασκαλικίων.
1244 4351 1349 4402 Non
1385 4348 1526 4398 male.
2131 4422 2159 4454 *

2052 4425 2111 4474 27
