2900 4950
1019 317 1026 322 ,
1076 256 1189 321 Imp.
1229 257 1457 307 Hunuelis
1496 257 1744 306 Cmnneni.
2453 243 2569 309 441

235 407 347 474 καὶ
399 404 812 493 προσκυνητὴ
869 404 1057 484 λύσις
1099 404 1274 490 πρὸς
1312 403 1428 471 τὸν
1473 403 1846 490 πράκτορα,
1904 404 2382 489 παραδοθῆναι
2420 400 2579 491 ἡμῖν

237 506 315 574 τό
372 511 677 576 τοιοῦτον
733 506 991 594 οἴκημα.
1080 505 1248 573 κατὰ
1303 505 1546 592 ταύτην
1591 495 1706 572 οὖν
1749 505 1867 591 τὴν
1910 503 2276 590 πρόσταξιν
2320 511 2578 591 γέγονεν

238 605 448 688 οὕτως
476 631 490 646 ·
555 611 665 677 καὶ
720 610 800 696 τῇ
859 603 1210 695 ἀντιλήψει
1267 611 1383 694 τῆς
1440 602 1632 692 ἆγίας
1685 607 2031 693 βασιλείας
2075 629 2196 672 σου
2238 612 2459 692 γέγονε
2501 607 2578 674 τὸ

236 714 542 778 τοιοῦτον
582 710 823 796 οἴκημα
866 704 1021 794 παρ’
1049 704 1234 796 ἡμῶν
1263 711 1395 775 τῶν
1441 706 1695 775 δούλων
1740 708 1896 788 ναὸς
1926 704 2113 794 ἅγιος
2143 704 2316 775 οὕτω
2345 707 2581 776 καλού-

236 834 434 892 μενος
473 807 514 898 ἦ
561 806 751 897 ἆγία
796 805 1283 890 ἀνάστασις,
1326 812 1434 876 καὶ
1478 809 1803 893 μοναχούς
1844 835 2030 889 τινας
2074 809 2140 877 ἐν
2186 804 2362 897 αύτῷ
2392 836 2582 878 κατε-

237 911 555 997 τάξαμεν,
624 912 737 979 ἐπὶ
793 915 886 999 τῷ
939 908 1427 998 ύπερεύχεσθαι
1482 915 1601 999 τῆς
1656 907 1845 997 ἁγίας
1900 934 2019 978 σου
2073 913 2417 997 βασιλείας
2471 918 2579 984 καὶ

239 1011 511 1079 πάντων
549 1016 682 1080 τῶν
720 1017 1242 1099 χριστιανῶν.
1334 1012 1799 1097 ἐξεκαλέσαμεν
1845 1013 1916 1080 δὲ
1958 1012 2073 1080 τὸν
2103 1013 2445 1100 πράκτορα
2469 1015 2579 1080 καὶ

239 1116 396 1199 περὶ
437 1118 570 1181 τῶν
599 1110 943 1201 -ἧμετέρων
985 1114 1421 1200 πραγμάτων,
1484 1110 1575 1193 ὦς
1617 1107 1697 1181 ἂν
1741 1109 2183 1182 ἆποδοθῶσιν
2224 1111 2412 1203 ἡμῖν·
2469 1119 2580 1183 καὶ

242 1214 502 1300 ἔξαρνοι
568 1215 862 1302 ἐγένοντο
931 1216 993 1282 οἱ
1053 1216 1437 1283 ίουδαῒοι.
1528 1216 1933 1301 προσέταξεν
1991 1205 2107 1283 οὖν
2163 1211 2200 1282 ὃ
2265 1216 2579 1303 πράκτωρ

243 1310 418 1402 ἡμῖν,
456 1318 744 1405 λυθῆναι
773 1316 889 1403 τὴν
919 1312 1255 1384 ὑπόθεσιν
1282 1313 1469 1405 ἡμῶν
1501 1316 1614 1384 διὰ
1644 1320 2127 1404 συκοφαντικοῦ
2155 1320 2264 1384 καὶ
2294 1320 2579 1385 τελείου·

239 1420 349 1485 καὶ
395 1417 520 1504 ἐγὼ
562 1420 682 1503 μὲν
729 1416 819 1497 ιῦς
858 1445 948 1505 χρ
967 1418 1345 1498 ιστιανὸς
1387 1419 1499 1486 ἵνα
1543 1417 1876 1506 πληρώσω
1920 1417 2034 1485 τὸν
2080 1419 2577 1506 συκοφαντικὸν,

241 1513 429 1586 αὐτοὶ
476 1520 548 1586 δὲ
589 1519 705 1587 τὸν
747 1521 1018 1599 τέλειον,
1064 1518 1239 1607 πλὴν
1282 1515 1398 1603 οὐχ
1442 1516 1534 1599 ιῦς
1576 1515 1763 1587 αὐτοὶ
1810 1520 2145 1600 θέλουσιν,
2194 1515 2332 1587 ἄλλ’
2381 1516 2472 1600 ὥς
2501 1515 2582 1587 ἂν

242 1619 367 1705 ἐγὼ
412 1620 608 1690 δώσω
653 1616 881 1700 αὐτοῖς
924 1620 1281 1709 ἐγγράφως.
1373 1621 1517 1689 ἐστὶ
1560 1622 1631 1688 δὲ
1675 1617 1915 1701 οὕτως·
1976 1621 2043 1689 ἐν
2087 1620 2412 1708 πρώτοις,
2471 1622 2585 1689 ἵνα

242 1720 530 1808 ζιόσηται
572 1721 690 1810 τήν
732 1721 967 1809 βάτον,
1013 1726 1120 1789 καὶ
1166 1722 1639 1810 καβαλλικεύσῃ
1685 1722 1801 1788 τὸν
1845 1718 2075 1803 ἇσκὸν,
2122 1728 2231 1790 καὶ
2277 1724 2440 1812 ἐμβῇ
2487 1723 2583 1803 εἰς

239 1823 355 1911 τὴν
399 1824 785 1907 θάλασσαν,
843 1827 952 1891 καὶ
997 1824 1214 1913 πτύσῃ
1260 1824 1376 1913 τὴν
1422 1823 1785 1911 περιτομὴν
1830 1821 2032 1891 αὐτοῦ
2076 1832 2328 1910 τρίτον,
2378 1826 2581 1911 λέγων

243 1922 485 2005 οὕτως·
529 1924 680 2010 „ude
713 1925 828 1991 τὸν
870 1929 1222 2014 βαρασῆ,
1267 1928 1568 2012 βαραᾶ,
1618 1921 1955 2004 ἇδωναῒ,
2005 1924 2227 2005 glast}
2274 1925 2389 1993 τὸν
2436 1927 2583 1993 δια-

241 2025 674 2111 ,,περάσαντα
714 2026 832 2112 τὴν
877 2026 1166 2112 ἐρυθρὰν
1210 2027 1566 2093 θάλασσαν
1609 2025 1724 2092 τὸν
1772 2026 2061 2114 ἷσραὴλ
2107 2022 2421 2113 ἆβρόχως,
2471 2030 2581 2095 καὶ

243 2137 663 2209 ,,ποτίσαντα
707 2124 945 2207 αὐτοὺς
989 2125 1164 2213 ὕδωρ
1212 2127 1280 2195 ἐκ
1322 2134 1601 2213 πέτρας,
1668 2131 1776 2195 καὶ
1823 2127 2022 2194 δόντα
2085 2122 2312 2206 αὐτοῖς
2366 2127 2584 2212 μάννα

241 2241 527 2317 ,,φαγεῒν
583 2232 720 2297 καὶ.
752 2226 1290 2316 ὀρτυγομετρίαν,
1359 2230 1417 2297 εἰ
1472 2234 1583 2297 καὶ
1640 2225 1824 2296 αὐτοὶ
1885 2225 2229 2313 ἀχάριστοι
2286 2229 2580 2316 ἐγένοντο

241 2327 448 2415 ,,[ού]·’
503 2329 1076 2420 παραιτησάμενοι
1116 2331 1201 2399 τὰ
1242 2335 1359 2398 τοῦ
1400 2339 1628 2417 χοίρου
1671 2338 1828 2418 κρέα
1843 2361 1865 2414 ‚-
1918 2330 2014 2415 μὰ
2055 2330 2170 2397 τὸν
2214 2331 2445 2416 νόμον,
2508 2330 2582 2399 ὃν

242 2434 568 2517 ,,δέδωκεν
614 2429 957 2515 ἅδωναῒ,
1004 2436 1114 2502 καὶ
1139 2433 1254 2501 τὸν
1300 2433 1687 2519 ἐμπτυσμὸν
1718 2437 1835 2501 τοῦ
1882 2433 2188 2518 σώματος
2230 2436 2347 2521 τῆς
2390 2459 2582 2521 περι-

243 2541 520 2624 ,,τομῆς,
578 2538 685 2604 καὶ
741 2536 859 2624 τὴν
917 2536 1155 2623 βάτον,
1212 2535 1288 2624 ἢν
1342 2540 1421 2624 τῇ
1481 2536 1764 2620 ἐμαυτοῦ
1813 2531 2019 2624 ὀσφύϊ
2060 2535 2580 2622 περιζώννυμαι·

243 2634 406 2720 ,,οὖκ
433 2639 547 2706 ἐπὶ
593 2638 882 2725 ψεύδους
927 2634 1146 2724 ὀμνύω
1170 2638 1247 2704 τὸ
1293 2635 1504 2722 ὄνομα
1548 2646 1773 2723 κυρίου
1819 2638 2197 2724 σαβαώθ·
2245 2638 2304 2706 εἰ
2349 2638 2422 2705 δὲ
2466 2637 2581 2705 ἐπὶ

240 2740 581 2826 »ψεύδους
625 2737 865 2825 ὀμνύω,
913 2739 1364 2825 ἓπικατάρατα
1409 2738 1494 2805 τὰ
1539 2739 1768 2825 ἔκγονα
1809 2742 1927 2826 τῆς
1953 2741 2207 2818 κοιλίας
2235 2765 2399 2824 μου,
2446 2752 2583 2826 ψη-

242 2841 569 2929 ,,λαφήσω
615 2837 703 2920 ὥς
748 2837 784 2907 ὃ
826 2841 1077 2929 τυφλὸς
1117 2851 1358 2924 τοῖχον,
1405 2843 1512 2906 καὶ
1546 2836 1636 2919 ὥς
1663 2839 1751 2925 μὴ
1782 2836 2092 2924 ὑπάρχων
2124 2840 2283 2923 ἔχων
2315 2836 2584 2929 ὀφθαλ-

244 2941 454 3027 ,,μοὺς
513 2946 847 3026 πεσοῦμαι
903 2941 1020 3008 σὺν
1077 2941 1340 3020 τούτοις
1385 2945 1614 3020 πᾶσιν,
1664 2937 1989 3020 ἆνοιξάτω
2035 2937 2075 3028 ἦ
2121 2944 2200 3029 γῆ
2244 2943 2322 3007 τὸ
2367 2942 2583 3027 στόμα

243 3041 509 3131 ,,αύτῆς,
553 3046 658 3109 καὶ
684 3048 1062 3109 καταπιέτω
1083 3068 1183 3126 με,
1231 3039 1322 3122 ὦς
1352 3042 1623 3109 δαθὰν
1651 3046 1757 3108 καὶ
1790 3038 2216 3128 ἇβειρών“.
2262 3046 2368 3109 καὶ
2396 3033 2585 3111 οὗτοι

243 3144 360 3213 τὸν
406 3140 598 3229 ὅρκον
639 3147 875 3210 τοῦτον
920 3138 1217 3228 ἀσμένως
1262 3144 1581 3222 ἐδέξαντο.
1673 3139 1815 3210 εἶτα
1862 3143 2030 3228 μετὰ
2071 3143 2149 3209 τὸ
2195 3139 2439 3228 ὀμόσαι
2469 3143 2584 3229 ἐμὲ

243 3245 360 3312 τὸν
403 3244 910 3334 συκοφαντικὸν,
972 3240 1087 3310 οὐκ
1137 3240 1477 3332 ἠθέλησαν
1522 3246 1871 3331 πληρῶσαι
1912 3244 2028 3311 τὸν
2072 3246 2356 3313 τέλειον·
2415 3242 2586 3313 ἀλλὰ

246 3347 487 3434 δώροις
528 3346 642 3414 τὸν
687 3345 1029 3433 πράκτορα
1057 3346 1494 3430 μετελθόντες
1524 3345 1836 3432 ἐξέφυγον
1865 3346 1979 3412 τὸν
2012 3343 2222 3432 ὅρκον.
2285 3347 2399 3414 διὰ
2426 3351 2582 3434 γοῦν

241 3452 439 3517 τοῦτο
499 3450 734 3533 δέομαι
788 3451 895 3515 καὶ
952 3449 1317 3532 παρακαλῶ
1372 3447 1449 3513 τὸ
1497 3448 1732 3516 ἔνθεον
1774 3447 2013 3534 κράτος
2058 3472 2211 3530 σου,
2266 3455 2583 3535 γενέσθαι

242 3575 363 3636 μοι
415 3556 643 3634 τιμίαν
701 3549 813 3617 καὶ
866 3549 1317 3636 προσκυνητὴν
1364 3550 1552 3618 λύσιν
1595 3545 1767 3635 πρὸς
1809 3551 1925 3616 τὸν
1969 3551 2135 3618 κατὰ
2176 3551 2293 3639 τὴν
2334 3549 2581 3640 ἡμέραν

243 3652 615 3738 πράκτορα,
680 3652 1161 3739 διοριζομένην,
1219 3647 1263 3740 ἢ
1303 3650 1420 3718 τὸν
1462 3656 1766 3719 τοιοῦτον
1813 3649 2006 3738 ὅρκον
2052 3649 2298 3738 ὀμόσαι
2337 3656 2449 3719 καὶ
2490 3652 2581 3742 μὴ

241 3756 682 3839 βουλομένους
722 3751 878 3831 τοὺς
922 3754 1378 3832 ίουδαίους,
1425 3748 1467 3840 ἢ
1505 3749 1980 3842 ἀναμφιβόλως
2023 3751 2398 3822 ἀποδοῦναι
2423 3750 2584 3840 ἡμῖν

241 3855 327 3923 τὰ
371 3851 655 3941 εὐλόγως
697 3848 853 3939 παρ’
900 3850 1085 3939 ἡμῶν
1143 3854 1621 3940 ἐπιζητούμενα
1666 3858 2036 3940 πράγματα.
2126 3853 2239 3922 καὶ
2284 3855 2343 3922 εἰ
2384 3858 2582 3920 τοῦτο

243 3962 528 4042 γένοιτο,
590 3955 885 4023 δέσποτά
939 3978 1069 4038 μου
1124 3950 1298 4039 ἅγιε,
1360 3949 1433 4020 οὗ
1492 3953 1842 4040 παύσομαι
1884 3953 2038 4039 παρ’
2090 3952 2248 4043 ὅλην
2291 3979 2421 4039 μου
2464 3954 2582 4040 τὴν

247 4056 413 4145 ζωὴν
454 4060 571 4142 τῆς
613 4052 805 4145 ἁγίας
847 4079 967 4135 σου
1008 4057 1354 4140 βασιλείας
1394 4051 1912 4143 ὖπερεύχεσθαι·
1956 4046 2035 4145 ἧς
2080 4052 2170 4136 ὥς
2201 4057 2437 4136 δοῦλος
2466 4052 2582 4124 άν-

246 4158 432 4237 άξιος
471 4159 806 4246 τολμήσας
855 4157 1155 4245 ἐδεήθην.

381 4377 403 4406 ⁴
437 4381 583 4431 Recte
618 4381 849 4445 supplevit
887 4380 1079 4431 Leuncl.
