2900 4950
1126 225 1244 290 lmp.
1281 224 1430 276 Alexii
1469 225 1715 278 comneni
2462 215 2585 277 417

252 368 440 457 λήσει
483 367 755 448 πάντως
795 365 834 458 ἦ
878 375 1209 456 μαρτυρία
1249 374 1369 438 τοῦ
1412 372 2128 461 προσμαρτυρήσαντος
2164 372 2282 461 τὴν
2322 377 2441 444 τοῦ
2486 378 2588 446 δι-

165 531 170 540 .
253 469 558 536 δακτικοῦ
605 469 880 556 δύναμιν
934 473 1030 558 τῷ
1072 470 1314 560 ταύτης
1356 466 1685 561 άμετόχῳ,
1745 471 1898 541 οῦτε
1950 476 2046 560 τῷ
2100 482 2589 562 μαρτυρηθέντι

254 563 516 655 ἆρκέσει
569 569 742 655 πρὸς
793 572 872 639 τὸ
931 565 1386 652 ἀναδέξασθαι
1440 573 1715 660 βαθμὸν
1781 574 2261 642 διδασκαλικόν.
2350 583 2418 643 τί
2472 568 2586 645 οῦν

249 670 672 759 οἰκονομήσει
729 670 846 740 ἐπὶ
900 672 1161 752 τούτοις
1216 668 1256 760 ἦ
1318 671 1464 758 ἱερὰ
1516 676 1623 741 καὶ
1692 669 1848 761 άγία
1908 674 2216 759 σύνοδος,·
2279 677 2435 757 τοὺς
2496 678 2586 767 μὴ

245 773 463 851 καλῶς
502 778 1045 861 μαρτυρηθέντας
1089 771 1321 853 ἐξώσει
1363 763 1444 840 οὗ
1488 775 1703 859 ετυχεν
1748 776 2022 857 ἕκαστος
2058 780 2367 862 βαθμοῦς
2419 773 2588 847 ἀλλὰ

246 875 445 938 τοῦτο
490 872 703 962 λύπην
713 865 1053 994 juxtam}
1094 883 1244 953 ταῖς
1302 879 1545 959 ψυχαῖς
1597 879 1729 943 τῶν
1771 873 1894 964 ἤδη
1947 872 2463 965 ἇφιερωθέντων
2505 882 2587 968 τῇ

245 969 582 1062 ἁγιωτάτῃ
626 978 744 1043 τοῦ
790 979 956 1043 θεοῦ
1002 974 1324 1063 ἐκκλησίᾳ.
1393 970 1846 1057 άποδεξάσθω
1891 969 2005 1046 οῦν
2049 974 2087 1066 ἦ
2123 978 2266 1064 ἱερὰ
2293 982 2404 1046 καὶ
2432 975 2587 1067 άγία

248 1071 528 1153 σύνοδος
579 1076 686 1141 καὶ
743 1073 879 1162 πρὸ
932 1075 1202 1144 πάντων
1255 1071 1295 1164 ἦ
1341 1071 1670 1164 άγιωσύνη
1719 1100 1839 1144 σου
1883 1081 1999 1143 τοῦ
2045 1073 2414 1164 άγιωτάτου
2454 1104 2584 1165 μου

248 1172 582 1241 δεσπότου
624 1177 731 1242 καὶ
776 1179 999 1243 κοινοῦ
1043 1176 1299 1263 πατρὸς
1341 1181 1449 1245 καὶ
1497 1177 1896 1245 διδασκάλου
1939 1182 2054 1265 τῆς
2099 1177 2478 1267 οἰκουμένης
2506 1180 2585 1247 τὸ

249 1274 607 1362 πρόθυμον
650 1279 783 1343 τῶν
826 1274 948 1365 ἤδη
993 1283 1551 1364 καθιερωθέντων
1607 1285 1711 1345 καὶ
1757 1279 1835 1345 τὸ
1881 1279 2108 1346 θέλειν
2152 1275 2389 1360 αὖτοὺς
2433 1277 2585 1348 ὁλο-

248 1376 481 1460 ψύχως
523 1372 872 1464 ὑπηρετεῖν
928 1380 1007 1464 τῇ
1066 1374 1223 1466 ἁγίᾳ
1281 1378 1616 1465 ἐκκλησίᾳ,
1674 1382 1779 1445 καὶ
1836 1378 1914 1446 τὸ
1973 1378 2280 1447 ἐλλεῖπον
2322 1380 2585 1462 τούτοις

246 1471 800 1565 άναπληρωθήτω
844 1476 1031 1564 παρὰ
1072 1482 1189 1566 τῆς
1231 1483 1350 1566 σῆς
1402 1474 1746 1567 ἁγιότητος
1788 1478 2087 1565 σπουδὴν
2131 1476 2583 1566 ὑπερβάλλου-

246 1601 372 1645 σαν
418 1578 917 1665 ἐνδεικνυμένης.
1004 1574 1043 1667 ἦ
1092 1579 1164 1646 δὲ
1208 1579 1469 1667 σπουδὴ
1528 1580 1696 1647 ἔστω
1739 1580 2010 1669 τοιαύτη
2055 1582 2269 1661 καλῶς
2315 1581 2583 1671 ἐχούσης

243 1682 361 1767 τῆς
406 1675 772 1767 ἁγιωσύνης
815 1703 936 1747 σου
981 1676 1073 1760 ῶς
1127 1679 1205 1746 τὸ
1261 1679 1462 1749 καλὸν
1510 1691 1804 1767 κρεῖττον
1846 1680 2118 1748 πάντων
2160 1684 2579 1773 βουλομένης.

412 1780 494 1867 β.
583 1779 734 1866 Πρὸ
774 1782 895 1866 μὲν
938 1780 1191 1861 παντὸς
1235 1779 1438 1848 ἄλλου
1484 1776 1841 1868 άδνούμιον
1873 1781 2093 1850 κοινὸν
2120 1789 2419 1869 γενέσθω
2449 1789 2582 1854 τῶν

241 1877 418 1952 ὅλων
460 1884 593 1948 τῶν
635 1906 708 1948 τε
749 1879 872 1968 ἤδη
917 1887 1444 1968 κατηρτισμένων
1491 1877 1692 1963 ἆξίων
1721 1877 1855 1949 κατ’
1891 1880 2116 1969 ἄμφω,
2150 1882 2344 1968 λόγον
2365 1910 2437 1951 τε
2468 1885 2583 1972 δη-

246 1982 473 2049 λονότι
501 1985 607 2049 καὶ
636 1986 806 2067 βίον,
852 1984 959 2050 καὶ
989 1986 1123 2049 τῶν
1154 1983 1319 2063 ἰ’σως
1349 1985 1516 2049 κατά
1543 2009 1612 2050 τι
1642 1982 1892 2050 τούτων
1923 1984 2353 2066 λειπομένων.
2400 1984 2477 2050 τὸ
2510 1985 2581 2052 δὲ

241 2087 548 2150 τοιοῦτον
593 2077 948 2166 άδνούμιον
989 2081 1079 2171 μὴ
1126 2078 1359 2161 ἅπλῶς
1401 2085 1511 2150 καὶ
1556 2079 1648 2162 ὥς
1687 2083 1866 2165 ἔτυχε
1888 2089 2169 2169 γένηται,
2218 2078 2386 2150 ἀλλὰ
2410 2085 2581 2169 μετὰ

243 2182 505 2269 ἐρεύνης
532 2190 859 2272 μεγίστης,
893 2184 1154 2272 ἐρεύνης
1182 2190 1692 2272 προηγουμένως
1719 2187 1838 2250 τοῦ
1869 2182 1935 2250 ἐν
1967 2183 2218 2270 ἑκάστῳ
2263 2183 2580 2252 διδασκα-

242 2287 428 2352 λικοῦ
460 2284 656 2371 λόγου
684 2290 793 2354 καὶ
838 2289 955 2353 τοῦ
980 2289 1264 2373 χρηστοῦ
1293 2283 1527 2374 ἤθους.
1574 2288 1681 2351 καὶ
1711 2283 1827 2352 τὸν
1853 2285 1974 2369 μὲν
2008 2282 2239 2365 ἔχοντα
2265 2288 2372 2352 καὶ
2406 2275 2579 2374 ἦθος

236 2385 520 2475 χρηστὸν
549 2390 654 2455 καὶ
701 2386 895 2476 λόγον
940 2387 1400 2456 διδασκαλικὸν
1433 2383 1874 2476 σημειωθήτω
1902 2379 1942 2470 ἦ
1975 2378 2302 2473 ἆγιωσύνη
2336 2409 2455 2453 σου
2487 2384 2579 2468 ῶς

239 2487 631 2577 ἐξῃρημένον
660 2495 792 2558 τῶν
823 2488 1058 2558 ἄλλων.
1119 2489 1331 2578 τούτῳ
1360 2489 1483 2576 γὰρ
1513 2491 1606 2576 τῷ
1636 2486 1865 2572 τρόπῳ
1896 2488 2001 2552 καὶ
2035 2480 2072 2551 ό
2100 2485 2306 2574 μήπω
2336 2515 2578 2577 καταρ-

240 2593 503 2670 τισθεὶς
545 2591 1147 2678 καταρτισθήσεται
1193 2591 1361 2679 ζήλῳ
1417 2594 1535 2657 τοῦ
1590 2587 1711 2676 ἤδη
1759 2594 2249 2673 σημέιωθέντος
2292 2593 2396 2656 καὶ
2442 2594 2575 2659 τῶν

241 2688 461 2758 ἄλλων
505 2699 1005 2778 προκριθέντος.
1096 2692 1242 2760 ἐπεὶ
1290 2694 1361 2758 δὲ
1416 2690 1538 2778 ἤδη
1585 2688 1849 2756 ἄνωθεν
1898 2689 2173 2774 εἴπομεν
2218 2691 2356 2758 δεῖν
2401 2688 2569 2759 άπο-

243 2793 507 2859 δεκτέαν
552 2794 951 2880 λογισθῆναι
991 2793 1107 2880 τὴν
1151 2799 1545 2878 προθυμίαν
1584 2791 1714 2855 τῶν
1759 2786 1848 2875 μὴ
1878 2787 2215 2869 τοιούτων,
2264 2786 2370 2859 ὅτι
2404 2817 2572 2878 προ-

239 2891 479 2976 θύμως
536 2892 756 2975 ἔχουσι
812 2897 1323 2978 προσκαρτερεῖν
1366 2894 1443 2975 τῇ
1491 2889 1757 2974 δουλείᾳ
1798 2891 1915 2973 τῆς
1970 2888 2338 2976 ἐκκλησίας,
2396 2920 2573 2981 παρ-

244 2992 756 3080 αγγελθήτωσαν
799 2993 864 3058 οἱ
907 2997 1200 3059 τοιοῦτοι
1242 2985 1332 3067 ὥς
1388 2984 1467 3054 ἂν
1523 2991 1640 3054 τοῦ
1685 2990 1929 3054 λοιποῦ
1975 2988 2419 3073 ἐπιμελῶνται
2463 3003 2568 3061 καὶ

241 3093 438 3179 λόγου
494 3096 599 3160 καὶ
658 3089 921 3182 άρετῆς,
978 3096 1088 3160 καὶ
1143 3087 1350 3167 οὕτως
1408 3089 1474 3155 ἐν
1531 3087 1770 3173 γικὺσει
1810 3087 2143 3173 γινόμενοι
2186 3095 2303 3157 τοῦ
2351 3091 2573 3161 συνοί-

240 3218 476 3274 σοντος
521 3193 633 3262 διὰ
673 3197 789 3280 τῆς
833 3197 950 3277 σῆς
977 3193 1259 3278 χρηστῆς
1289 3185 1554 3273 ὁμιλίας
1582 3190 1689 3255 καὶ
1723 3187 2212 3279 ἐπιφωνητικῆς
2242 3216 2573 3278 παραγγε-

236 3296 386 3374 λίας
427 3295 506 3361 τὸ
548 3293 905 3381 πρόθυμον
950 3287 1164 3359 αὐτῶν
1220 3287 1403 3358 ἅπαν
1458 3288 2022 3357 κατακενώσουσιν
2067 3289 2162 3369 εἰς
2201 3290 2278 3356 τὸ
2320 3297 2569 3378 μαθεῖν

238 3392 523 3483 ἀκριβῶς
575 3399 681 3462 καὶ
740 3393 825 3461 τὰ
869 3399 1030 3461 θεῖα
1074 3391 1443 3478 διδάγματα
1487 3391 1759 3459 ἕκαστον
1809 3391 1915 3457 καὶ
1962 3389 2133 3476 πρὸς
2174 3390 2253 3458 τὸ
2290 3394 2571 3481 χρηστό-

189 3564 200 3585 1
235 3521 425 3584 τερον
467 3495 584 3563 τὸν
624 3502 773 3582 βίον
819 3494 1068 3562 ἑαυτῶν
1111 3492 1663 3579 καταστήσασθαι
1704 3490 1817 3559 καὶ
1859 3489 2045 3571 ἄξιον
2087 3491 2319 3561 ἑαυτὸν
2350 3488 2568 3582 ἄπαρ-

234 3605 419 3666 τίσαι
473 3596 694 3684 πάσης
751 3596 1104 3682 ἱερωσύνης
1155 3593 1265 3662 καὶ
1322 3592 1532 3673 οὕτως
1586 3589 1944 3674 ἀποδεῖξαι
1989 3592 2105 3679 τὴν
2150 3589 2318 3682 ὑπὲρ
2365 3592 2566 3664 αὐτοῦ

233 3702 596 3785 μαρτυρίαν
641 3696 855 3782 ἔργοις
899 3691 1125 3774 αὐτοῖς
1169 3703 1463 3783 βεβαίαν.
1525 3697 1630 3762 καὶ
1674 3696 1762 3782 μὴ
1810 3691 1996 3775 ἅπαξ
2039 3691 2072 3782 ἦ
2114 3695 2564 3785 ἐπιφωνητικὴ

234 3797 396 3887 αῦτη
455 3794 683 3883 ὁμιλία
736 3822 809 3863 τε
862 3799 968 3862 καὶ
1026 3797 1432 3881 παραγγελία
1492 3802 1785 3882 γένηται,
1856 3794 2022 3862 ἀλλὰ
2076 3799 2182 3862 καὶ
2246 3797 2567 3876 πολλάκις

232 3906 560 3986 γινέσθω·
620 3900 724 3966 κἀὶ
775 3892 1202 3963 άπαιτείσθω
1248 3898 1520 3973 ἕκαστος
1564 3894 1749 3978 παρὰ
1792 3899 1905 3979 τῆς
1950 3898 2070 3981 σῆς
2112 3894 2457 3981 ἁγιότητος
2498 3905 2566 3965 τί

231 4002 397 4086 μετὰ
442 3999 560 4080 τὰς
590 3996 1085 4087 ἐπιφωνητικὰς
1114 3997 1557 4083 παραγγελίας
1588 3994 2040 4078 ἐκαρπώσατο.
2101 3997 2206 4060 καὶ
2245 3990 2281 4060 ό
2310 3997 2564 4081 καρπὸν

236 4097 711 4223 e‘fissauoteqov
756 4103 888 4168 τῶν
934 4095 1149 4166 α’λλων
1194 4094 1647 4181 προσενεγκὼν
1694 4091 2060 4172 άπόδεκτος
2089 4094 2275 4178 παρὰ
2301 4098 2417 4184 τῆς
2446 4101 2564 4186 σῆς

236 4197 581 4291 ἁγιότητος
636 4204 1004 4291 λογιζέσθω
1058 4201 1164 4266 καὶ
1224 4197 1625 4284 ἐγκρινέσθω
1684 4198 1814 4318 καὶῬ
1843 4194 2142 4280 μείζονος
2184 4197 2369 4284 παρὰ
2410 4199 2564 4280 τοὺς

234 4299 475 4383 αλλους
516 4307 710 4392 τιμῆς
751 4299 1115 4386 ἆξιούσθω,
1162 4293 1269 4367 ὅτι
1295 4294 1706 4386 ηῧπείθησεν
1734 4285 1928 4376 οὗτος
1953 4298 2049 4384 τῷ
2077 4301 2359 4453 {zelanti}
2387 4324 2564 4389 παρ-

336 4408 418 4459 ΙΙΙ.
