2900 4950
1069 259 1187 322 Imp.
1223 248 1456 308 Ha'nuelis
1494 258 1739 308 comneni.
1983 292 1989 304 .
2445 249 2562 310 4⁸31

233 404 502 471 πάντων
561 400 1020 488 ἕκθεσμότατα
1075 404 1266 489 δρᾶν,
1337 400 1482 472 εἶτα
1534 409 1644 472 καὶ
1702 406 1956 493 σοφοὺς
2009 414 2393 492 γενομένους
2444 415 2564 477 τοῦ

231 509 677 593 κακοποιῆσαι
720 506 1174 591 περιστέλλειν
1217 501 1386 573 αὐτὰ
1424 518 1725 593 μορφαῖς
1766 530 1905 573 τισι
1950 507 2160 592 λόγων
2202 511 2309 575 καὶ
2352 509 2431 574 τὸ
2476 511 2569 578 εί-

235 608 470 690 δεχθὲς
518 611 636 694 τῆς
687 613 915 685 κακίας
971 604 1222 686 ἔξωθεν
1268 606 1654 690 ἐπιχρώζειν
1699 610 2016 674 πιθανῶν
2059 608 2368 696 ῥημάτων
2407 634 2562 695 κομ-

229 720 552 794 μωτικαῒς
596 698 1018 774 ἐπιθέσεσιν·
1065 705 1212 774 ὅτε8
1252 707 1363 775 καὶ
1404 708 1696 792 μάλιστα
1742 710 1845 776 δεῖ
1887 708 2216 776 πλειόνων
2261 712 2569 796 δικαστη-

231 817 394 895 ρίων
436 804 537 896 ἐφ’
588 806 762 875 οὕτω
801 809 1279 896 κακομηχάνοις
1335 805 1733 894 ἀνθρώποις
1773 810 1945 894 πρὸς
1986 809 2104 899 τὴν
2145 814 2264 878 τοῦ
2309 813 2567 880 δικαίου

231 914 343 978 καὶ
402 909 664 997 ζήτησιν
717 913 824 977 καὶ
869 905 1302 997 άνερεύνησιν.
1389 914 1499 977 καὶ
1547 909 1763 989 ἄλλως
1807 913 1879 977 δὲ
1918 916 2072 992 πῶς
2113 937 2281 980 ποτε
2318 916 2428 979 καὶ
2471 917 2567 1001 ‘tq'

236 1012 468 1099 δικαίῳ
526 1011 793 1098 συνᾴδει
846 1014 952 1078 καὶ
1008 1014 1102 1096 τῷ
1145 1015 1288 1098 θεῷ
1334 1011 1515 1078 ἐστιν
1560 1007 2032 1091 εὗαπόδεκτον,
2089 1016 2377 1103 παντελῆ
2421 1025 2579 1094 τοῖς·

236 1113 684 1198 δικαστηρίοις
738 1110 1292 1199 ἔπιῃηῙφισθῆναι
1335 1112 1573 1200 σχολὴν
1636 1112 1749 1178 διὰ
1800 1112 1884 1179 τὰ
1924 1115 2035 1180 καὶ
2075 1114 2312 1180 πάλιν’
2374 1141 2567 1201 τερα-

205 1219 683 1300 “τουργηθέντα
736 1210 872 1279 ὑπὸ
924 1216 1092 1279 θεοῦ
1146 1217 1254 1279 καὶ
1311 1217 1444 1280 τῶν
1488 1210 1689 1280 αὐτοῦ
1734 1212 2175 1298 θεραπόντων
2219 1215 2568 1299 παράδοξα

229 1321 337 1382 καὶ
385 1304 589 1393 αὖθις
628 1316 1374 1402 τερατουργηθήσεσθαι
1415 1314 1969 1400 προσδοκώμενας
2015 1304 2143 1399 ἆρα
2168 1315 2290 1400 γὰρ
2322 1316 2390 1382 ἐν
2416 1327 2567 1395 ταῖς

232 1411 550 1502 ἇβύσσοις
602 1418 738 1482 τῶν
793 1415 1029 1482 ἑαυτοῦ
1093 1414 1464 1496 θαυμάτων
1532 1411 1705 1502 ἡμᾶς
1772 1417 2166 1501 περικλῦσαι
2220 1415 2568 1496 νεύσαντος

230 1522 348 1585 τοῦ
408 1520 604 1595 θεοῦ,
667 1516 725 1583 εἰ
781 1519 1000 1582 πᾶσαι
1060 1512 1224 1600 ὁμοῦ
1279 1517 1351 1581 αἱ
1402 1519 1522 1581 τοῦ
1568 1516 1976 1583 ἐνιαυσιαίου
2019 1515 2251 1582 κύκλου
2293 1512 2567 1604 ἦμέραι’

231 1617 467 1685 ἄλλοτε
509 1616 677 1684 α’λλα
723 1615 1087 1699 διαλάχωσι
1130 1615 1465 1700 θαύματα,
1511 1613 1698 1702 ἡμεῖς
1745 1613 2042 1695 άπάσαις
2085 1613 2319 1696 αὐταῖς
2348 1613 2567 1704 ἄπρα-

232 1721 375 1801 ξίαν
421 1718 911 1837 bnaxqqhgopsv3
958 1743 1062 1783 και
1108 1717 1323 1805 πάντη
1366 1721 1488 1803 μὲν
1530 1726 1675 1797 τοῖς
1692 1719 2164 1839 δικαστηρίοις
2204 1717 2323 1799 τὰς
2350 1720 2569 1805 θύρας

232 1818 753 1905 ἓπιζυγώσομεν,
812 1823 1037 1885 πᾶσαν
1097 1819 1168 1884 δὲ
1223 1816 1600 1905 παῤῥησίαν
1643 1822 1723 1905 τῇ
1769 1815 1993 1905 ἀδικίᾳ
2038 1814 2414 1902 άνοίξομεν,
2475 1819 2566 1900 ῶς

228 1932 379 2000 ταῖς
431 1917 615 2009 ἡμῶν
674 1921 936 2004 ἑορταῖς
991 1919 1230 2003 ταύτην
1285 1921 1538 2002 μᾶλλον
1594 1920 1996 2004 ἐνεορτάζειν
2039 1924 2147 1987 καὶ
2193 1923 2569 2001 παιανίζειν

229 2022 398 2090 κατὰ
437 2024 553 2106 τῆς
596 2019 1014 2105 δικαιοσύνης
1055 2018 1142 2084 τὰ
1185 2019 1557 2105 νικητήρια,·
1604 2021 1858 2086 πολλοῦ
1903 2046 1975 2105 γε
2017 2022 2126 2087 καὶ
2170 2022 2291 2087 δεῖ.
2359 2024 2569 2087 ταῦτα

232 2127 306 2191 δὲ
351 2119 561 2201 οὕτως
603 2118 643 2208 ἡ
687 2121 994 2206 βασιλεία
1036 2142 1166 2203 μου
1212 2120 1768 2207 προεμηθεύσατο
1814 2121 1929 2187 διὰ
1966 2120 2047 2186 τὸ
2087 2124 2194 2187 καὶ
2237 2121 2443 2206 μύρια
2482 2122 2571 2189 τὰ

233 2225 460 2294 ἄτοπα
501 2228 850 2290 τίκτεσθαι
893 2217 1045 2286 καθ’
1095 2219 1371 2307 ἑκάστην
1414 2221 1485 2288 ἐκ
1526 2226 1642 2310 τῆς
1684 2225 1817 2288 τῶν
1848 2223 2281 2308 δικαστηρίοιν
2311 2222 2569 2309 σχολῆς,

234 2326 651 2404 πλεονεξίας,
711 2319 1014 2408 ἁρπαγὰς
1025 2370 1043 2402 ,
1090 2329 1550 2409 μνησικακίας,
1612 2327 1720 2389 καὶ
1774 2320 1955 2390 τᾶλλ’
2019 2319 2243 2390 ὁπόσα
2295 2321 2569 2402 ταύταις

234 2429 567 2514 ἑπόμενα·
639 2421 721 2493 δι’
792 2424 836 2492 ἃ
900 2427 1010 2492 καὶ
1073 2423 1190 2509 τὴν
1253 2426 1388 2490 τῶν
1459 2423 1689 2509 δώρων
1753 2424 2190 2513 προσαγωγὴν
2253 2424 2417 2504 θεὸς
2489 2421 2568 2493 οὗ

231 2536 617 2615 προσίεται,
673 2522 833 2612 μήδ’
883 2521 1100 2592 αὐτῶν
1160 2529 1294 2592 τῶν
1352 2527 1546 2611 ἱερῶν
1608 2527 1983 2611 περιβόλων
2030 2526 2270 2612 ψαύειν
2316 2551 2567 2613 συγχω-

230 2636 364 2719 ρῶν
405 2634 499 2718 τῷ
543 2628 971 2714 προσάγοντι,
1020 2628 1078 2693 εἰ
1118 2625 1207 2711 μή
1253 2624 1428 2693 πολύ
1475 2627 1803 2712 πρότερον
1842 2632 1936 2712 τῷ
1983 2630 2385 2711 διενεχθέντι
2412 2654 2568 2695 κατ·-

231 2734 533 2819 αλλαγεὶς
573 2729 684 2797 καὶ
725 2733 820 2815 τῷ
864 2727 1415 2821 προσκεκρουκότι
1460 2728 1923 2812 σπεισάμενος,
1972 2724 2113 2796 εἶτα
2141 2735 2569 2816 προσενέγκω

229 2834 312 2899 τὸ
362 2828 870 2916 καρποφόρημα.
960 2828 1128 2895 πότε
1184 2835 1409 2894 τοίνυν
1462 2824 1690 2907 αὐτοῖς
1746 2832 1979 2915 λυθείη
2038 2828 2122 2894 τὰ
2162 2834 2279 2916 τῆς
2323 2832 2567 2917 διαφο-

232 2937 382 3019 ρᾶς,
450 2934 557 2997 καὶ
620 2936 866 3012 πηνίκα
927 2928 1005 2993 τὸ
1069 2930 1185 3014 τῆς
1242 2927 1497 3014 εἰρήνης
1553 2932 1699 3014 φῶς
1752 2929 1868 3014 τὴν
1926 2929 1994 2995 ἐν
2050 2940 2197 3007 ταῖς
2261 2932 2565 3014 καρδίαις

237 3036 431 3121 σφῶν
487 3035 777 3118 βαθεῖαν
834 3024 1031 3111 ἀχλὺν
1082 3032 1198 3113 τῆς
1252 3028 1498 3113 ἔχθρας
1543 3028 2024 3108 διασκεδάσειε,
2084 3033 2216 3096 τῶν
2261 3031 2568 3116 δικαστη-

232 3143 396 3221 ρίων
437 3130 723 3217 μακροὺς
767 3128 1151 3196 ἐλιττόντων
1193 3127 1464 3207 κύκλους
1508 3128 1621 3195 διὰ
1662 3128 1778 3216 τὴν
1821 3133 1954 3195 τῶν
1998 3129 2269 3214 ἑορτίων
2310 3125 2568 3216 ἡμερῶν

233 3232 601 3322 παρολκὴν,
657 3233 764 3298 καὶ
822 3233 956 3297 τῶν
1006 3225 1406 3296 ὑποθέσεων
1450 3225 1706 3296 ἇλύτων
1751 3230 1818 3308 ἐς
1858 3229 2144 3313 μακροὺς
2184 3226 2412 3316 ἡλίους
2453 3255 2568 3297 κα-

233 3335 816 3424 ταγηρασκουσῶν,·
860 3335 979 3398 τοῦ
1015 3330 1218 3414 νόμου
1260 3333 1366 3397 καὶ
1398 3335 1608 3398 ταῦτα
1653 3334 1881 3397 πᾶσαν
1925 3332 2125 3418 δίκην,
2172 3326 2379 3396 ὁποία
2405 3338 2571 3410 τέως

232 3437 323 3525 μὴ
382 3434 838 3523 ἔγκληματικὴ,
900 3431 1083 3512 ἐντὸς
1137 3439 1425 3516 τριετίας
1482 3432 1977 3519 διαγορεύοντος
2030 3436 2409 3516 τέμνεσθαι.
2501 3431 2572 3499 ἐκ

237 3540 311 3607 δὲ
364 3538 605 3624 ταύτης
662 3526 864 3614 αυθις
916 3538 1034 3622 τῆς
1086 3535 1267 3661 ῥίζης
1324 3535 1442 3601 δύο
1496 3537 1672 3613 τινὲς
1738 3528 2081 3616 ἀνίσχουσι
2130 3532 2570 3621 παραφυάδες

234 3644 479 3707 κακῶν
537 3640 603 3705 οἱ
658 3637 779 3723 γὰρ
827 3637 1161 3720 δυσμενῶς
1205 3636 1460 3718 ἔχοντες
1501 3635 1672 3721 πρός
1713 3662 1893 3715 τινα,
1951 3628 1996 3721 ἢ
2035 3632 2113 3700 τὸ
2154 3638 2293 3701 τῶν
2332 3630 2570 3721 ἆχράν-

233 3763 367 3808 των
406 3744 783 3826 μυστηρίων
826 3739 962 3820 πῦρ
1007 3744 1425 3823 φρίττουσιν,
1486 3734 1576 3815 ὥς
1620 3736 1875 3804 ἐκεῖθεν
1921 3731 2202 3819 ἀτεχνῶς
2242 3738 2565 3821 καταφλε-

234 3841 532 3929 γόμενοι,
589 3865 696 3906 και
741 3836 858 3922 τὴν
900 3838 1275 3923 μετάληψιν
1319 3832 1394 3903 οὗ
1439 3838 1778 3922 θαρῤοῦσι
1818 3840 1912 3921 τῷ
1956 3835 2289 3904 συνειδότι
2326 3836 2571 3921 βαλλό-

236 3968 442 4026 μενοι,
486 3943 600 4009 καὶ
643 3935 817 4006 οὕτω
860 3941 980 4004 τοῦ
1025 3934 1356 4022 ἆγιασμοῦ
1402 3935 1606 4024 ἄμφω
1650 3940 1760 4002 καὶ
1806 3937 2020 4024 ψυχὴν
2061 3938 2169 4002 καὶ
2202 3939 2395 4018 σῶμα
2424 3960 2569 4004 στε-

235 4050 566 4128 emme,
623 4044 734 4109 καὶ
792 4040 1175 4126 ζημιοῦνται
1221 4036 1338 4105 τὸν
1381 4032 1698 4123 ἆτίμητόν
1740 4062 1813 4104 τε
1854 4040 1962 4103 καὶ
2006 4035 2362 4124 ἄφθαρτον
2402 4063 2569 4122 μαρ-

375 4278 397 4306 ⁸
433 4282 587 4331 Malim
624 4272 778 4330 ὥστε.
920 4277 937 4305 ⁷
974 4279 1113 4330 Forte
1148 4271 1330 4326 πάλαι.
1487 4274 1507 4302 ⁸
1544 4277 1687 4326 Labb.
1726 4267 1940 4327 ἁπάσας
1974 4268 2115 4340 ὁμοῦ
2154 4269 2323 4328 1315-
2348 4270 2565 4343 ἡμέρας,

239 4365 370 4428 quud
406 4365 520 4415 ferri
556 4378 650 4414 non
689 4371 891 4427 poterut.
