2900 4950
1021 286 1138 348 Imp.
1176 283 1432 348 Nicephori
1472 281 1765 333 Bolaniatae.
2436 270 2558 333 337

216 457 450 514 σασιν,
512 425 650 499 ἀλλ’
712 431 950 517 ἱερεῖον
992 433 1106 498 καὶ
1150 438 1343 499 θεῖον
1388 425 1706 518 ἀνάθημα
1750 432 2082 518 περιελεῖν
2127 425 2402 518 ἀνιέρως
2445 430 2563 504 οὐκ

217 530 743 622 ἀποκνήσουσιν,
803 528 878 598 ού
935 535 1152 600 λίθων
1206 533 1411 625 βολᾴς
1470 529 1893 619 ἀνατείνομεν
1950 531 2019 599 ἐκ
2072 531 2295 621 πάσης
2350 537 2562 623 φυλῆς

216 637 381 705 υἱῶν
440 634 765 722 ι’σραὴλ,
826 627 962 700 ἀλλ’
1024 629 1402 719 ἀναθέματι
1458 631 1733 712 τούτους
1786 631 2263 720 καθυπάγομεν
2310 636 2558 724 αἰωνίῳ

219 739 289 808 ἐκ
331 737 586 816 παντὸς
628 742 871 823 γένους,
921 735 989 803 ἐκ
1034 735 1255 823 πάσης
1299 734 1579 803 συνόδου
1622 739 2036 821 χριστιανῶν,
2083 739 2191 803 καὶ
2236 741 2352 824 τῆς
2378 745 2565 823 μερί-

219 841 337 919 δος
393 834 633 917 αὖτοὺς
690 841 823 904 τῶν
881 840 1144 903 πιστῶν
1203 836 1666 924 ἑκκηρύττομεν
1724 831 1815 913 ιῦς
1860 837 2352 924 περιφρονητᾶς
2396 842 2563 906 θεοῦ

217 943 327 1008 καὶ
372 944 504 1007 τῶν
549 946 760 1007 θείων
805 941 912 1005 καὶ
961 936 1194 1024 ἀνέδην
1240 941 1617 1015 πατοῦντας
1659 936 1743 1002 τὰ
1785 943 1993 1022 τίμια.

266 1121 272 1127 ,
387 1042 466 1128 γ’.
547 1036 728 1108 Ἐπεὶ
773 1042 844 1107 δὲ
887 1039 964 1106 τὸ
1007 1041 1127 1124 μὲν
1171 1040 1259 1127 μὴ
1307 1035 1825 1106 ἀπολισθαίνειν
1868 1042 1986 1105 τοῦ
2029 1047 2399 1125 κρείττονος
2439 1041 2566 1125 μό-

219 1146 569 1224 νσύθεοῦ,
615 1143 853 1229 θαῤῥῶ
901 1142 969 1207 δὲ
1013 1142 1224 1226 λέγειν
1267 1142 1374 1206 καὶ
1420 1144 1553 1207 τῶν
1600 1139 1979 1226 ἐγγιζόντων
2022 1142 2369 1227 ταγμάτων
2400 1146 2564 1231 θεῷ,

219 1245 338 1312 τὸν
384 1247 456 1312 δὲ
493 1243 774 1328 χθόνιον
815 1245 1052 1308 τοῦτον
1091 1245 1308 1328 χῶρον
1352 1245 1542 1328 κῆρες
1586 1242 1829 1307 πολλαὶ
1862 1249 2090 1320 κακίας
2120 1249 2428 1327 συνέσχον
2457 1248 2566 1312 καὶ

221 1346 649 1432 περιέλαβον,
716 1338 1075 1411 κάντεῦθεν
1133 1338 1322 1410 οὐδὲν
1366 1340 1763 1425 θαυμαστὸν
1808 1336 2200 1429 ὑπερορίους
2241 1351 2571 1414 τίθεσθαι

221 1451 345 1533 τῆς
387 1448 708 1534 πατρίδος
754 1442 967 1524 ἐνίους
1008 1443 1124 1511 τὸν
1167 1443 1640 1530 βασιλεύοντα,
1707 1446 1903 1509 τοῦτο
1924 1448 1963 1479 ¹⁷
2008 1443 2204 1524 δόξαν
2249 1441 2426 1534 αύτῷ
2473 1448 2566 1529 εἷς

225 1546 483 1632 ἄμυναν
526 1546 1034 1634 πλημμελούσης
1070 1545 1329 1632 γνώμης
1374 1545 1761 1630 ἒπενεγκεῒν,
1814 1549 1932 1611 τοῦ
1973 1545 2210 1632 χρόνου
2255 1548 2328 1614 δὲ
2372 1564 2570 1636 προϊ-

227 1646 420 1728 όντος
475 1645 828 1745 ὑπολήγειν
882 1650 1002 1732 μὲν
1060 1643 1248 1714 οὐδὲν
1307 1637 1584 1725 ἀπεικὸς
1638 1650 1753 1732 τῆς
1811 1640 2003 1735 ὀργῆς
2045 1648 2123 1713 τὸ
2167 1650 2569 1735 φλεγμαῖνον

224 1753 334 1819 καὶ
378 1749 455 1817 τὸ
503 1751 644 1832 ζέον
691 1745 890 1837 αὐτῆς
932 1745 1421 1833 ἀναψύχεσθαι,
1473 1747 1684 1835 λήθης
1729 1751 1801 1815 δὲ
1843 1754 1975 1815 τῶν
2022 1749 2411 1832 πασχόντων
2452 1751 2571 1820 τὸν

224 1853 509 1939 βασιλέα
563 1849 1050 1938 ὑποτρεχούσης
1107 1849 1221 1917 διὰ
1275 1850 1391 1934 τὴν
1450 1851 1791 1935 πολυμερῆ
1834 1853 1966 1917 τιόν
2013 1850 2417 1935 πραγμάτων
2459 1856 2570 1921 καὶ

228 1952 691 2036 πολυάσχολον
742 1960 1063 2039 μέριμναν
1075 2003 1093 2033 ,
1155 1952 1267 2019 ἐπὶ
1312 1950 1563 2036 μακρὸν
1607 1945 1846 2030 αὐτοὺς
1888 1959 2366 2034 κακουχεῒσθαι
2408 1976 2574 2039 συμ-

227 2060 449 2140 βαίνει
489 2056 597 2121 καὶ
638 2061 789 2141 βίον
835 2055 1041 2122 ἕλκειν
1078 2046 1393 2139 ὀδυνηρὸν
1421 2056 1528 2119 καὶ
1559 2051 2011 2136 πολύμοχθον.
2073 2052 2219 2121 ἐπεὶ
2254 2044 2368 2121 οὖν
2397 2051 2573 2123 οὕτω
2622 2079 2643 2101 ¹

230 2156 556 2236 πολλάκις
620 2163 1004 2241 συμβαίνειν
1080 2156 1266 2242 φιλεῖ
1318 2156 1426 2220 καὶ
1484 2153 1561 2219 τὸ
1617 2157 1891 2240 πρᾶγμα
1945 2156 2063 2241 τῆς
2117 2154 2576 2244 προσηκούσης

231 2258 448 2324 δεῖται
477 2256 925 2343 διορθώσεως,
961 2255 1438 2343 ἕστοχασμένην
1469 2255 1709 2341 ταύτην
1738 2259 1857 2321 τοῦ
1889 2256 2154 2335 δέοντος
2188 2255 2574 2342 ποιούμεθα

229 2356 350 2444 τὴν
393 2359 742 2445 διαίτησιν.
805 2358 1242 2444 διοριζόμεθα
1283 2356 1426 2443 γὰρ,
1477 2352 1577 2423 ἐπ’
1628 2352 1855 2435 ἀδείας
1901 2351 2068 2423 εἶναι
2110 2361 2204 2444 τῷ
2236 2358 2402 2428 κατὰ
2430 2385 2574 2426 και-

226 2459 388 2548 ροὺς
432 2455 777 2548 ἁγιωτάτῳ
821 2458 931 2527 καὶ
976 2459 1399 2546 οἷκουμενικῷ
1437 2457 1807 2547 πατριάρχῃ
1837 2461 1980 2546 τρὶς
2036 2458 2311 2528 ἑκάστου
2357 2460 2576 2530 ἐνιαυ-

230 2564 382 2642 τοῦ,
440 2559 638 2648 ἤγουν
680 2557 831 2629 καθ’
883 2561 1157 2650 ἕκάστηῦ
1200 2561 1603 2647 τετραμήνου
1648 2562 1994 2647 περίοδον,
2061 2561 2177 2629 τὸν
2220 2563 2387 2630 κατὰ
2430 2590 2576 2631 και-

229 2661 389 2749 ροὺς
428 2663 864 2748 βασιλεύοντα
909 2666 1063 2749 περὶ
1108 2667 1238 2729 τῶν
1282 2660 1655 2748 ὑπερορίων
1702 2657 2219 2751 ὖπομιμνήσκειν
2265 2669 2371 2733 καὶ
2416 2662 2576 2734 ἀνα-

233 2770 462 2852 φέρειν
507 2767 660 2852 περὶ
708 2760 953 2846 αὐτῶν,
1015 2760 1105 2843 ὥς
1148 2759 1259 2844 ἀν,
1314 2765 1374 2831 εἰ
1414 2766 1534 2848 μὲν
1580 2758 1950 2849 ἀρκούντως
1996 2764 2173 2844 δόξει
2215 2772 2578 2856 τετιμωρῆ-

233 2871 410 2932 σθαι
427 2869 470 2901 ²⁸
526 2862 562 2932 ὅ
620 2864 1016 2953 ἄνθρωπος,
1077 2870 1193 2953 τῆς
1246 2862 1606 2951 ὑπερορίας
1663 2860 2059 2950 ἀνακληθεὶς
2102 2868 2328 2936 οἴκαδε
2368 2870 2575 2937 πάλιν

235 2963 566 3056 ἀφῖχθαι·
613 2969 673 3035 εἰ
717 2970 789 3035 δέ
832 2994 899 3034 τι
944 2969 1152 3035 ἐνδεῖν
1197 2965 1368 3052 πρὸς
1410 2965 1681 3032 κόλασιν
1727 2964 1912 3046 ἄξιος
1946 2973 2264 3055 κρίνεται,
2298 2970 2470 3055 πρὸς
2497 2972 2576 3037 τὸ

237 3070 475 3136 δοκοῦν
518 3076 756 3155 μέτρον
800 3073 895 3157 τῷ
938 3067 1359 3156 βασιλεύοντι
1402 3057 1606 3144 αὖθις
1651 3065 1822 3154 ἒαθῇ
1856 3067 2361 3153 τιμωρούμενος.
2424 3066 2578 3138 οὐδὲ

235 3170 362 3258 γὰρ
407 3169 485 3235 τὸ
530 3171 702 3258 πρὸς
745 3166 935 3252 ἀξίαν
991 3174 1108 3258 τῆς
1149 3173 1281 3235 τῶν
1324 3172 1835 3254 μοχθηροτέρων
1877 3169 2209 3248 κολάσεως
2252 3164 2579 3257 ἀφαιρού-

235 3296 429 3357 μενοι
484 3271 601 3361 τὴν
658 3275 1064 3359 νομοθεσίαν
1119 3270 1360 3357 ταύτην
1418 3268 1807 3357 εἰσφέρομεν
1820 3321 1838 3350 ,
1900 3264 2036 3336 ἀλλ’
2085 3270 2153 3337 ἐν
2206 3267 2424 3360 ταύτῷ
2468 3277 2580 3341 καὶ

236 3377 354 3462 τῆς
396 3378 529 3441 τῶν
570 3366 744 3461 μεθ’
773 3370 944 3460 ἡμᾶς
982 3375 1310 3460 βασιλέων
1356 3377 1684 3458 σωτηρίας
1728 3371 2211 3458 φροντίζοντες,
2281 3378 2393 3441 καὶ
2436 3387 2580 3456 τοῖς

241 3470 503 3555 ἀθλίως
548 3478 769 3560 ἔχουσι
811 3475 927 3561 τὴν
974 3471 1112 3542 ἀπὸ
1155 3478 1271 3563 τῆς
1314 3472 1527 3559 λήθης
1571 3477 2081 3557 περιτρέποντες
2126 3473 2396 3559 ἄμυναν.

414 3581 642 3644 Ταῦτα
685 3568 801 3645 οὖν
842 3573 998 3665 ἡμῖν
1046 3574 1453 3661 ἐμμερίμνως
1496 3570 1857 3661 ήκρίβωται
1896 3577 2001 3641 καὶ
2032 3576 2425 3661 τετύπωται,
2471 3584 2580 3648 καὶ

237 3672 276 3742 ⁷5
326 3677 444 3746 ἐπὶ
487 3677 750 3758 τούτοις
794 3681 969 3745 πᾶσι
999 3682 1115 3766 τῆς
1147 3671 1480 3764 εύσεβείας
1510 3670 1691 3762 ἡμῶν
1723 3676 1996 3763 διαταγή
2033 3673 2121 3755 (ὗς
2151 3681 2335 3768 δεκτὴ
2368 3688 2580 3748 θυσία

238 3782 347 3846 καὶ
390 3781 793 3868 καλλιέρημα
834 3783 928 3867 τῷ
974 3783 1115 3866 θεῷ’
1161 3777 1690 3865 προσενήνεκται.
1782 3776 2071 3863 φυλάξαι
2115 3781 2426 3846 δὲταῦτα
2464 3787 2575 3849 καὶ

237 3892 384 3961 τοῖς
425 3877 579 3966 μεθ’
626 3879 802 3971 ἡμᾶς
830 3877 1361 3968 αὐτοκράτορσιν,
1407 3874 1565 3965 ἡμῖν
1593 3879 1715 3961 μὲν
1745 3870 2043 3944 εὐκταῖον
2072 3883 2184 3945 καὶ
2208 3883 2581 3966 περισπού-

243 3984 518 4051 δαστον·
565 3984 624 4052 εἰ
670 3985 741 4052 δὲ
783 3984 870 4071 μὴ
919 3984 1100 4051 δοκεῖ
1143 3982 1442 4060 ἐκείνοις,
1510 3981 1605 4064 τῷ
1650 3986 2236 4068 περιφρονουμένῳ
2282 3986 2424 4070 θεῷ’
2465 3989 2581 4073 τῆς

243 4083 362 4151 ἐπὶ
400 4084 666 4165 τούτοις
710 4085 1098 4172 ἐκδικήσεως
1139 4082 1439 4168 μελήσει·
1489 4070 1578 4146 ὧν
1625 4080 1914 4170 ἕκαστος,
1961 4081 2072 4146 ἵνα
2112 4079 2202 4169 μὴ
2248 4082 2354 4172 ἔχῃ
2386 4112 2587 4154 κατα-

248 4240 600 4250 ———-—--————

383 4321 417 4349 ¹⁷
455 4325 571 4376 eod.
609 4319 807 4391 τούτῳ.
882 4325 1158 4377 Emendavit
1195 4325 1352 4374 Wiuc.
1518 4320 1555 4349 ¹⁸
1592 4322 1659 4373 [ta
1696 4323 1820 4388 conj.
1860 4323 2017 4374 witto.
2090 4324 2207 4376 Cud.
2244 4320 2387 4382 δόξει
2423 4342 2479 4378 τε
2514 4344 2589 4378 τι·

239 4408 577 4474 μωρεῒσθαι.

354 4494 434 4543 ΙΙΙ.
2123 4493 2189 4542 22
