2900 4950
394 212 518 275 542
1287 226 1405 278 eun.
1443 228 1517 279 iv.
1586 227 1699 278 Nou.
1738 227 1873 278 κου.

397 381 573 454 „dem
620 379 798 440 nobis
839 377 1045 439 tradita
1092 375 1295 440 collata
1342 386 1502 451 sunt,
1548 377 2035 453 notificabuutur;
2081 378 2237 457 quod
2270 377 2493 441 scilieet
2520 381 2750 459 practi-

398 500 574 557 „cum
622 498 734 541 una
782 497 915 541 cum
959 478 1227 541 Faciendo
1287 478 1572 557 imperiali
1629 478 1929 540 adorando
1984 479 2334 558 chrysubulo
2386 481 2445 541 in
2490 482 2746 544 secretis

392 591 761 656 „sien-netum
829 597 1109 641 renovare
1167 596 1402 659 quoque
1458 580 1532 640 ab
1589 556 1828 641 inst'anti
1884 591 2150 659 tempore
2206 579 2585 659 largicionem
2641 603 2746 643 so-

394 683 649 758 „lemnis
693 691 896 743 nostre
940 681 1205 752 ecclesie,
1252 680 1702 760 quingentorum
1737 680 2001 743 videlicet
2031 700 2455 760 yperperorum
2501 692 2563 744 et
2588 684 2745 744 duo·

394 803 566 857 „rum
612 783 954 863 palliorum;
1011 782 1226 843 addere
1271 791 1464 842 autem
1511 791 1570 842 et
1613 782 1720 843 alia
1767 790 2001 843 centum
2048 801 2360 862 yperpera,
2420 792 2480 845 et
2521 783 2739 847 salaria

398 885 881 964 „archiepiscopo
925 882 1170 944 civitatis
1201 882 1466 943 Pisarum
1510 883 1810 962 sexaginta
1847 902 2178 945 annuorum
2222 902 2646 963 yperperorum
2676 896 2765 948 et*

399 986 620 1061 „unius
675 984 866 1064 pallii,
924 994 982 1045 et
1037 1001 1217 1062 super
1273 983 1384 1043 hec
1437 1002 1695 1062 persone
1739 983 2163 1064 archiepiscopi
2206 983 2387 1063 hujus
2428 986 2527 1063 qui
2575 1005 2741 1047 nunc

396 1097 534 1162 „est
575 1086 819 1147 civitatis
848 1085 1112 1149 Pisarum
1158 1085 1374 1145 addere
1419 1084 1528 1144 alia
1574 1102 1862 1163 yperpera
1904 1084 2319 1163 quam-agium
2363 1086 2587 1151 donare
2631 1106 2741 1148 au-

394 1199 555 1262 „tem
616 1187 846 1248 Pisanis
902 1196 962 1248 et
1017 1186 1077 1247 in
1134 1186 1206 1246 iis
1251 1204 1364 1264 que
1419 1186 1495 1245 de
1541 1185 1821 1247 Romania
1869 1185 1941 1246 ab
1983 1186 2131 1265 ipsis
2174 1196 2452 1246 emuntur
2492 1196 2555 1248 et
2595 1207 2740 1250 veu-

393 1290 674 1363 „dunum
723 1298 837 1349 tam
882 1288 944 1349 in
991 1307 1200 1365 magna
1243 1286 1392 1349 urbe
1434 1302 1609 1366 quam
1655 1287 1716 1347 in
1762 1287 1973 1348 ceteris
2002 1286 2288 1347 Romanie
2332 1287 2620 1368 partibus,
2669 1288 2738 1350 li-

392 1390 717 1465 „bertatem
764 1388 1099 1449 commercii
1142 1388 1350 1461 talem,
1407 1387 1597 1466 qualis
1641 1388 1772 1449 data
1819 1396 1912 1447 est
1953 1386 2038 1447 eis
2082 1387 2142 1448 in
2189 1388 2539 1467 chrysubulo
2585 1389 2737 1468 ipsis

393 1492 587 1566 „sacto
631 1508 868 1568 semper
911 1487 1274 1549 memorandi
1320 1488 1711 1567 imperatoris,
1758 1488 1980 1548 domini
2028 1489 2226 1563 Alexii‚
2272 1489 2331 1549 in
2376 1489 2450 1551 iis
2494 1509 2613 1569 que
2658 1492 2737 1553 de

393 1590 608 1667 „terris
667 1608 785 1651 non
845 1588 1286 1668 subjacentibus
1341 1588 1603 1649 servituti
1658 1588 1888 1667 imperii
1946 1587 2300 1650 Romeorum
2357 1589 2430 1650 ab
2477 1591 2628 1670 ipsis
2673 1593 2733 1653 in

395 1710 709 1770 „magnam
773 1690 977 1752 urbem
1035 1690 1383 1764 afferentur,
1443 1708 1797 1768 quamquam
1854 1708 1924 1750 ex
1979 1689 2315 1769 hujusmodi
2380 1691 2737 1771 chrysubulo

391 1802 714 1872 „appareat
757 1810 859 1852 eos
904 1787 1120 1852 debere
1164 1792 1305 1851 dare
1348 1790 1753 1852 commertium
1799 1792 1859 1851 in
1904 1790 1996 1864 iis,
2041 1791 2367 1852 secundum
2413 1793 2572 1872 quod
2619 1794 2737 1874 ipsi

391 1893 669 1968 „Romei;
716 1892 1006 1954 licentiam
1053 1911 1188 1953 vero
1232 1893 1373 1953 dare
1418 1892 1591 1953 nobis
1635 1891 1844 1970 agendi
1877 1891 2201 1952 secundum
2238 1891 2402 1971 leges
2444 1894 2507 1953 in
2555 1914 2738 1974 quos·

391 1996 566 2069 „dam
611 1994 884 2054 homiues
927 1994 1143 2074 ipsiuS‚
1202 1993 1302 2071 qui
1359 1993 1588 2054 servitia
1647 2001 2042 2053 tractaverunt
2096 1992 2223 2054 fisci
2275 2002 2334 2053 et
2376 1994 2733 2071 quibusdam

391 2095 662 2171 „Pisanis
705 2094 1050 2173 injustitiam
1095 2094 1437 2168 intulerunt,
1484 2093 1709 2175 eoque⁸
1754 2092 2099 2172 petebamus
2143 2094 2379 2173 quidem
2424 2095 2500 2155 ab
2544 2095 2736 2175 impe·

392 2197 562 2271 „riali
608 2197 886 2258 thesauro
932 2196 1185 2275 dampna
1243 2195 1400 2256 illata
1457 2195 1806 2273 quibusdam
1852 2194 2081 2257 Pisanis
2125 2215 2159 2255 a
2205 2195 2497 2257 defunctis
2540 2196 2738 2259 homi·

393 2298 612 2372 „uibus
668 2296 1032 2358 celsitudinis
1088 2297 1248 2375 ejus,
1307 2316 1428 2357 non
1487 2306 1681 2358 autem
1740 2295 1992 2358 exauditi
2048 2296 2264 2359 suimus
2321 2297 2599 2375 quoniam
2646 2300 2736 2360 rei

391 2417 809 2478 „nequaquam
855 2397 1232 2477 reperiuntur
1275 2397 1528 2478 ideoque
1560 2398 1789 2477 negotia
1820 2414 1941 2458 non
1978 2406 2148 2459 eraut
2190 2398 2517 2471 manifesta,
2566 2409 2629 2460 et
2658 2401 2737 2461 ob

389 2501 588 2575 „hanc
630 2518 754 2560 rem
799 2498 1138 2560 desistimus
1182 2500 1255 2561 ab
1300 2500 1372 2561 iis
1415 2509 1662 2579 sponte,
1706 2499 1837 2559 sine
1880 2499 2035 2560 illata
2080 2498 2250 2561 uobis
2296 2500 2344 2559 vi
2391 2500 2607 2579 aliqua,
2655 2502 2737 2564 ob

391 2600 922 2675 „restaurationem
966 2617 1075 2679 pro
1119 2600 1192 2661 iis
1236 2611 1300 2662 ut
1343 2600 1617 2680 superius
1660 2600 1879 2662 dictum
1925 2601 2253 2662 estfactum
2294 2601 2584 2663 universis
2628 2603 2738 2664 ha·

392 2700 783 2776 „hitatoribus
826 2700 1072 2761 civitatis
1116 2711 1174 2761 et
1214 2710 1368 2762 terre
1412 2701 1657 2776 Pisane3
1723 2702 2061 2781 recepimus·
2106 2701 2445 2781 hujusmodi
2488 2702 2739 2782 placens

391 2801 608 2876 „uobis
653 2801 981 2881 largifluum
1025 2821 1243 2864 munus
1286 2802 1647 2866 serenissimi
1705 2814 1764 2864 et
1806 2822 2042 2882 semper
2085 2803 2313 2880 augusti
2357 2803 2738 2883 imperatoris

388 2902 656 2977 „domini
700 2902 909 2964 lsaakii
955 2903 1188 2982 Augen,
1250 2905 1407 2983 quod
1469 2904 1783 2984 Imperium
1841 2904 1971 2983 ejus
2015 2914 2282 2966 sanctum
2328 2914 2529 2966 nostre
2577 2917 2738 2968 terre

389 3005 585 3079 „secit‚
634 3005 1008 3122 iffioblivioni
1056 3006 1353 3066 tradentes
1397 3006 1592 3066 omnia
1628 3024 1745 3085 que
1773 3005 2070 3084 petiimus‚
2115 3016 2178 3066 ut
2209 3004 2425 3067 dictum
2458 3015 2570 3082 est,
2616 3027 2737 3088 que

394 3117 494 3180 „et
522 3125 795 3188 supernus
823 3107 1063 3168 recitata
1096 3116 1253 3179 sunt,
1285 3106 1562 3186 quoniam
1596 3107 1832 3185 quidem
1865 3119 1924 3168 et
1952 3105 2270 3184 Imperium
2299 3106 2428 3186 ejus
2458 3120 2737 3171 sanctum

392 3208 872 3284 „abolicioue[m]
920 3208 1310 3287 dampnorum
1367 3227 1556 3287 usque
1612 3226 1772 3269 nunc
1826 3207 2164 3286 bomipibus
2207 3208 2489 3268 Romauie
2540 3209 2743 3272 illato-

389 3329 562 3385 „rum
609 3309 779 3369 nobis
824 3309 1014 3370 facere
1044 3309 1342 3387 dignatum
1376 3318 1496 3382 est;
1543 3327 1676 3370 ecce
1708 3327 1817 3389 per
1844 3327 2091 3388 presens
2122 3310 2401 3388 scriptum
2436 3320 2742 3384 nostrum,

390 3410 658 3485 „debens
714 3418 772 3471 et
825 3410 1114 3489 corporali
1161 3418 1529 3471 sacramento
1575 3420 1778 3471 nostro
1834 3429 1902 3470 ac
1945 3410 2471 3489 subscriptionibus
2514 3430 2741 3474 manus

389 3520 663 3585 „nostre‚
731 3510 1050 3590 sigillisque
1094 3511 1473 3572 ecclesiarum
1520 3511 1579 3570 in
1624 3530 1834 3590 magua
1881 3510 2025 3571 urbe
2069 3510 2440 3572 existentium
2487 3512 2744 3574 Pisano·

389 3630 594 3687 ‚‚rum‚
642 3612 855 3672 summi
903 3611 1149 3692 apostoli
1197 3611 1348 3671 Petri
1395 3621 1456 3673 et
1499 3613 1683 3674 sancti
1730 3612 1970 3685 Nicolai‚
2017 3611 2415 3687 corroborari,
2475 3632 2744 3678 couven-

388 3714 650 3790 „tionem
696 3713 938 3773 facimus
981 3713 1054 3772 ad
1102 3712 1417 3792 Imperium
1464 3714 1593 3793 ejus
1623 3724 1910 3788 sanctum,
1957 3714 2206 3774 heredes
2250 3726 2310 3774 et
2351 3733 2742 3778 successores

388 3815 580 3896 ‚‚ejus‚
628 3824 687 3876 et
729 3814 800 3874 ad
848 3814 1035 3893 ipsam
1083 3814 1462 3878 Romaniam:
1516 3815 1671 3894 quod
1717 3814 2048 3878 observabit
2090 3815 2289 3876 civitas
2334 3824 2394 3876 et
2437 3826 2590 3878 terra
2642 3818 2748 3878 Pi·

390 3935 576 3993 „sana
624 3925 683 3977 et
723 3915 850 3995 ipsa
896 3924 1176 3996 potestas,
1223 3926 1280 3977 et
1324 3916 1425 3996 qui
1472 3936 1579 3997 per
1620 3927 1882 3996 tempora
1916 3925 2093 3980 eruut
2123 3925 2429 3978 senatores
2459 3928 2563 3979 aut
2591 3937 2749 3980 con-

392 4017 639 4091 „siliarii
682 4017 802 4077 sive
847 4016 1121 4078 consules
1165 4028 1268 4081 aut
1309 4026 1629 4099 potestates
1658 4025 1719 4077 et
1749 4017 2040 4098 capitanei
2083 4027 2144 4079 et
2182 4026 2463 4092 rectores,
2506 4019 2753 4099 ipsum-

390 4137 552 4197 „que
608 4137 920 4180 commune
976 4118 1189 4180 Pisane
1245 4118 1519 4193 civitatis,
1582 4137 1651 4180 ea
1707 4137 1822 4201 que
1877 4137 2057 4198 supra
2122 4118 2440 4180 nominatis
2495 4139 2755 4202 semper

526 4331 544 4361 ³
572 4318 723 4384 'Forte
759 4351 812 4386 ee
847 4340 988 4400 quod.
