2900 4950
1206 248 1322 311 Imp.
1365 249 1552 298 Leonis.
2440 241 2555 304 163

1153 447 1322 508 NOV.
1371 447 1590 509 van.

523 563 608 625 De
655 564 972 642 transfugis
1017 565 1087 624 ad
1137 565 1356 640 hosteS‚
1404 566 1503 646 qui
1550 575 1761 647 sponte
1808 574 2230 634 revertuntur¹.

1044 734 1555 811 ΔΙΑΤΑΞΙΣ
1600 733 1722 822 ξζ·

203 867 396 961 Περὶ
451 876 608 942 τῶν
660 866 1340 962 αὐτομολησάντων
1403 866 1586 964 πρὸς
1649 869 1971 966 ἐχθροὺς
2021 871 2146 945 καὶ
2200 876 2549 961 ἑκουσίως

1071 990 1669 1062 ἐπανελθόντων.

719 1134 777 1187 Ὁ
815 1131 1027 1190 αὐτὸς·
1059 1134 1393 1200 βασιλεὺς·
1427 1135 1704 1203 στυλιανῷ
1739 1140 1816 1204 τῷ
1853 1133 2017 1206 αὐτῷ.

371 1239 502 1302 Καὶ
547 1236 625 1302 τὸ
672 1235 836 1322 ἄγαν
883 1229 1209 1323 αὐστηρὸν
1254 1239 1363 1302 καὶ
1408 1231 1772 1322 ἀπότομον,
1821 1242 1927 1305 καὶ
1972 1239 2050 1305 τὸ
2095 1242 2242 1308 λίαν
2274 1239 2546 1311 ὑπεῖκον

197 1341 324 1406 καὶ
357 1340 561 1405 πλέον
603 1331 647 1424 ἢ
677 1340 971 1426 προσῆκε
1002 1337 1514 1425 φιλάνθρωπον,
1565 1337 1814 1422 ὁμοίως
1844 1334 2192 1428 ἀμφότερα
2218 1347 2337 1410 τοῦ
2369 1339 2547 1431 ὠφε-

200 1440 396 1523 λίμου
441 1439 518 1504 τὸ
561 1438 811 1525 βλάβος
856 1439 1003 1522 ἔχει.
1095 1434 1134 1504 ὅ
1175 1465 1250 1506 τε
1290 1437 1411 1525 γὰρ
1457 1442 1551 1526 τῷ
1599 1434 1922 1527 ἀποτόμῳ
1970 1436 2266 1529 ἀμέτρως
2292 1446 2545 1531 χρώμε-

203 1563 322 1619 νος
373 1548 479 1606 καὶ
539 1536 574 1606 ὃ
630 1540 709 1606 τὸ
755 1541 1040 1618 ἐπιεικὲς
1084 1538 1366 1625 ἄκρατον
1413 1546 1663 1628 φέρων,
1725 1541 2058 1628 ἑκάτερος,
2120 1545 2240 1612 κᾶν
2284 1574 2356 1614 τε
2401 1546 2544 1627 ἑνός

199 1665 384 1721 τινος
439 1639 518 1708 ἅν
557 1667 632 1709 τε
676 1643 886 1721 οἰκίας
931 1640 1011 1708 ἄν
1055 1667 1126 1708 τε
1168 1642 1429 1721 πόλεως
1475 1642 1799 1731 ἐπιστατῇ
1814 1696 1830 1723 ,
1894 1645 1986 1723 εἷς
2030 1646 2107 1712 τὸ
2155 1642 2545 1736 ἀσύμφορον

200 1744 300 1827 εἴη
348 1739 427 1810 ἂν
471 1751 618 1822 τοῖς
658 1739 770 1810 ὑπ’
821 1739 1022 1810 αὐτοῦ
1061 1745 1543 1828 διοικουμένοις
1572 1744 2089 1832 έγκεχειρημένος
2118 1748 2234 1835 τὴν
2266 1749 2545 1816 ἐπιστα-

198 1851 367 1912 σίαν.
454 1845 573 1933 χρὴ
629 1845 751 1931 γὰρ
795 1845 911 1911 τὸν
953 1846 1170 1923 καλῶς
1215 1844 1775 1931 ἑπιστατήσοντα,
1838 1844 2064 1931 ὥσπερ
2109 1854 2242 1916 τῶν
2283 1848 2542 1935 χωρίων

197 1945 282 2013 τά
337 1944 618 2031 εὕκρατα
671 1949 778 2012 καὶ
833 1945 1005 2031 πρὸς
1049 1943 1268 2032 ὑγείαν
1314 1947 1661 2035 ἐπιτήδεια
1701 1947 1938 2030 μικτοὶς
1983 1949 2111 2030 ἔχει
2157 1957 2543 2034 συμμέτρως

197 2047 316 2126 τὰς
358 2050 475 2113 τοῦ
522 2042 716 2132 ἀέρος
760 2048 1120 2127 διαθέσεις,
1168 2045 1344 2113 οὕτω
1386 2052 1493 2114 καὶ
1534 2043 1731 2114 αὐτὸν
1764 2047 2071 2131 εὔκρατον
2105 2050 2336 2116 ἑαυτὸν
2368 2077 2540 2134 παρ-

198 2155 366 2232 έχειν
407 2152 487 2236 τῆ
534 2149 869 2272 ἐμμέτρῳ2
911 2147 1081 2233 πρὸς
1104 2147 1240 2270 “thr
1274 2155 1741 2235 συμφέρουσαν
1774 2150 2171 2216 ἐπιστασίαν
2199 2152 2376 2233 μίξει
2407 2156 2538 2217 τῶν

199 2251 602 2330 διαθέσεων,
663 2253 768 2315 καὶ
822 2250 986 2337 μήτε
1041 2254 1136 2336 τῷ
1194 2245 1516 2336 ἀποτόμῳ
1561 2250 1767 2335 βαρὺν
1811 2254 1916 2317 καὶ
1964 2247 2301 2339 ἀφόρητον
2347 2248 2535 2333 εἶναι,

193 2351 358 2439 μήτε
399 2355 493 2438 τῷ
538 2357 711 2437 πέρα
753 2355 870 2418 τοῦ
915 2375 1364 2438 προοηκοντος
1409 2351 1690 2418 ἐπιεικεῖ
1731 2360 2399 2440 καταπεφρονηκένον
2430 2358 2537 2421 καὶ

197 2449 677 2542 άνηγεμονικόν.
770 2449 937 2539 ὅπερ
995 2456 1109 2519 οὖν
1169 2453 1280 2519 ἐπὶ
1329 2448 1521 2538 ἀέρος
1567 2455 1815 2540 φαμὲν,
1875 2457 2072 2521 τοῦτο
2118 2455 2387 2534 πάντως
2429 2458 2538 2523 καὶ

196 2555 312 2623 ἐπὶ
357 2555 575 2640 νόμων
620 2552 889 2640 ἁρμόζει
932 2554 1290 2635 σώζεσθαι.
1378 2556 1497 2643 χρὴ
1541 2555 1663 2642 γὰρ
1707 2555 1862 2635 τοὺς
1906 2557 2164 2640 νόμους,
2213 2554 2537 2644 ἦγειιόνας

196 2653 288 2736 ὥς
332 2653 605 2744 ἀληθῶς
648 2660 764 2742 τῆς
807 2657 1152 2735 πολιτείας
1196 2653 1408 2736 ὄντας,
1446 2654 1525 2743 ἣν
1559 2652 1749 2723 εἷπον
1779 2663 2013 2744 κρᾶσιν
2044 2658 2533 2747 διαφυλάττειν,

192 2762 305 2825 καὶ
361 2759 534 2844 πρός
586 2784 658 2826 τε
712 2754 1090 2842 ἀποτομίαν
1144 2761 1251 2824 καὶ
1311 2760 1835 2846 φιλανθρωπίαν
1897 2761 1985 2847 μὴ
2054 2760 2240 2847 παρὰ
2296 2767 2536 2846 μέτρον

196 2856 389 2946 ὁρᾶν,
450 2862 516 2927 εἴ
566 2886 640 2946 γε
691 2861 992 2944 μέλλοιεν
1037 2860 1103 2926 οἱ
1148 2856 1289 2927 ἐπ’3
1332 2860 1603 2940 ἐκείνοις
1644 2858 1961 2947 ὑγιαίνειν
2008 2862 2532 2946 πολιτευόμενοι.

194 2966 402 3029 ταῦτα
457 2958 614 3049 ἡμῖν
670 2963 927 3048 λέγεται
982 2960 1153 3047 πρὸς
1206 2961 1323 3048 τὴν
1380 2958 1756 3046 ἀποτομίαν
1816 2958 2090 3047 ὁρῶσιν,
2150 2961 2229 3049 ἢν
2289 2959 2324 3027 ὅ
2371 2963 2536 3029 κατὰ

193 3068 327 3130 τῶν
372 3063 466 3142 εἷς
508 3065 869 3147 πολεμίους
903 3057 1497 3148 αὐτομολησάντων
1527 3069 1821 3146 κείμενος
1852 3063 2083 3146 νόμος“
2116 3062 2530 3129 ἐνδείκνυται.

191 3164 503 3250 βούλεται
543 3164 665 3250 γὰρ
709 3163 824 3230 τὸν
867 3158 1377 3250 ηὗτομοληκότα,
1426 3165 1493 3230 εἲ
1532 3188 1698 3231 ποτε
1743 3164 1914 3249 πρὸς
1955 3164 2214 3250 γνώμην
2251 3188 2535 3246 μεταμε-

193 3268 375 3345 λείας
417 3267 556 3333 ’ίδοι
596 3268 708 3333 καὶ
750 3264 827 3331 τὸ
872 3265 1212 3352 προλαβὸν
1270 3260 1623 3352 ἁμάρτημα
1668 3264 1781 3332 διὰ
1822 3268 1939 3352 τῆς
1982 3263 2152 3349 πρὸς
2194 3262 2279 3330 τὰ
2324 3263 2535 3329 οἰκεῖα

195 3368 705 3455 ἐπαναστροφῆς
751 3366 1080 3434 ἰάσασθαι
1124 3370 1459 3454 βουληθῇ,
1523 3367 1786 3433 ἔκδοτον
1832 3366 1925 3445 εἰς
1966 3368 2218 3451 βρῶσιν
2262 3370 2535 3452 θηρίοις

190 3475 501 3554 γίνεσθαι
551 3463 597 3557 ἢ
654 3464 1322 3549 ἀνασκολοπίζεσθαι.
1411 3473 1609 3535 τοῦτο
1655 3468 1804 3554 ἐμοὶ
1846 3469 2099 3556 πολλῆς
2152 3468 2275 3553 μὲν
2316 3466 2535 3533 αἴτιον

188 3571 438 3657 βλάβης
493 3574 574 3658 τῇ
632 3573 942 3659 πολιτείᾳ
999 3572 1195 3651 δοκεῖ,
1250 3569 1503 3656 πολλὴν
1550 3571 1620 3637 δὲ
1663 3573 1768 3637 καὶ
1814 3574 1945 3636 τῶν
1990 3568 2161 3655 πρὸς
2206 3574 2533 3656 σωτηρίαν

193 3669 603 3757 ὃδηγούντων
649 3674 980 3757 λογισμῶν
1026 3667 1395 3759 ἀποφέρειν
1437 3671 1554 3759 τὴν
1599 3672 2038 3758 ἐναντιότητα.
2101 3667 2380 3756 ἀνάγκην
2408 3670 2532 3756 γὰρ

193 3773 428 3859 ἐπάγει
480 3784 626 3852 τοῖς
668 3774 839 3858 πρὸς
881 3773 1037 3851 τοὺς
1079 3775 1442 3858 πολεμίους
1487 3769 1979 3860 αὐτομολήσασι
2023 3772 2357 3857 μηδέποτε
2400 3773 2532 3835 τῶν

192 3875 450 3942 οἰκείων
507 3879 921 3962 μεμνῆσθαι,
980 3875 1148 3962 μηδὲ
1201 3879 1317 3962 τῆς
1361 3876 1532 3960 πρὸς
1574 3875 1690 3961 τὴν
1735 3876 2029 3956 πατρίδα
2073 3871 2535 3957 ἐπαναδρομῆς

191 3971 680 4062 ἀναλαμβάνειν
736 3976 851 4043 τὸν
910 3977 1137 4062 ἔρωτα.
1229 3974 1445 4054 οὐδεὶς
1488 3976 1639 4061 γὰρ,
1702 3971 1886 4051 ὅστις
1930 3970 2237 4057 τοιαύτην
2282 3970 2535 4054 ἐκδεχο-

195 4126 306 4132 ——n—
339 4126 734 4133 -————-.-.-.-—.--—

326 4197 340 4224 ¹
392 4199 490 4251 Ed.
527 4201 642 4251 Nov.
677 4199 762 4251 33.
831 4200 1070 4263 Auegatur
1115 4203 1164 4251 iu
1213 4201 1355 4250 Basil.
1394 4200 1471 4249 ed.
1508 4198 1692 4248 Heimb.
1731 4198 1763 4245 V
1800 4213 1847 4262 p.
1867 4197 1965 4247 868
2015 4203 2063 4245 et
2098 4196 2255 4244 Harm.
2293 4197 2363 4257 vl,
2398 4195 2447 4259 8,
2484 4196 2531 4245 4.

189 4280 457 4348 ²Scrimg.
507 4275 742 4351 οἴκτρῳ,
796 4300 851 4335 ex
888 4301 988 4351 quo
1024 4286 1187 4348 steph.
1227 4277 1531 4350 ἰσομέτρῳ,
1580 4283 1708 4346 Agyl.
1747 4276 2069 4347 συμμέτρῳ,
2122 4281 2247 4331 Beck
2280 4272 2531 4347 ἐμμέτρῳ

190 4368 472 4418 effecerunt.
613 4367 822 4419 'Malim
861 4361 967 4418 ὑπ’.
1113 4366 1354 4418 Videsis
1390 4369 1421 4417 Ι.
1459 4368 1491 4418 3
1528 4363 1576 4432 5.
1606 4368 1664 4418 10
1702 4367 1738 4416 D
1777 4366 1836 4415 de
1872 4381 1924 4415 re
1961 4365 2168 4415 militm-i.

2028 4449 2129 4498 ll*
