2900 4950
262 273 273 285 .
309 227 436 294 306
1155 239 1274 291 Con.
1313 240 1385 290 lv.
1454 239 1570 290 Nov-
1609 239 1805 292 XXXIV.

308 390 427 479 τὴν
470 384 834 476 ἀπαίτησιν
861 386 1029 456 κατὰ
1054 386 1172 454 τὸν
1199 380 1424 475 ἀληθῆ
1457 386 1712 455 σκοπὸν
1738 389 1857 474 τῆς
1886 384 2200 476 τοιαύτης
2225 388 2670 474 προστάξεως

312 487 404 572 ὥς
445 493 553 558 καὶ
598 485 906 577 ἀνωτέρω
949 492 1266 574 καθαρῶς
1309 488 1617 577 ἐδηλώθη
1661 492 1768 556 καὶ
1799 489 1966 557 κατὰ
1989 494 2209 576 μέρος.
2275 511 2668 573 mammo·-

310 593 502 680 θήτω
548 582 665 660 οὖν
709 592 805 672 εἷς
849 592 1104 679 ε’ίδησιν
1146 587 1186 677 ἡ
1232 594 1544 675 παροῦσα
1588 588 1776 669 λύσις
1816 593 1933 677 τῆς
1971 590 2322 676 βασιλείας
2343 613 2498 674 μου.
2542 588 2661 656 τὸ·

310 700 463 783 μηνὶ
490 701 1015 783 φεβρουαρίῳ
1047 693 1167 760 lvd.
1191 692 1276 776 β’,
1302 692 1417 759 διὰ
1430 692 1831 778 γραμμάτων
1856 691 2158 778 ἔρυθρῶν
2188 695 2305 760 τοῦ
2335 695 2659 778 κραταιοῦ

312 799 422 866 καὶ
467 793 659 884 ἁγίου
706 790 890 883 ἡμῶν
930 796 1291 882 βασιλέως,
1348 798 1458 862 καὶ
1514 791 1553 882 ἡ
1611 795 1726 862 διὰ
1768 797 1966 882 κηροῦ
2011 792 2309 882 συνήθης
2351 800 2661 882 σφραγίς.

315 893 447 982 εἶχε
476 896 726 966 καὶτὸ·
769 897 1200 985 κατεστρώθη
1244 899 1362 963 τοῦ
1406 897 1774 982 λογοθέτου
1816 898 1925 966 καὶ
1967 898 2085 962 τοῦ
2128 894 2416 982 μεγάλου
2460 897 2664 982 λογα-

314 1023 610 1087 ριαστου.

483 1099 566 1187 β’.
648 1095 747 1167 Ἑν
802 1103 881 1189 τῇ
940 1094 1104 1188 αὐτῇ
1165 1105 1362 1168 θέσει
1415 1096 1684 1188 εὕρηται
1738 1100 1845 1166 καὶ
1903 1099 2094 1185 ἑτέρα
2145 1097 2364 1187 γραφη
2419 1098 2664 1182 ἔχουσα

317 1223 563 1282 ουτως·
2665 1221 2676 1228 ·

486 1305 675 1392 Μηνὶ
720 1300 1142 1391 αὖγούστῳ
1178 1302 1272 1371 ιδ’
1305 1300 1516 1391 ἡμέρᾳ
1548 1303 1606 1384 ζ’
1644 1303 1764 1369 ἰνδ.
1794 1302 1856 1388 β’
1889 1301 2320 1389 κατεστρώθη
2352 1297 2661 1390 ὑπομνη-

320 1405 543 1474 στικὸν
599 1409 717 1473 τοῦ
773 1408 1028 1491 γενικοῦ
1086 1406 1450 1492 λογοθέτου
1506 1406 1705 1490 κυροῦ
1748 1408 2151 1491 γεωργίου
2195 1405 2312 1476 τοῦ
2353 1426 2666 1472 σπανο-

322 1507 600 1575 πώλου
644 1512 950 1590 περιέχον
994 1502 1239 1585 οὕτως·

491 1606 816 1675 Δέσποτά
855 1630 985 1690 μου
1029 1604 1191 1693 ἅγιε.
1279 1609 1397 1695 τῆς
1439 1601 1866 1694 ἀπαιτήσεως
1919 1607 2051 1672 τῶν
2103 1606 2270 1685 κατὰ
2310 1605 2428 1695 τὴν
2472 1606 2664 1680 δόσιν

323 1709 743 1794 δημοσιακῶν
786 1708 1201 1794 τελεσμάτων
1245 1709 1414 1775 κατὰ
1456 1707 1573 1797 τὴν
1602 1708 2080 1793 παρελθοῦσαν
2111 1706 2186 1775 ιε’
2237 1708 2359 1775 ἰνδ.
2405 1711 2514 1776 καὶ
2541 1707 2664 1796 τὴν

319 1805 457 1897 μετ’
505 1805 709 1899 αὐτὴν
754 1808 813 1876 α’
862 1810 974 1878 ἐπὶ
1005 1811 1219 1932 ,ζημίᾳ
1260 1814 1395 1878 τῶν
1435 1807 1746 1897 ὑπηκόων
1774 1812 1891 1896 τῆς
1934 1805 2126 1895 ἆγίας
2165 1811 2511 1895 βασιλείας
2539 1833 2664 1880 σου

322 1913 699 2000 προβάσης,
770 1907 883 1979 οἷα
941 1916 1075 1980 τῶν
1133 1914 1482 2001 διοικητῶν
1538 1912 1615 1979 τὸ
1683 1911 1923 1999 ταύτης
1986 1911 2663 1998 παρερμηνευσάντων

323 2013 738 2100 πρόσταγμα,
785 2016 891 2082 καὶ
937 2015 1014 2082 τὸ
1055 2016 1177 2101 μὲν
1217 2014 1521 2101 χάραγμα
1564 2014 1679 2081 διὰ
1707 2011 2133 2098 νομισμάτων
2175 2009 2661 2094 ἀπαιτούντων,

321 2115 406 2183 τὰ
462 2117 535 2185 δὲ
591 2115 804 2183 λεπτὰ
862 2113 1091 2204 ψηφία
1147 2116 1265 2184 ἐπὶ
1316 2119 1449 2183 τῶν
1508 2116 1591 2202 ιβ’
1636 2116 2118 2202 μιλλιαρησίων
2159 2118 2254 2202 τῷ
2306 2122 2667 2201 νομίσματι

326 2217 881 2302 συμποσοὺντων,
926 2217 1043 2284 καὶ
1080 2212 1227 2285 άντὶ
1271 2217 1523 2285 τούτων
1564 2216 1620 2304 γ’
1667 2224 2045 2301 νομίσματα
2088 2217 2665 2304 εἰσπραττομένων

326 2317 529 2408 ἤγουν
575 2314 720 2387 άντὶ
752 2319 1231 2407 μιλλιαρησίων
1263 2319 1329 2386 δ’
1379 2319 1670 2404 νόμισμα
1699 2321 1787 2398 ἓν,
1834 2315 2232 2406 ὑπεμνήσθη
2264 2319 2401 2405 πρὸ
2427 2323 2666 2406 μικροῦ

322 2421 401 2489 τὸ
446 2429 641 2493 θεῖον
685 2419 922 2509 κράτος
967 2444 1109 2500 σου,
1156 2426 1265 2492 καὶ
1310 2420 1424 2491 διὰ
1468 2424 1794 2509 σεβαστῆς
1837 2422 2207 2508 προσέταξε
2250 2419 2527 2504 λύσεως,
2583 2423 2664 2490 τὸ

321 2527 443 2610 μὲν
484 2525 790 2610 χάραγμα
820 2522 933 2590 διὰ
975 2530 1263 2610 τραχέων
1294 2523 1574 2610 ὂὶσπρων
1604 2523 2028 2609 νομισμάτων
2065 2520 2538 2604 ἀπαιτεῖσθαι,
2579 2524 2666 2592 τὰ

326 2628 399 2695 δὲ
442 2626 656 2694 λεπτὰ
702 2632 930 2714 ψηφία
986 2626 1099 2693 διὰ
1156 2633 1444 2712 νουμίων
1495 2628 1783 2710 χαλκῶν,
1843 2626 2403 2713 καταλογίζεσθαι
2456 2628 2528 2694 δὲ
2581 2625 2668 2695 τὰ

326 2733 566 2812 νουμία
610 2726 722 2794 ἐπὶ
767 2730 899 2795 τῶν
945 2727 1008 2795 δ’
1055 2729 1537 2816 μιλλιαρησίων
1572 2730 1665 2815 τῷ
1696 2734 2074 2813 νομίσματι,
2121 2725 2295 2799 ὥστε
2322 2729 2439 2797 τὸν
2463 2754 2668 2814 χρεω-

327 2832 614 2898 στοῦντα
658 2844 687 2895 ῑ
728 2837 1135 2914 νομίσματος
1177 2830 1441 2898 διδόναι
1481 2830 1915 2917 μιλλιαρήσια
1951 2829 2014 2917 β’
2063 2837 2351 2914 νουμίων
2390 2832 2664 2914 χαλκῶν,

326 2933 435 3000 καὶ
483 2927 651 3017 ὑπὲρ
693 2934 812 2998 τοῦ
855 2930 929 3018 γ”
976 2930 1440 3018 μιλλιαρήσιον
1472 2931 1530 2998 α’
1579 2931 1852 3021 φόλλεις
1877 2932 1959 3020 η’,
2006 2928 2175 3018 ὖπὲρ
2217 2935 2338 3000 τοῦ
2383 2930 2471 3000 δ”
2515 2933 2668 3012 μιλ-

326 3032 671 3121 λιαρήσιον
716 3034 798 3115 α’,
846 3029 1014 3119 ὑπὲρ
1058 3037 1177 3101 τοῦ
1210 3033 1284 3116 ς”
1332 3034 1605 3121 φόλλεις
1648 3032 1755 3115 ις’,
1801 3029 1970 3119 ὑπὲρ
1999 3037 2116 3101 τοῦ
2149 3033 2224 3121 η”
2249 3033 2525 3122 φόλλεις
2553 3032 2662 3117 ιβ’,

329 3132 498 3222 ὑπὲρ
550 3138 667 3203 τοῦ
712 3134 819 3221 ιβ’
869 3135 1142 3224 φόλλεις
1182 3133 1263 3223 η’,
1324 3131 1493 3221 ὑπὲρ
1547 3137 1666 3202 τοῦ
1710 3135 1824 3202 κδ’
1874 3135 2145 3224 φόλλεις
2189 3135 2277 3216 δ’,
2335 3138 2442 3205 καὶ
2498 3131 2667 3222 ὑπὲρ

326 3240 445 3304 τοῦ
472 3235 600 3325 μη”
635 3236 907 3331 φόλλεις
931 3235 1016 3324 β’.
1084 3234 1258 3303 οὕτω
1302 3239 1418 3325 τῆς
1462 3241 1915 3325 προσκυνητῆς
1955 3237 2197 3326 ταύτης
2239 3237 2508 3322 ἐχούσης
2549 3236 2666 3303 λύ-

329 3362 516 3418 σεως,
562 3340 738 3416 τινὲς
782 3338 896 3405 διὰ
940 3339 1202 3417 πόλεως
1246 3338 1591 3406 εἰωθότων
1620 3341 1833 3407 τελεῖν
1866 3339 1952 3406 τὰ
1993 3335 2316 3426 ἀνήκοντα
2344 3344 2486 3416 τοῖς
2514 3337 2668 3425 κτή-

327 3463 533 3526 μασιν
590 3432 808 3506 αὗτῶν
866 3438 1154 3523 δημόσια
1206 3441 1557 3523 μέλλοντες
1614 3451 1980 3529 παρασχεῖν
2024 3440 2109 3511 τὰ
2147 3444 2269 3526 μὲν
2314 3441 2427 3509 διὰ
2466 3441 2670 3526 χαρά-

327 3564 577 3627 γματος
639 3540 791 3627 τέλη
856 3540 969 3607 διὰ
1030 3540 1454 3625 νομισμάτων
1521 3544 1627 3608 καὶ
1687 3543 2032 3631 ζητοῦνται
2084 3547 2194 3611 καὶ
2248 3548 2668 3628 παρέχουσιν,

330 3637 650 3721 ὡσαύτως
691 3639 805 3710 καὶ
846 3640 931 3707 τὰ
973 3641 1186 3709 λεπτὰ
1230 3650 1461 3731 ψηφία
1494 3644 1608 3711 διὰ
1637 3642 1944 3730 νουμίων,
1990 3643 2156 3712 κατά
2197 3644 2275 3713 τὸ
2318 3647 2437 3732 τῆς
2477 3651 2673 3728 βασι-

329 3744 513 3824 λείας
556 3765 676 3811 σου
721 3741 1136 3829 πρόσταγμα,
1180 3746 1289 3812 καὶ
1335 3743 1530 3832 λόγος
1574 3740 1983 3833 ἀμφιβολίας
2023 3748 2184 3829 περὶ
2225 3744 2475 3813 τούτων
2521 3739 2671 3812 οὐδὲ

331 3840 428 3927 εἷς
445 3867 459 3882 ·
518 3845 633 3915 ἐπὶ
679 3846 753 3913 δέ
798 3870 874 3933 γε
927 3855 1071 3926 τοῖς
1126 3847 1828 3938 δικερατοεξαφόλλοις
1883 3847 2407 3935 παρεισάγουσιν
2463 3843 2673 3934 ἀμφι-

327 3949 562 4034 βολίαν
615 3946 786 4016 τινά.
876 3950 994 4015 τοῦ
1050 3948 1173 4036 γὰρ
1231 3955 1519 4037 τραχέως
1578 3954 1982 4034 νομίσματος
2037 3950 2298 4032 ἔχοντος
2353 3948 2424 4029 ἐξ
2474 3943 2671 4036 ἀρχῆς

331 4050 1006 4141 δικερατοεξάφολλον
1029 4050 1302 4139 φόλλεις
1325 4050 1401 4132 λ’,
1430 4053 1875 4120 διενίστανται
1903 4051 1971 4118 οἱ
2002 4045 2386 4140 ὀφείλοντες
2412 4051 2674 4118 τελέσαι

328 4149 442 4218 καὶ
484 4151 600 4218 ἐπὶ
642 4162 786 4231 τοῖς
831 4152 945 4221 διὰ
982 4153 1404 4240 χαράγματος
1439 4148 1960 4240 άπαιτουμένοις
2000 4159 2368 4239 νομίσμασι
2409 4155 2519 4221 καὶ
2562 4152 2676 4223 ἐπὶ

328 4255 471 4342 τοῖς
516 4252 609 4330 εἷς
653 4253 997 4340 ποσότητα
1028 4255 1453 4341 νομισμάτων
1495 4263 2017 4345 κσρυφουμένοις
2060 4261 2379 4341 νουμίοις,
2425 4256 2561 4325 τῶν
2601 4253 2668 4320 δ’

328 4350 636 4439 δηλονότι
685 4355 1170 4443 μιλλιαρησίων
1226 4350 1378 4425 ἀντὶ
1429 4364 1839 4444 νομίσματος
1896 4357 2042 4437 ἑνὸς
2092 4353 2185 4438 ὥς
2225 4356 2266 4444 ἦ
2312 4352 2675 4441 πρόσταξίς
