2900 4950
1093 243 1214 305 Imp
1247 240 1507 304 nicephori
1544 232 1744 294 moene.
2454 225 2578 289 293

238 418 351 464 ναι
393 393 434 459 δ
445 397 545 478 αβ
557 391 662 471 id)
707 389 1119 477 ἐξήχθησανς
1162 390 1280 475 γῆς
1321 386 1595 470 πλέθρα
1632 392 1854 471 μυρία,
1903 388 2294 474 φιλοτίμους
2321 388 2579 456 οἰκοδο-

231 493 393 579 μὰς,
453 494 691 561 ἵππων
736 487 1005 577 ἀγέλας,
1063 494 1276 573 βοῶν,
1335 487 1673 574 καμήλων,
1732 483 1951 554 άλλων
1991 492 2240 576 κτηνῶν
2283 483 2577 576 ἀριθμοῦ

234 592 642 682 κρειττόνων,
691 589 850 660 ὅσαι
894 589 1067 678 ω’ραι
1108 591 1405 657 κτᾶσθαι
1447 589 1952 671 σπουδάζοντες,
1998 592 2105 656 καὶ
2135 589 2252 677 τὴν
2281 585 2437 677 ολην
2463 597 2581 676 μέ-

234 721 469 781 ριμναν
524 698 650 784 τῆς,
695 696 912 779 ψυχῆς
967 691 1130 777 περὶ
1183 685 1350 758 αὐτὰ
1402 697 1925 772 κατατείνοντες,
1993 688 2166 759 ὥστε
2204 686 2340 759 κατ’
2390 686 2580 760 οὐδὲν

233 800 351 864 τοῦ
407 798 724 881 κοσμικοῦ
779 801 930 880 βίου
986 797 1098 861 καὶ
1151 793 1439 873 πολλαῖς
1462 866 1469 878 ,
1496 795 2013 882 φλεγμαίνοντος
2063 797 2212 873 ταῖς
2258 799 2581 884 ,φροντίσι

233 898 318 980 τά
358 896 682 983 μοναχικὰ
726 898 917 962 ταυτὶ
963 896 1335 983 διαφέρειν·
1391 901 1684 982 καίτοιγε
1725 899 1861 964 τῶν
1901 902 2113 964 θείων
2157 897 2395 982 λογίων
2445 889 2572 966 άπ-

237 1006 537 1077 εναντίας
592 995 858 1075 τούτοις
914 992 1073 1082 ἡμῖν
1133 1001 1638 1085 φθεγγομένων,
1685 1000 1794 1064 καὶ
1843 998 2214 1084 φροντίδων
2254 997 2577 1066 τοιούτων

235 1095 675 1220 ἀπηλλάχθαι
735 1096 814 1164 τὸ
880 1097 1155 1165 σύνολον
1223 1099 1773 1182 διακελευομένων
1829 1105 1938 1175 (-
1982 1096 2087 1186 μὴ
2141 1099 2580 1224 μεριμνήσητε

232 1199 357 1287 γάρ
404 1223 589 1288 φησι,
634 1205 702 1265 τί
746 1197 1075 1286 φάγητεη
1048 1193 1189 1265 τί
1226 1205 1426 1285 πίητε
1451 1209 1562 1280 —)
1603 1201 1709 1266 καὶ
1741 1198 1820 1266 τὸ
1848 1202 1980 1266 τῶν
2010 1203 2331 1268 πετεινῶν
2361 1199 2581 1286 ἄπρα-

234 1305 435 1388 γμονο
478 1302 572 1381 εἰς
618 1299 871 1379 σ’νειδος
913 1297 1072 1388 ἡμῖν
1117 1307 1599 1385 προτιθέντων.
1656 1307 1725 1367 τί
1753 1302 1826 1368 δὲ
1854 1297 2027 1368 καὶ(
1993 1325 2031 1367 ο
2060 1307 2256 1382 θεῖος
2284 1296 2581 1370 άπόστο-

234 1409 385 1488 λος,·
432 1405 503 1471 αἱ
543 1413 755 1488 χεῖρες
798 1390 1015 1481 αὗταί,
1065 1424 1302 1488 φησιν,
1350 1401 1502 1486 ἐμοί
1541 1428 1615 1470 τε
1657 1405 1764 1469 καὶ
1809 1413 1954 1482 τοῖς
1999 1402 2117 1470 σὺν
2166 1404 2317 1489 ἐμοὶ
2361 1404 2581 1492 διηκό-

234 1526 471 1592 νησαν·
516 1507 643 1585 καὶ,
692 1504 945 1587 ἔχοντες
990 1505 1063 1571 δὲ
1108 1501 1481 1592 διατροφὰς
1524 1508 1635 1570 καὶ
1665 1505 2104 1590 σκεπάσματα
2146 1505 2412 1586 τούτοις
2460 1502 2579 1592 άρ-

232 1605 729 1695 κεσθησόμεθα.
817 1604 934 1672 τὸν
986 1609 1138 1689 βίον
1183 1629 1309 1691 ορα
1348 1629 1470 1690 μοι
1510 1607 1645 1672 τῶν
1686 1610 1896 1672 θείων
1938 1612 2266 1692 πατέρων,
2331 1611 2465 1675 τῶν
2508 1608 2576 1676 ἐν

235 1708 606 1795 αιγύπτῳ
652 1709 841 1795 φημὶ,
887 1710 1022 1773 τῶν
1051 1707 1119 1775 ἐν
1148 1708 1688 1794 παλαιστίνῃ,
1735 1709 1868 1774 τῶν
1899 1706 1967 1774 ἐν
1999 1701 2575 1798 ἆλεξανδρείᾳ,

231 1814 365 1880 τῶν
398 1806 682 1893 ἀλλαχοῦ
727 1809 1065 1892 πολλαχοῦ
1108 1812 1226 1895 γῆς
1268 1807 1695 1894 λαμψάντων,
1742 1811 1849 1875 καὶ
1893 1812 2127 1876 τοῦτον
2158 1806 2367 1889 οὕτως
2395 1809 2577 1878 λιτὸν

235 1909 547 2001 εὖρήσεις,
597 1905 807 1987 οὕτως
852 1904 1367 1995 άπέριττον,,ιῦς
1396 1909 1627 1992 σχεδὸν
1654 1909 1822 1996 μόνῃ
1856 1913 2033 1997 ψυχῇ
2065 1910 2312 1990 ζῶντας
2340 1905 2579 1991 αὐτοὺς

234 2008 675 2101 άποφαίνειντ
719 2013 829 2077 καὶ
873 2014 990 2097 τῆς
1023 2014 1158 2076 τῶν
1189 2004 1477 2096 ἆγγέλων
1508 2005 1737 2094 ὥσπερ
1766 2009 2297 2097 παραψαύοντας
2325 2006 2577 2093 άῦλίας.

234 2114 452 2195 ἄλλως
496 2117 570 2182 δὲ
612 2112 732 2178 τοῦ
759 2136 849 2198 χρ
867 2113 1105 2178 ιστοῦ
1132 2110 1414 2198 βιαστὴν
1441 2106 1761 2194 ὑπάρχειν
1790 2110 1906 2197 τὴν
1933 2114 2277 2197 βασιλείαν
2305 2117 2439 2181 τῶν
2468 2110 2581 2182 οὗ·

235 2220 451 2304 ρανῶν
497 2217 829 2301 λέγοντος,
874 2214 983 2281 καὶ
1025 2210 1308 2299 βιαστὰς
1351 2207 1674 2297 ἁρπάζειν
1719 2208 1950 2301 αὐτὴν,
1996 2215 2106 2280 καὶ
2152 2215 2266 2281 διὰ
2308 2217 2577 2284 πολλῶν

233 2319 546 2400 θλίψεων
592 2316 731 2383 δεῖν
772 2310 945 2402 ἡμᾶς
990 2313 1085 2393 εἷς
1127 2307 1328 2401 αὐτὴν
1373 2312 1620 2393 ἐλθεῖν,
1671 2309 1829 2380 ὅταν
1874 2308 2012 2400 ὁρῶ
2054 2314 2209 2394 τοὺς
2234 2316 2408 2403 πρὸς
2437 2341 2577 2386 τοι·

234 2421 430 2487 οῦτον
469 2424 619 2506 βίον
659 2427 898 2504 χωρεῖν
943 2415 1544 2504 ἐπαγγελλομένους
1593 2417 1699 2483 καὶ
1745 2417 1825 2503 τῇ
1869 2411 2215 2505 ὖπαλλαγῇ
2259 2422 2376 2485 τοῦ
2424 2418 2580 2506 σχή,

231 2545 442 2607 ματος
486 2516 714 2604 ὥσπερ
759 2524 1272 2607 σημειουμένους
1314 2520 1394 2605 τῇ
1435 2520 1769 2606 πολιτείᾳ,
1816 2518 2082 2606 σφόδρα
2111 2522 2228 2586 τοῦ
2260 2519 2579 2606 ἐπαγγέλ-

231 2647 439 2706 ματος
479 2622 1099 2706 καταψευδομένους
1137 2622 1249 2687 καὶ
1294 2614 1944 2707 ἀντιφθεγγομένους
1987 2623 2083 2707 τῷ
2114 2619 2415 2709 σχήματι,
2462 2616 2579 2689 οὐκ

235 2717 383 2791 οἶδα
425 2727 575 2802 πῶς
619 2717 760 2805 οὐχὶ
804 2722 1039 2811 σκηνὴν
1079 2724 1335 2790 καλέσω
1377 2720 1457 2788 τὸ
1501 2724 1795 2807 πρᾶγμα,
1840 2724 1949 2788 καὶ
1995 2722 2089 2801 εἷς
2113 2724 2579 2812 βλασφημίαν“

230 2828 484 2911 χωροῦν
530 2822 832 2906 ἄντικρυς
874 2827 991 2890 τοῦ
1040 2818 1364 2908 ὀνόματος
1408 2822 1674 2913 εἴποιμι
1716 2824 1834 2889 τοῦ
1858 2827 2221 2908 χριστοῦ.
2283 2826 2430 2894 ἐπεὶ
2463 2815 2576 2894 οὖν

235 2924 393 2993 ου’τε
433 2920 843 3010 άποστολική
887 2949 991 3002 τις
1035 2922 1186 2991 οῦτε
1229 2923 1516 3011 πατρική
1565 2929 1936 3008 νομοθεσία
1975 2951 2017 3010 η
2061 2927 2194 2992 τῶν
2236 2928 2577 2995 πολυπλέ-

231 3033 425 3127 θρων
480 3024 734 3092 τούτων
791 3017 1004 3109 ἀγρῶν
1048 3027 1154 3091 καὶ
1199 3028 1332 3091 τῶν
1374 3031 1635 3110 χωρίων
1675 3027 1903 3110 κτῆσις
1943 3027 2077 3092 τῶν
2122 3023 2332 3106 ου’τως
2373 3023 2578 3113 ὕπερ-

233 3132 423 3218 φυῶν
465 3129 575 3197 καὶ
620 3126 994 3215 φροντίδων
1027 3126 1296 3253 πληθος
1339 3121 1509 3211 ὑπὲρ
1552 3124 1711 3205 τοὺς
1749 3125 2045 3210 καρποὺς
2085 3130 2314 3211 γεννᾶν
2357 3152 2578 3215 πεφυ-

229 3229 443 3299 κότων
503 3230 677 3309 (πῶς
732 3227 855 3317 γὰρ
915 3224 1029 3310 οὕς
1094 3228 1160 3295 εί
1196 3251 1270 3312 γε
1311 3225 1598 3295 τούτων9
1638 3228 1759 3311 μὲν
1803 3224 1841 3315 ἡ
1889 3225 2148 3314 σπουδὴ
2194 3226 2275 3293 τὸ
2316 3230 2580 3315 συνῳδὰ

231 3332 488 3417 πρᾶξαί
538 3356 612 3398 τε
664 3332 773 3398 καὶ
832 3328 1100 3410 διδάξαι
1151 3337 1303 3409 ταῖς
1356 3331 1476 3395 τοῦ
1534 3331 1880 3413 χριστοῦ
1953 3329 2282 3411 ἐντολαῖς,
2344 3328 2570 3419 ἐντολὴ
2684 3380 2701 3389 -

229 3537 482 3621 μᾶλλον
537 3532 576 3624 ἡ
642 3537 776 3601 τῶν
839 3533 1161 3602 τοιούτων
1234 3527 1631 3622 άπόκτησις·
1699 3533 1887 3619 εἴπερ
1958 3533 2205 3603 ἐκείνου
2277 3532 2356 3602 τὸ
2426 3557 2577 3603 πω·-

232 3640 370 3706 λεῖν
413 3637 498 3705 τὰ
539 3632 922 3722 ὑπάρχοντα
964 3638 1072 3703 καὶ
1117 3633 1382 3702 διδόναι
1421 3645 1567 3714 τοῖς
1610 3640 1946 3719 πτωχοῖς),
1992 3635 2328 3723 πρόδηλόν
2372 3635 2571 3717 ἐστιν,

234 3737 324 3820 ὥς
367 3732 444 3806 οὗ
491 3739 849 3827 φιλαρέτου
892 3740 1102 3802 ταῦτα
1143 3738 1492 3815 πολιτείας
1535 3732 1680 3803 οὐδ’
1730 3732 2097 3823 ἀκριβείας,
2146 3734 2314 3805 ἀλλὰ
2350 3742 2576 3822 χρείας

233 3842 611 3929 σωματικῆς
652 3840 923 3924 μᾶλλον,
969 3837 1143 3923 πρὸς
1183 3836 1262 3903 τὸ
1304 3836 1786 3923 βιωτικώτερον
1832 3839 2068 3922 (οἴμοι)
2111 3841 2245 3904 τῶν
2277 3862 2579 3921 πνευμα-

232 3948 602 4030 τικωτέρων
660 3935 1191 4008 άποκλινάντων·
1247 3933 1287 4024 ἦ
1341 3934 1533 4025 χρεία
1587 3939 1661 4004 δὲ
1700 3940 1794 4024 τῷ
1834 3938 2048 4026 χρόνῳ
2091 3941 2435 4026 προῆλθεν
2479 3937 2576 4018 εἰς

236 4038 569 4129 ἆμετρίαν,
619 4039 846 4127 ὥσπερ
893 4042 1115 4130 φιλεῖν
1160 4034 1302 4107 οἶδε
1343 4039 1429 4107 τὰ
1468 4044 1666 4124 χείρω
1712 4039 1827 4107 διὰ
1865 4042 2104 4126 μικρᾶς
2133 4033 2439 4128 άφορμῆς
2464 4047 2570 4107 καὶ

232 4156 968 4263 mor,
1006 4197 1136 4261 quod
1171 4196 1436 4246 emendavi.
1509 4177 1687 4246 {thainis
1722 4194 1837 4259 legit
1856 4188 2225 4263 παράδειγμα.
2365 4194 2384 4220 ⁷
2418 4197 2573 4247 Leun-

234 4283 350 4335 clav.
385 4283 431 4335 in
469 4298 618 4346 marg.
651 4276 998 4350 ὑποφαίνειν.
1074 4280 1297 4333 Fortunae
1332 4279 1528 4331 rectius.
1733 4277 1756 4306 ⁸
1800 4279 1920 4331 ibid.
1953 4274 2174 4344 βλάβην.
2383 4278 2405 4307 ⁹
2451 4282 2572 4332 ibid.

235 4382 466 4423 τούτοις.
