2900 4950
1195 289 1309 352 hup.
1349 289 1535 338 Leoni&
2413 277 2535 337 205

1193 505 1360 566 NOV.
1410 504 1546 565 clv,

442 621 526 682 De.
570 622 829 702 epochiS‚
877 639 1026 701 quae
1070 620 1388 700 legitimum
1437 622 1813 684 interstitium
1862 642 1979 683 non
2026 623 2293 684 habent¹.
2370 655 2377 663 ·

1028 790 1534 866 ΔΙΑΤΑΞΙΣ
1578 786 1713 885 (ιδ’.

202 921 392 1018 Περὶ
444 925 734 1015 ἐποχῶν
802 920 904 1015 μὴ
957 925 1290 1016 ἐχουσῶν
1353 923 1439 997 τὸ
1498 926 1578 997 ἐκ
1628 932 1764 996 τοῦ
1816 924 2056 1016 νόμου
2110 921 2535 1019 διάμετρον.

716 1068 771 1151 Ὁ
810 1066 1021 1128 azzae
1051 1069 1378 1138 βασιλεὺς·
1413 1073 1683 1139 στυλιανῷ
1721 1075 1798 1139 τῷ·
1834 1069 1997 1140 αὐτῷ.

363 1166 624 1257 Ἐπειδὴ
683 1171 750 1239 ἐν
803 1182 952 1251 ταῖς
992 1179 1279 1258 γείτοσιν
1325 1173 1601 1257 ἐποχαῒς
1661 1179 2007 1257 συμβαίνει
2070 1173 2390 1253 πολλάκις
2447 1172 2536 1254 ὥς

199 1274 351 1358 τῆς2
395 1270 461 1337 ἐκ
505 1275 634 1337 τῶν
677 1275 986 1358 γειτόνων
1031 1267 1468 1353 ἀποστάσεως
1520 1274 1608 1360 μὴ
1653 1272 1732 1340 τὸ
1777 1281 2243 1357 νενομισμένον
2288 1276 2536 1355 σωζού-

201 1395 321 1457 σης
360 1378 599 1456 μέτρον
641 1380 978 1440 κινεῖσθαι
1021 1376 1429 1461 φιλονεικίας
1471 1378 1576 1441 καὶ
1624 1376 1863 1460 ἔριδας,
1913 1370 2211 1461 ὁρίζομεν
2242 1379 2346 1442 καὶ
2381 1379 2537 1458 περὶ

198 1477 333 1540 τῶν
385 1473 702 1543 τοιούτων
746 1471 1168 1555 ὑποθέσεων,
1237 1472 1409 1543 ὥστε
1449 1476 1529 1541 τὸ
1575 1475 1973 1558 διωκόμενον
2016 1484 2217 1562 μέρος
2262 1477 2534 1545 ἐπειδὰν

198 1580 494 1658 νομίμως
536 1570 910 1662 ἁλίσκηται,
968 1577 1308 1664 παρούσης
1349 1577 1470 1661 μὲν
1516 1575 1832 1662 εὐπορίας
1876 1576 2121 1658 τόπου,
2170 1585 2533 1646 ποιεῖσθαι

195 1679 313 1762 τῆς
356 1674 598 1761 ἐποχῆς
642 1670 1114 1764 ἀναμφιβόλως
1156 1680 1271 1766 τὴν
1313 1678 1735 1762 μετάστασιν,
1786 1679 1955 1746 ἔνθα
1997 1678 2084 1766 μὴ
2116 1681 2349 1763 μέλλοι
2376 1705 2535 1766 γρα-

201 1776 350 1865 φὴν,
383 1773 739 1860 ὑπομένειν
799 1774 888 1856 ὥς
931 1782 1245 1864 παρορῶν
1287 1778 1365 1844 τὸ
1408 1782 1526 1845 τοῦ
1572 1779 1775 1864 νόμου
1822 1778 2168 1864 διόρισμα·
2223 1780 2311 1867 μὴ
2358 1807 2534 1867 παρ-

201 1878 399 1966 ούσης
444 1879 515 1944 δὲ
556 1878 774 1964 χώρας
818 1874 917 1965 ἐφ’
965 1877 1042 1965 ἢν
1071 1880 1569 1966 μεταστήσεται,
1617 1885 1748 1947 τῶν
1778 1880 2027 1965 χρόνων
2059 1879 2534 1965 ἐπιτηρεῒσθαι

195 1978 312 2067 τὴν
355 1979 673 2066 πάροδον,
722 1977 907 2057 ὅσοις
952 1980 1061 2046 ἐπὶ
1106 1985 1223 2046 τοῦ
1267 1981 1482 2047 τόπου
1526 1985 1643 2047 τοῦ
1690 1975 1800 2046 ὑπ’
1851 1981 2134 2066 ἔγκλημα
2163 1989 2533 2060 πίπτοντος

200 2081 458 2168 ἔσχηκεν
503 2077 540 2165 ἡ
590 2079 793 2166 ἐποχὴ
837 2079 953 2167 τὴν
997 2083 1227 2166 πῆξιν·
1273 2077 1391 2147 κᾶν
1433 2083 1556 2166 μὲν
1601 2082 2082 2169 ἐπιδημοῦντος
2109 2085 2225 2147 τοῦ
2259 2080 2533 2147 διώκον-

195 2207 311 2261 τος
362 2185 467 2249 καὶ
528 2183 731 2268 μηδὲν
788 2181 1433 2266 ἐπιμαρτυρουμένου
1492 2186 1703 2250 ἔτεσιν
1766 2183 1881 2249 ἐπὶ
1938 2184 2089 2248 δέκα
2134 2181 2249 2271 τὴν
2294 2184 2530 2249 στάσιν

196 2284 523 2371 ἐκέκτητο,
584 2284 913 2366 διαμένειν
967 2278 1165 2369 αὐτὴν
1221 2282 1333 2349 ἐπὶ
1378 2286 1495 2368 τῆς
1538 2278 1736 2371 αὐτῆς
1781 2278 2247 2370 ἀμετακίνητον
2288 2283 2525 2369 χώρας,

198 2385 257 2452 εἷ
315 2382 374 2452 δ’
437 2381 784 2470 ἀπόδημον
838 2374 879 2471 ᾗ
932 2383 1008 2449 τὸ
1054 2383 1167 2473 τὴν
1214 2384 1510 2473 ἔγκλησιν
1554 2379 2093 2469 ὑποβαλλόμενον
2138 2384 2528 2471 πρόσωπον,

197 2482 313 2553 οὐκ
368 2487 695 2571 ἐξαρκέσει
750 2486 921 2573 πρὸς
976 2486 1052 2552 τὸ
1098 2484 1565 2573 ἀμετακίνητον
1613 2482 1648 2552 ὁ
1695 2487 1998 2574 δεκαετὴς
2037 2486 2299 2573 χρόνος,
2362 2483 2531 2555 ἀλλὰ

195 2590 416 2676 δεήσει
457 2592 562 2654 καὶ
607 2592 924 2655 τοσοῦτον
971 2589 1188 2674 ἕτερον
1233 2590 1967 2673 προσεξαριθμεῒσθαι,
2030 2585 2119 2667 ὥς
2165 2583 2335 2655 εἶναι
2377 2588 2532 2669 τούς

197 2688 582 2773 σύμπαντας
634 2691 843 2757 εἴκοσι
893 2690 1180 2775 χρόνους.
1271 2685 1408 2755 ἀλλ’
1474 2679 1666 2768 οὗτος
1731 2691 1850 2772 μὲν
1910 2686 1943 2755 ὅ
2002 2690 2347 2776 διορισμὸς
2414 2690 2527 2758 ἐπὶ

167 2790 580 2875 ,προσώπων
626 2791 1114 2858 ἰδιωτευόντων.
1205 2790 1536 2878 ἐκκλησίαι
1583 2792 1654 2856 δὲ
1697 2800 1803 2856 καὶ
1847 2792 2275 2878 μοναστήρια,
2321 2795 2427 2858 καὶ
2468 2792 2533 2859 εἴ

191 2917 296 2970 τις
339 2890 539 2969 ἄλλος
584 2886 813 2976 εὖαγὴς
857 2887 1053 2971 οἶκος,
1100 2894 1203 2957 καὶ
1253 2888 1379 2956 ὅσα
1422 2891 1594 2976 πρὸς
1636 2891 1714 2956 τὸ
1760 2890 2074 2977 δημόσιον
2106 2888 2524 2978 ἀναφέρεται,

190 2992 308 3058 τὸν
364 2993 655 3077 ῥηθέντα
708 2990 1095 3076 παρόψεται
1136 2990 1399 3074 χρόνον,
1457 2998 1646 3074 μέχρι
1689 3001 2353 3076 τεσσαρακονταετίας
2396 2998 2527 3060 τῶν

192 3096 468 3161 δικαίων
514 3086 740 3169 αὐτοῖς
784 3092 1301 3174 διασωζομένων.
1366 3088 1538 3158 οὕτω
1585 3092 1657 3157 δὲ
1702 3093 1853 3172 περὶ
1897 3095 2010 3177 τῆς
2043 3092 2316 3178 ἐποχῆς3
2355 3091 2529 3160 ἀπο-

189 3193 633 3273 θεσπίζοντες
677 3191 988 3270 στάσεως,
1039 3188 1193 3258 ὅσαι
1237 3192 1349 3257 διὰ
1390 3191 1674 3277 χρόνων4
1721 3191 2152 3278 παραδρομὴν
2194 3191 2272 3257 τὸ
2309 3188 2530 3279 ἀκίνη-

192 3319 310 3362 τον
370 3294 619 3372 ἕξουσι,
678 3292 1191 3377 κελεύομεν-τοῦ
1248 3298 1627 3379 προθυρίου
1684 3294 1950 3375 κέρδους
2004 3291 2091 3378 μὴ
2125 3302 2531 3378 ’στερεῖσθαι

191 3396 308 3464 τὸν
351 3394 467 3482 τὴν
513 3396 808 3481 ἕγκλησιν
853 3393 1269 3478 ποιούμενον,
1316 3390 1435 3462 κᾶν
1479 3393 1567 3479 μὴ
1612 3383 1689 3458 τὸ
1733 3393 1969 3479 κράτος
2000 3395 2144 3477 ἔσχε
2172 3395 2528 3476 καθάπαξἦ

193 3501 310 3584 τῆς
353 3495 711 3575 ἐκδιώξεως
755 3495 869 3562 διὰ
909 3496 1026 3581 τὴν
1073 3491 1525 3583 ἀναφανεῖσαν
1569 3499 1684 3561 τοῦ
1725 3493 1961 3580 χρόνου
2014 3490 2439 3565 ἀντίπτωσιν.

333 3702 344 3728 ¹
381 3703 478 3752 Ect.
517 3704 628 3752 Nov.
666 3702 746 3752 52.
788 3702 1023 3752 Laudatur
1054 3717 1080 3751 a
1119 3703 1256 3752 mich.
1294 3703 1431 3752 Anat.
1469 3704 1515 3751 in
1554 3702 1833 3765 appendice.
1996 3701 2015 3728 ²
2049 3704 2211 3752 Zuicb.
2252 3711 2296 3752 et
2334 3705 2523 3755 Meerm.

195 3780 269 3840 ὥς
303 3781 358 3836 ἐκ
393 3785 504 3846 τῆς.
582 3787 648 3836 lta
687 3787 827 3835 etiam
865 3785 1079 3835 nonnulli
1117 3785 1316 3850 Eclogae
1355 3787 1588 3835 Codices:
1630 3787 1706 3835 alii
1745 3779 1817 3838 ὥς
1852 3784 1963 3845 τῆς,
2003 3786 2080 3835 alii
2108 3778 2214 3833 ἀπὸ
2235 3785 2329 3846 τῆς·
2349 3789 2527 3837 omissa

196 3873 424 3934 particula
462 3862 547 3922 ὥς.
690 3865 709 3895 ³
746 3870 944 3930 Scrimg.
979 3862 1288 3934 ἐπαρχικῆς,
1328 3870 1406 3918 uhi
1445 3870 1570 3932 Agyl.
1608 3868 1719 3916 τῶν
1754 3862 2021 3933 ἔποχικιῦν
2057 3877 2103 3917 et
2138 3885 2244 3917 mox
2281 3865 2528 3919 στάσεων

197 3954 432 4003 emendat.
503 3953 599 4003 Ecl.
637 3947 862 4018 ἐποχῆς,
915 3953 1044 4016 quod
1092 3960 1200 4015 post
1251 3952 1495 4016 euJacium
1533 3953 1657 4001 Beck
1705 3953 1944 4014 probavit,
1996 3953 2333 4013 Osenbrfiggen
2370 3961 2525 4003 autem

181 4039 381 4100 =rejecit.
453 4038 684 4101 Equidem
722 4046 878 4087 tamen
916 4029 1132 4101 ἕποχιῦν
1165 4036 1321 4097 legere
1357 4036 1534 4085 malim.
1738 4033 1759 4061 ¹
1807 4035 1903 4085 Ecl.
1932 4029 2171 4099 χρόνου,
2224 4037 2354 4100 quod
2391 4052 2529 4100 prae-

197 4131 324 4171 stare
361 4122 659 4172 crediderim.
798 4119 816 4146 ⁵
853 4121 920 4170 lta
959 4121 1056 4170 Ecl.
1128 4120 1324 4180 Scrimg.
1360 4113 1626 4186 καθάπερ.
