2900 4950
1124 280 1240 344 imp.
1279 280 1446 351 {quaen
1484 260 1665 342 Anien.
2436 266 2559 328 537

230 430 405 490 modo
447 430 659 515 renuit.
751 429 1117 510 Quamquam
1162 430 1319 491 enim
1362 448 1536 509 grave
1579 428 1912 491 celsitudini
1957 437 2157 490 nostre
2188 429 2432 505 videtur,
2477 432 2560 492 la-

227 529 536 592 titudinem
581 531 730 591 inl'ra
762 550 1032 610 magnam
1066 532 1270 592 urbem
1300 530 1575 610 gentibus
1610 530 1916 605 exbibere;
1962 539 2380 604 verumtamen,
2427 532 2561 610 quia

230 649 351 691 non
401 641 465 692 ut
508 630 885 711 alienigenas,
933 633 1110 694 immo
1156 644 1219 694 ut
1248 632 1581 711 aborigines
1611 632 1909 693 Romanos
1938 649 2126 710 genus
2156 631 2562 694 veneticorum

232 741 432 793 nostra
476 733 765 793 serenitas
809 742 1071 813 reputat,
1119 744 1465 813 tantumque
1510 752 1617 813 pro
1664 732 1945 793 Romania
1991 732 2222 806 dolent,
2277 741 2561 812 quantum

231 842 291 894 et
332 832 446 913 ipsi
490 834 768 905 Romani,
828 843 1165 915 tantamque
1209 854 1344 912 erga
1390 853 1519 894 eam
1565 834 1783 894 habent
1830 833 2226 906 devotionem,
2283 843 2565 913 quantam

232 943 292 995 et
335 953 468 1013 erga
514 943 752 1007 terram,
799 954 912 1015 que
957 955 1060 996 eos
1091 936 1301 1006 emisit,
1349 954 1469 996 non
1503 936 1589 996 eis
1620 943 1866 1007 tantum,
1911 944 2192 1014 quantum
2227 935 2561 1008 Romanie⁶,

231 1034 572 1095 donandum
618 1030 749 1096 esse
795 1036 1038 1110 videtur,
1083 1047 1621 1115 quantumcumque
1667 1036 1753 1096 eis
1788 1034 2105 1114 largiatur?
2192 1037 2566 1116 Quapropter

233 1143 292 1196 et
335 1144 535 1196 nostra
583 1136 889 1198 clementia
930 1136 1099 1216 jubet
1142 1156 1250 1216 per
1293 1156 1540 1218 presens
1582 1135 1996 1216 chrysobolum
2041 1136 2301 1209 verbum,
2346 1138 2563 1199 hahere

234 1235 540 1298 Veneticos
586 1237 855 1299 universa
900 1237 1030 1310 alia,
1078 1257 1191 1317 que
1236 1259 1268 1300 a
1315 1238 1538 1299 nuntiis
1582 1256 1784 1298 eorum
1831 1237 2119 1317 postulata
2164 1247 2322 1310 sunt,
2376 1238 2565 1317 ipsos-

233 1356 349 1416 que
395 1338 659 1399 embulos
705 1338 1177 1400 Allemannorum
1236 1350 1293 1401 et
1351 1340 1842 1417 Francigenarum
1894 1347 1953 1399 et
1996 1339 2316 1400 maritimas
2360 1356 2563 1399 eorum

233 1437 440 1512 scalas,
488 1458 603 1518 que
646 1439 705 1500 in
753 1439 1046 1519 presentia
1076 1441 1585 1519 grammaticorum
1634 1448 1833 1500 nostre
1878 1439 2229 1510 serenitatis,
2279 1439 2567 1501 Constan-

233 1539 338 1600 tini
396 1540 694 1602 Pediadite
750 1549 806 1601 et
861 1540 1164 1602 clarissimi
1226 1540 1772 1621 protonobillissimi
1829 1540 2057 1602 Nichite
2115 1539 2426 1614 Valianite,
2490 1543 2563 1603 ab

231 1641 650 1703 aedesimotato
709 1642 1095 1703 Constantino
1149 1642 1400 1703 Petriota
1461 1661 1568 1721 per
1621 1642 1941 1721 practicum
1995 1641 2082 1703 eis
2138 1642 2345 1703 tradita
2392 1651 2563 1715 sunt;

231 1743 387 1821 quod
433 1744 608 1804 debet
650 1744 1015 1805 corroborari
1060 1744 1295 1822 quidem
1340 1743 2050 1823 per¹superscriptionem
2097 1744 2462 1821 pansevasti⁷
2507 1753 2568 1805 et

229 1854 431 1904 nostre
477 1844 813 1906 sublimitati
862 1845 1159 1906 familiaris
1203 1843 1729 1914 archicancellarii,
1775 1844 1997 1904 domini
2039 1844 2328 1907 lobannis
2373 1845 2563 1919 Duce3

230 1946 527 2024 cognitum
572 1954 768 2015 autem
815 1946 941 2006 fieri
1000 1955 1059 2006 et
1101 1945 1377 2023 congruis
1415 1945 1663 2005 secretis
1708 1963 1839 2005 cum
1899 1956 2173 2024 presente
2216 1945 2563 2024 chrysobulo

233 2046 467 2124 Imperii
515 2046 719 2106 nostri.
811 2046 1073 2118 Quorum
1132 2046 1402 2124 equidem
1463 2045 1724 2107 omnium
1784 2064 2019 2107 annuus
2078 2046 2351 2107 introitus
2396 2047 2567 2125 quin·

233 2147 509 2225 quaginta
556 2146 720 2208 libris
764 2157 994 2208 constat
1036 2166 1489 2227 yperperorum,
1535 2147 1858 2207 secundum
1906 2147 2060 2226 quod
2108 2165 2179 2208 ex
2225 2147 2565 2209 tradicionis

234 2248 481 2309 istorum
527 2248 784 2328 practico
830 2248 1152 2327 composito
1197 2257 1375 2327 patet.
1465 2248 1742 2320 Quamvis
1787 2247 1942 2308 enim
1990 2257 2049 2309 et
2084 2266 2191 2328 per
2219 2247 2565 2328 chrysobula

233 2349 406 2410 verba
453 2349 778 2410 manifesti⁸
838 2349 1048 2410 emboli
1095 2369 1226 2411 cum
1274 2349 1581 2411 maritimis
1625 2349 1797 2410 scalis
1841 2348 2178 2411 Alemannis
2226 2358 2285 2410 et
2330 2350 2568 2411 Franci-

229 2452 396 2531 genis
442 2452 630 2513 collati
677 2452 825 2526 sint;
874 2461 1271 2524 veruntamen,
1320 2450 1451 2531 quia
1501 2471 1619 2512 non
1667 2451 1768 2514 toti
1813 2451 1971 2530 genti
2009 2451 2461 2512 Alemannorum
2508 2460 2569 2513 et

233 2554 756 2633 Francigenarum,
827 2554 930 2614 sed
997 2554 1197 2633 paucis
1253 2554 1604 2633 quibusdam
1669 2553 1998 2615 extorribus
2056 2562 2116 2615 et
2173 2554 2421 2614 maxime
2477 2554 2569 2614 in-

230 2655 509 2734 cognitis,
570 2675 679 2715 nec
734 2655 1177 2715 determinatam
1238 2656 1619 2734 quantitatem
1681 2655 1932 2734 aliquam
1989 2655 2224 2716 servitio
2281 2655 2566 2715 Romanie

229 2757 687 2835 imponentibuS,
735 2757 837 2817 sed
884 2759 1103 2817 tantam
1150 2769 1426 2834 quantam
1474 2775 1617 2817 casu
1656 2756 1970 2834 pervenit⁰,
2018 2756 2354 2835 hujusmodi
2386 2756 2567 2817 bene-

229 2857 425 2917 ficium
459 2857 741 2918 Romanie
788 2858 1001 2917 sactum
1047 2857 1171 2927 fuit,
1218 2857 1496 2936 quoniam
1545 2856 1789 2918 multum
1819 2857 2055 2935 quidem
2087 2867 2179 2918 est
2219 2857 2446 2918 lucrum
2477 2858 2565 2919 sic

230 2957 496 3018 embolos
539 2967 599 3018 et
641 2957 829 3018 scalas
872 2957 1243 3028 habentibus,
1291 2957 1585 3017 modicum
1630 2967 1821 3017 autem
1868 2967 1959 3017 est
2001 2959 2328 3037 proficuum
2361 2977 2431 3018 ex
2474 2958 2561 3018 eis

230 3058 518 3119 Romanie
563 3059 946 3137 proveniens:
1002 3056 1418 3117 convenienter
1472 3058 1766 3118 servitium
1825 3077 1895 3118 ex
1953 3058 2329 3118 universitate
2372 3059 2563 3134 gentis

230 3160 517 3221 Romauie
561 3159 913 3239 proveniens
958 3158 1192 3219 servitio
1236 3176 1555 3238 paucorum
1613 3167 1672 3219 et
1722 3178 1788 3218 ex
1836 3158 2203 3237 dispersione
2249 3176 2567 3236 congrega-

229 3273 424 3324 torum
471 3271 670 3322 nostra
719 3259 1056 3321 excellentia
1098 3258 1357 3338 pretulit.
1447 3258 1523 3319 Et
1552 3260 1906 3322 vacationem
1940 3259 2174 3339 quidem
2207 3259 2564 3321 crisobulum

230 3382 435 3425 eorum
481 3363 730 3442 irrogat3
779 3361 1043 3422 embulos
1077 3380 1210 3422 vero
1248 3379 1450 3421 eorum
1498 3372 1556 3420 et
1598 3362 1786 3422 scalas
1818 3361 2105 3422 veneticis
2135 3362 2380 3432 confert,
2425 3379 2567 3420 con·

228 3466 447 3528 cedens
491 3464 796 3544 possidere
842 3462 1001 3543 ipsos
1045 3471 1163 3524 tam
1209 3462 1403 3524 omnia
1449 3462 1592 3536 alia,
1657 3482 1832 3543 quam
1891 3472 1951 3523 et
1992 3461 2397 3541 hujuscemodi
2445 3482 2569 3524 em-

228 3567 429 3642 bolos,
475 3566 797 3627 secundum
856 3565 1013 3644 quod
1060 3574 1120 3625 et
1162 3583 1294 3624 eum
1342 3582 1516 3644 quem
1565 3583 1723 3625 niune
1766 3564 1983 3625 habent
2026 3564 2352 3636 embolum,
2421 3585 2570 3645 quo-

230 3687 419 3748 usque
465 3686 599 3746 erga
645 3666 961 3745 Imperium
996 3676 1259 3727 nostrum
1296 3675 1353 3727 et
1384 3666 1727 3727 Romaniam
1774 3685 1938 3727 suam
1986 3667 2431 3729 conventionem
2477 3669 2569 3728 in-

229 3770 496 3831 violatam
545 3768 882 3829 custodiunt
928 3785 1084 3826 nunc
1127 3767 1385 3827 existens
1432 3767 1831 3828 nobilissimus
1877 3768 2001 3828 Dux
2046 3769 2285 3829 Venetie
2329 3778 2390 3829 et
2432 3777 2568 3847 post

230 3890 365 3932 eum
421 3871 598 3931 futuri
659 3869 849 3929 Duces
905 3867 1143 3928 Venetie
1202 3877 1262 3928 et
1305 3868 1570 3928 universa
1619 3868 1748 3946 ejus
1793 3868 2127 3946 plenitudo,
2188 3887 2299 3929 nec
2342 3888 2461 3930 non
2508 3878 2568 3931 et

231 3973 445 4045 omnia,
493 3991 607 4052 que
655 3989 763 4052 per
807 3969 1253 4030 conventionem
1299 3968 1372 4027 ab
1417 3968 1532 4029 hiis
1578 3968 1864 4047 promissa
1900 3978 2040 4029 suut
2084 3978 2142 4030 et
2177 3969 2566 4049 jurejurando

233 4073 636 4146 corroborata,
683 4079 1063 4145 conservant3
1123 4077 1182 4131 et
1225 4088 1461 4130 omnem
1509 4069 1810 4131 introitum
1857 4087 2059 4130 eorum
2104 4070 2404 4150 accipere,
2463 4091 2568 4132 ne-

227 4225 466 4234 ——n—

741 4230 930 4238 —-—--—

367 4304 388 4333 ⁶
424 4308 599 4358 Narin:
641 4310 867 4361 Romanis.
971 4306 989 4333 ⁷
1026 4310 1074 4358 ln
1114 4309 1212 4358 Lib.
1251 4315 1376 4372 pact.
1415 4309 1636 4360 additur:
1677 4312 1862 4359 secasti.
1970 4306 1991 4334 ⁰
2029 4309 2127 4358 Lib.
2156 4317 2281 4372 pact.
2306 4313 2565 4375 manifesto.

226 4391 250 4420 ⁹
289 4393 389 4442 Lib.
426 4401 549 4455 pact.
587 4400 633 4442 et
669 4394 847 4443 Mario:
883 4397 1108 4458 provenit.
1181 4394 1283 4443 Non
1321 4393 1462 4444 male.
