2900 4950
1201 170 1321 233 Imp.
1358 170 1550 220 Leonis.
2446 162 2529 226 97

194 314 406 382 ἄδικά
422 317 462 350 ¹⁹
502 340 576 382 τε
615 316 723 381 καὶ
769 313 1039 398 ἄθεσμα
1052 343 1074 396 ,·
1120 313 1234 380 διὰ
1276 318 1532 381 τοῦτο’ο
1567 317 1716 383 λίαν
1745 317 2138 400 πρεπόντως
2164 323 2272 386 καὶ
2304 325 2532 409 σοφῶς

194 414 489 482 συνιδών
544 409 579 481 5
633 414 700 481 ἐν
754 415 1160 500 βασιλεῦσιν,
1201 407 1592 502 ἀείμνηστος
1646 420 1757 482 καὶ
1814 413 1849 482 5
1889 413 2026 500 μετ’
2076 417 2370 486 ἐκεῖνον’“
2416 427 2530 510 τῆς

194 514 451 593 οἰκείας
506 509 1009 600 ἀναβλαστήσας
1073 508 1326 600 ὀσφύος
1390 514 1739 582 ἐδικαίωσε
1800 527 1946 596 τοῖς
2000 520 2121 601 μὲν
2180 514 2528 604 ἀρχαίοις22

193 614 434 699 νόμοις
474 614 590 703 τὴν
633 614 826 698 τιμίν
872 610 1374 694 ἀνασώσασθαι,
1421 613 1576 694 τοὺς
1621 617 1692 683 δὲ
1724 616 1993 704 φαύλως
2023 613 2523 701 ἀντιθεσπίζον·

192 741 322 793 τας
367 715 960 801 ἐξοστρακισθῆναι
1001 716 1117 779 τοῦ
1162 715 1661 799 πολιτεύματος.
1753 711 1923 784 ἀλλὰ
1962 717 2086 804 γοὶρ
2133 719 2530 807 φιλόνικον”

193 812 237 903 ἦ
288 815 612 900 συνήθεια
666 818 773 882 καὶ
820 813 1141 892 πολλάκις
1180 819 1261 902 τῇ
1301 820 1520 902 μακρᾷ
1564 812 1792 904 ὁμιλίᾳ
1837 814 1927 897 ὥς
1970 820 2170 904 πῆξιν
2214 821 2417 906 λαβὸν
2462 822 2529 889 ἐν

191 927 351 994 ταῖς
406 911 752 1000 ἀθρώπων
794 915 1083 1000 γνώμαις
1125 912 1380 982 ἄτοπον
1426 915 1670 1003 δόγμα,
1727 920 1836 985 καὶ
1877 919 2169 1002 μάλιστα
2214 916 2399 1001 ὅσοις
2439 922 2526 1009 μὴ

195 1011 393 1103 ὄρθῷ
449 1021 757 1102 κριτηρίῳ
816 1015 1159 1099 ἐπιμέλεια
1212 1015 1419 1083 τόδε”
1481 1021 1791 1101 συνορᾶν,
1861 1013 1974 1085 οὒκ
2019 1019 2240 1087 ἐθέλει
2283 1022 2530 1109 ῥᾳδίως

192 1116 750 1200 ἑκμοχλεύεσθαι,
808 1113 925 1199 τὴν
982 1112 1348 1202 φθάσασαν
1406 1115 1749 1203 πρόληψιν
1803 1112 1922 1183 κᾶν
1980 1117 2233 1199 ἄτοπος
2284 1113 2324 1208 ᾖ
2370 1117 2521 1209 ἀγα-

191 1217 486 1283 πώντων
532 1218 635 1282 καὶ
679 1212 768 1301 μὴ
810 1215 1228 1301 βουλομένων
1271 1210 1671 1283 ἀκολουθεῖν
1713 1228 1857 1296 τοῖς
1887 1213 2256 1301 ἀμείνοσιν·
2303 1217 2393 1300 ὥς
2421 1225 2527 1290 καὶ

191 1321 315 1385 νῦν
373 1312 411 1403 ἡ
468 1320 585 1382 τοῦ
629 1309 1020 1402 ἀειμνήστου
1065 1314 1319 1400 πατρὸς
1360 1311 1546 1403 ἡμῶν
1591 1316 1886 1398 διάταξις
1930 1318 2080 1397 εἰς’5
2120 1319 2274 1398 τοὺς
2317 1322 2531 1388 πάλαι

189 1417 445 1500 νόμους
508 1420 639 1483 τῶν
701 1418 992 1501 γαμικῶν
1050 1415 1421 1501 συμφώνων
1475 1415 1592 1504 τὴν
1645 1417 2049 1486 κατάστασιν
2106 1414 2529 1507 ἀναφέρουσα

192 1515 318 1585 οὐκ
377 1519 601 1585 ἔπεισε
651 1521 768 1603 τῆς
811 1511 1066 1583 ἀτόπου
1109 1524 1422 1599 μεθεῖναι
1469 1517 1859 1599 διατάξεως,
1918 1515 2057 1586 ἀλλ’
2106 1510 2196 1588 ὧν
2239 1535 2526 1612 κατεψη-

195 1625 448 1707 φίσατο
494 1616 1016 1704 ἐξοστρακισμὸν,
1063 1616 1324 1696 τούτοις
1370 1618 1467 1685 ἔτι
1509 1622 1616 1685 καὶ
1661 1623 1774 1687 νῦν
1818 1619 2299 1689 πολιτεύονται.

374 1722 513 1786 Tt⁹⁰
566 1709 680 1785 οὖν
734 1716 923 1806 ἡμεῒς
968 1742 1218 1805 φαμεν,·
1276 1717 1636 1806 ἐπειδήπερ
1682 1717 1869 1800 ἅπαξ
1909 1726 2167 1808 κρατεῖν
2213 1724 2395 1804 ἔδοξε
2436 1725 2524 1810 μὴ

194 1820 268 1899 ἐξ
324 1821 474 1886 ἴσου
529 1818 648 1899 τὰς
704 1819 772 1887 ἐν
828 1823 907 1906 τῇ
966 1818 1281 1886 συστάσει
1333 1823 1467 1884 τῶν
1509 1820 1734 1906 γάμων
1778 1828 2088 1905 γίνεσθαι
2133 1826 2524 1904 συντελείας,

194 1915 335 1988 ἀλλ’
386 1915 553 1986 εἶναι
594 1923 712 1986 τοῦ
754 1915 1092 2004 ὖποβόλου
1140 1920 1462 1986 ἑπιπλέον
1504 1920 1621 2007 τὴν
1655 1926 1919 2004 προῖκα,
1966 1925 2163 1987 τοῦτο
2197 1922 2366 1988 ἔστω
2399 1947 2528 1989 πο-

194 2020 630 2104 λιτευόμενον.
720 2018 1077 2086 θανάτου’“’
1133 2020 1205 2085 δὲ
1264 2024 1582 2106 φέροντος
1638 2019 1824 2085 λύσιν
1879 2023 1974 2106 τῷ
2027 2020 2246 2108 γάμῳ,
2307 2022 2368 2089 εἰ
2405 2026 2526 2106 μὲν

197 2118 235 2187 ὃ
293 2118 452 2209 ἀνὴρ
512 2120 776 2202 ἄτεκνος
820 2115 1016 2186 ἀπίοι
1059 2122 1161 2185 καὶ
1211 2119 1566 2206 σύμφωνον
1609 2118 1697 2207 μὴ
1743 2124 1924 2208 παρῇ
1938 2124 2012 2200 ²⁸,
2082 2119 2526 2205 ἀνακομιζέτω

191 2219 234 2308 ἦ
278 2222 434 2309 γυνὴ
478 2221 594 2309 τήν
648 2247 721 2288 τε
762 2231 1010 2306 προῖκα
1052 2226 1157 2287 καὶ
1203 2219 1281 2285 τὸ
1324 2215 1691 2304 ὖπόβολον,
1747 2224 1854 2286 καὶ
1898 2222 2103 2307 μηδὲν
2148 2221 2244 2288 ἔτι
2289 2225 2526 2290 πλέον·

196 2324 257 2394 εἰ
313 2325 385 2391 δὲ
437 2322 553 2411 τὴν
607 2328 878 2409 γυναῖκα
936 2317 971 2387 5
1015 2320 1312 2399 θάνατος
1357 2320 1801 2399 διασπάσοιῃ,
1862 2325 1979 2408 τῆς
2019 2323 2140 2406 μὲν
2185 2323 2250 2389 οἱ
2294 2325 2527 2411 κληρο-

194 2426 387 2509 νόμοι
431 2423 547 2513 τὴν
590 2433 837 2509 προῖκα
881 2423 1409 2508 λαμβανέτωσαν,
1456 2425 1550 2509 τῷ
1596 2416 1782 2506 ἀνδρὶ
1829 2423 1902 2488 δὲ
1942 2420 2030 2510 μὴ
2069 2428 2361 2508 γινέσθω
2391 2429 2523 2492 τῶν

197 2527 386 2594 ἰδίων
440 2523 479 2613 ἡ
537 2531 866 2612 στέρησις,
925 2524 1090 2609 μηδὲ
1146 2522 1230 2589 τὰ
1287 2522 1532 2590 ἐκείνου
1592 2524 1805 2608 ἕτεροι
1862 2519 1999 2590 ἀλλ’
2051 2518 2249 2602 αὐτὸς
2305 2525 2518 2608 ἐχέτω.

194 2631 342 2706 πῶς
382 2628 503 2712 γὰρ
549 2620 665 2691 οὐκ
708 2624 953 2705 ἄδικον,
999 2622 1153 2702 τοὺς
1193 2624 1313 2707 μὲν
1358 2618 1741 2709 ἀλλοτρίους
1788 2624 1853 2691 ἐκ
1897 2627 2029 2691 τῶν
2074 2625 2321 2692 ἐκείνου
2349 2652 2519 2711 πρα-

194 2728 456 2814 γμάτων
497 2728 873 2809 κερδαίνειν,
923 2720 1121 2791 αὐτὸν
1166 2726 1237 2790 δὲ
1280 2724 1450 2808 πρὸς
1492 2728 1572 2811 τῇ
1618 2719 2060 2810 ἀποστερήσει
2097 2730 2216 2814 τῆς
2248 2727 2522 2815 συζύγου

192 2831 299 2896 καὶ
342 2832 474 2894 τῶν
519 2826 777 2893 οἰκείων
819 2823 968 2909 ἤτοι
1007 2828 1125 2889 τοῦ
1168 2819 1504 2905 ὖποβόλου
1550 2820 2083 2908 ἀποστερεῖσθαι
2096 2854 2117 2907 ,-

328 3076 367 3105 ¹⁹
405 3079 472 3128 lta
507 3079 558 3127 B.
598 3078 783 3141 Reliqui
819 3070 1020 3125 ἔκδικᾶ.
1194 3073 1236 3101 ¹⁰
1270 3077 1304 3125 B
1342 3076 1474 3125 addit
1509 3068 1595 3134 δή,
1634 3090 1741 3124 mox
1777 3082 1938 3125 nutem
1971 3071 2063 3124 καὶ
2099 3077 2293 3142 σοφαῖς
2328 3082 2517 3132 omittit.

195 3162 229 3192 ²¹
268 3165 302 3213 B
337 3157 429 3212 καὶ
465 3154 609 3228 ἡμᾶς
641 3159 737 3220 τῆς
764 3156 889 3217 alx„
930 3174 1219 3225 quamquam
1256 3160 1385 3209 idem
1420 3159 1480 3208 ad
1516 3160 1774 3221 marginem
1812 3167 1975 3209 notet:
2013 3154 2321 3228 μαρκιανὸν
2352 3158 2526 3226 λέγει]

202 3248 446 3298 Caeterum
497 3245 613 3294 illud
660 3238 802 3311 ἡμᾶς·
846 3242 944 3305 τῆς
977 3236 1078 3292 οἰκ.
1120 3234 1306 3307 ἀναβλ.
1351 3234 1565 3309 ὀσφύος
1597 3243 1796 3293 multum
1833 3242 2019 3308 placet:
2071 3241 2290 3292 similiter
2325 3243 2524 3294 inferius

201 3324 228 3379 ὁ
264 3325 585 3396 ἀείμνηστος
629 3323 808 3394 πατὴρ
857 3322 1030 3394 ἡμῶν.
1108 3328 1247 3377 Certe
1283 3329 1324 3377 si
1362 3329 1420 3377 de
1457 3327 1632 3377 Basilio
1669 3334 1717 3376 et
1751 3326 2066 3377 Constantino
2102 3326 2310 3388 cogitare
2345 3328 2526 3377 malue-

201 3416 280 3477 ris,
312 3407 426 3480 μετ)
465 3408 668 3463 ἐκείνου
704 3412 1008 3462 scribendum
1048 3412 1152 3462 erit.
1225 3412 1454 3463 Confems
1493 3427 1616 3477 quae
1652 3411 1699 3461 in
1736 3411 1890 3463 libro:
1927 3411 2100 3461 Inuere
2138 3410 2308 3461 Gesch.
2348 3412 2393 3463 d.
2415 3413 2522 3476 Byz.

204 3500 371 3548 Rechts
408 3514 453 3562 p.
483 3498 547 3549 49
585 3498 694 3548 dixi.
878 3495 918 3522 ²²
952 3499 987 3546 B
1025 3489 1418 3563 ἀρχαιοτέροις.
1598 3492 1637 3522 ²³
1672 3496 1857 3559 Reliqui
1895 3505 2084 3560 praeter
2117 3494 2153 3544 B
2192 3488 2517 3562 φιλόνεικον.

205 3580 242 3609 ²⁴
277 3584 308 3632 B
345 3577 468 3631 τόδε
504 3589 551 3631 ει
585 3596 690 3630 mox
728 3576 931 3647 ῥᾳδίως
965 3582 1153 3631 omittit.
1301 3578 1343 3606 ²⁵
1379 3580 1446 3630 lta
1482 3581 1533 3629 B.
1572 3579 1759 3643 Reliqui
1797 3575 1883 3633 ὥς.
2038 3577 2079 3606 ²⁶
2115 3580 2183 3629 Ab
2220 3580 2294 3629 his
2332 3581 2522 3630 demum

203 3667 346 3715 verbis
380 3666 481 3716 Ecl.
517 3666 697 3728 incipit.
847 3662 884 3690 ²⁷
920 3664 987 3713 lla
1024 3665 1056 3713 Β
1095 3674 1143 3714 ει
1178 3665 1276 3714 Eoi.
1329 3663 1522 3727 Reliqui
1557 3662 1656 3711 τοῦ
1691 3663 1819 3710 θαν.
1979 3660 2021 3689 ²⁰
2058 3664 2138 3713 Sic
2175 3678 2228 3712 ex
2268 3664 2301 3711 B
2340 3670 2387 3713 et
2423 3664 2520 3713 Ecl.

207 3749 381 3813 Reliqui
414 3741 629 3815 παρείη.
772 3744 813 3773 ⁸⁹
847 3748 1046 3808 Scrimg.
1083 3739 1375 3812 διασπάσῃ.

1050 4034 1653 4047 ,ο--οῂ--υ--ο----ι-..-·

298 4334 374 4384 ΙΙΙ.
2087 4328 2114 4377 7
