2900 4950
316 175 442 238 252
1177 188 1298 240 eon.
1337 188 1415 238 m.
1488 188 1600 237 κον.
1638 188 1688 237 v.
1725 188 1797 238 vu.

314 332 734 404 ἀναστέλλειν
791 333 1279 414 σπουδάζοντες
1336 337 1486 413 πῶς
1554 327 1635 402 ἂν
1706 333 1800 414 είς
1864 333 2107 401 οἰκεῖον
2168 334 2398 417 κέρδος
2460 336 2663 400 τοῦτο

316 433 857 521 ἆνερυθριάστως
903 436 1383 521 διορισαίμεθα
1402 440 1483 516 ¹⁰⁸,
1532 432 1610 501 οὗ
1657 435 1879 523 κοινὴν
1923 431 2249 523 ὠφέλειαν
2295 428 2433 500 ἀλλ’
2484 434 2665 502 ἰδίαν

318 543 680 604 ποιεῖσθαι
745 536 1338 621 ἐξελεγχόμενοι,·“ω
1391 574 1481 584 --
1535 532 1706 603 ἀλλὰ
1756 541 1874 624 τῆς
1926 539 2060 603 τῶν
2115 534 2416 623 πενήτων
2475 535 2667 602 ἕνεκα

315 645 763 726 προμηθείας)
783 659 796 671 ·
841 640 973 704 τῶν
1002 632 1468 723 εὐτελεστέρων
1500 638 1573 704 δὲ
1601 639 1709 703 καὶ
1742 632 2119 722 άναργύρως
2149 636 2659 719 ἐκδιωκομένων,

315 743 422 807 καὶ
492 739 605 806 διὰ
659 742 776 826 τῆς
839 739 1301 827 προσηκούσης
1364 744 1689 825 τιμωρίας
1753 738 2361 826 σωφρονιζομένων.
2449 740 2664 803 ταῦτα

312 852 577 928 κρατεῖν
620 836 789 925 ὑπὲρ
834 845 950 928 τῆς
992 844 1124 907 τῶν
1168 836 1477 927 ὑπηκόων
1522 845 1850 926 σωτηρίας
1891 839 2298 926 βουλόμεθα,
2348 834 2521 923 ὑπὲρ
2566 827 2662 904 ὦν

318 942 535 1030 πολλὴ
579 944 687 1009 καὶ
733 942 1028 1029 διηνεκὴς
1079 937 1235 1029 ἡμῖν
1278 939 1628 1025 πρόκειται
1669 939 1975 1025 πρόνοια.
2067 940 2124 1008 εἰ
2167 939 2289 1026 γὰρ
2332 938 2662 1026 τοσαύτην

316 1044 623 1128 ἐθέμεθα
664 1046 796 1110 τῶν
839 1039 975 1109 ὑπὸ
1017 1053 1205 1127 χεῖρα
1247 1040 1602 1126 πρόνοιαν,
1650 1037 1742 1121 ὥς
1782 1041 2063 1128 μηδενὸς
2107 1047 2484 1130 φείσασθαι
2523 1044 2659 1108 τῶν

321 1145 802 1213 συντελούντων
858 1145 953 1225 εἰς
1008 1142 1423 1227 ἐλευθερίαν,
1485 1138 1568 1210 δι’
1617 1140 1662 1209 ἃ
1715 1145 1825 1210 καὶ
1877 1147 2090 1229 χῶραι
2133 1147 2244 1209 καὶ
2286 1145 2506 1226 κῶμαι
2546 1143 2659 1208 καὶ

313 1246 550 1326 πόλεις
593 1250 758 1313 θεοῦ
805 1248 1270 1332 συνεργοῦντος
1311 1240 1469 1331 ἡμῖν
1514 1250 1991 1330 προσεγένοπο
2042 1247 2179 1311 τῶν
2223 1240 2654 1323 ὑπεναντίων,

315 1349 386 1415 αἱ
428 1350 549 1433 μὲν
595 1348 782 1433 ἔργον
825 1349 1123 1431 πολέμου
1167 1344 1533 1432 γενόμεναι,
1581 1345 1652 1412 αἱ
1697 1346 1769 1413 δὲ
1811 1348 1905 1432 τῷ
1935 1344 2188 1413 τούτων
2216 1341 2658 1430 ὑποδείγματι

313 1451 423 1517 καὶ
465 1453 560 1535 τῷ
604 1453 721 1536 τῆς
765 1445 1075 1527 ἁλώσεως
1118 1450 1226 1515 καὶ
1272 1447 1409 1533 πρὸ
1451 1450 1570 1533 τῆς
1598 1448 1960 1534 πολεμικῆς
1989 1443 2241 1513 ἁλοῦσα
2272 1445 2464 1535 φόβῳ
2495 1445 2658 1512 σάλ-

312 1573 550 1636 πιγγος
593 1561 1053 1635 προσρυεῒσαι,
1099 1553 1209 1616 καὶ
1251 1548 1577 1637 τοσαύτην
1619 1560 1764 1628 τοῖς
1792 1545 2113 1637 ὑπηκόοις
2145 1550 2658 1634 παρασχεθῆναι

314 1654 432 1739 τῆς
476 1652 836 1737 πολεμικῆς
880 1650 1128 1738 ἐφόδου
1171 1650 1287 1738 τὴν
1336 1650 1722 1735 ἐλευθερίαν
1778 1655 1945 1718 θεοῦ
2003 1652 2467 1735 συνεργοῦντος
2510 1649 2657 1736 διη-

310 1752 763 1839 γωνισάμεθα,
812 1747 996 1839 εὐχῆς
1038 1756 1146 1819 καὶ
1193 1753 1493 1837 σπουδῆς
1538 1752 1724 1838 ἔργον
1755 1754 2277 1837 προθέμενοι“0-·
2326 1750 2391 1816 οἱ
2432 1757 2655 1818 τοίνυν

316 1853 488 1938 πρὸς
539 1853 656 1941 τὴν
712 1857 844 1919 τῶν
901 1853 1151 1933 ἔξωθεν
1198 1853 1458 1938 ἐχθρῶν
1519 1852 1852 1940 ἐπιφορὰν
1908 1857 2200 1920 τοσαῦτα
2253 1851 2656 1937 κατεργασά-

311 1978 539 2039 μενοι,
606 1955 762 2033 τοὺς
817 1954 1097 2033 οἰκείους
1151 1958 1257 2022 καὶ
1315 1955 1592 2023 ἔνδοθεν
1650 1951 1845 2034 ὄντας
1889 1954 2169 2039 ἐχθροὺς
2209 1957 2327 2042 τῆς
2366 1953 2652 2041 φύσεως,

313 2059 430 2144 τῆς
473 2055 802 2136 πλάσεως,
847 2060 963 2144 τῆς
1007 2051 1314 2141 εὐνομίας
1356 2060 1507 2136 πῶς
1552 2050 1666 2123 οῦκ
1710 2051 2242 2142 ἀποτριψόμεθα
2279 2058 2375 2142 τῷ
2419 2056 2653 2142 δικαίῳ
2754 2066 2769 2081 ‘

313 2161 432 2245 τῆς
475 2157 858 2242 ἐλευθερίας
898 2157 1296 2243 βουλήματι,
1350 2162 1444 2245 τῷ
1489 2163 1779 2246 τμητικῷ
1821 2161 1937 2244 τῆς
1980 2156 2321 2244 παρούσης
2365 2163 2655 2241 νομοθε-

313 2265 466 2337 σίας
507 2262 614 2325 καὶ
663 2260 1122 2344 ἑλευθερίας““
1169 2261 1366 2346 ξίφει,
1414 2257 1945 2344 δυσχεραίνοντες
1973 2259 2084 2325 καὶ
2110 2258 2547 2344 βαρυνόμενοι
2573 2258 2652 2324 τὸ

312 2355 686 2446 ἀκόρεστον,
732 2359 849 2446 τὴν
893 2360 1352 2446 πλεονεκτικὴν
1397 2355 1883 2445 ἀποτέμνοντες
1925 2367 2336 2447 προαίρεσιν,
2382 2363 2489 2427 καὶ
2532 2363 2651 2427 τοῦ

312 2461 503 2549 ζυγοῦ
547 2465 665 2550 τῆς
706 2465 1089 2550 τυραννικῆς
1130 2464 1236 2529 καὶ
1280 2469 1554 2549 βαρείας
1596 2467 1704 2552 καὶ
1745 2463 1964 2550 χειρὸς
2006 2465 2114 2531 καὶ
2143 2461 2403 2551 γνώμης
2431 2456 2653 2530 ἄπαυ-

305 2565 665 2647 χενίζοντες
698 2563 777 2629 τὸ
808 2560 1133 2650 ὖπήκοον,·
1175 2569 1384 2632 ταῦτα
1411 2565 1528 2632 ἐπὶ
1559 2568 1674 2652 τῆς
1706 2565 2036 2633 tamazem
2078 2567 2390 2647 διηνεκῶς
2429 2570 2650 2650 μένειν

312 2664 532 2748 ἰσχύος
577 2667 849 2744 ἕκαστος
889 2669 1021 2732 τῶν
1053 2665 1336 2747 δικάζειν
1366 2667 1698 2750 λαχόντων
1740 2667 2306 2752 παρασκευαζέτω,
2356 2667 2451 2745 εἰς
2478 2670 2649 2733 θεοῦ

309 2772 685 2850 θεραπείαν
714 2770 826 2834 καὶ
866 2770 982 2853 τῆς
1027 2767 1098 2847 ἐξ
1124 2762 1325 2835 αὐτοῦ
1354 2770 1701 2854 βασιλείας
1743 2766 1948 2857 ἡμῶν,
1997 2769 2092 2849 εἷς
2118 2768 2341 2856 κοινὴν
2362 2770 2424 2804 ¹¹³
2465 2769 2651 2834 λυσι-

309 2870 565 2956 τέλειαν
606 2871 716 2936 καὶ
761 2863 1107 2958 ὠφέλειαν.

1186 3071 1643 3080 ommw
1696 3075 1703 3078 τ
1719 3073 1781 3080 .—

1320 3262 1493 3324 Nov.
1538 3262 1630 3324 vl.

797 3380 946 3459 Imp.
995 3379 1479 3442 Constantini
1524 3380 2163 3462 porphyrogeniti

451 3480 524 3541 de
569 3479 907 3560 potentibus
950 3481 1190 3560 praedia
1234 3501 1559 3563 pauperum
1606 3483 2046 3564 acquirentibus
2063 3485 2099 3545 ¹.
2188 3483 2279 3559 (Α.
2326 3486 2500 3560 947.)

309 3645 558 3740 Νεαρά
589 3652 619 3696 ²
668 3654 805 3720 τοῦ
855 3655 1093 3742 ampo&
1142 3677 1188 3723 κ
1205 3679 1265 3722 ω
1283 3678 1328 3723 ν
1346 3675 1391 3721 σ
1405 3680 1448 3724 τ
1466 3681 1513 3724 α
1533 3679 1633 3727 ντ
1650 3649 1740 3725 ίν
1757 3680 1796 3726 ο
1814 3679 1862 3726 υ
1910 3659 2048 3725 τοῦ
2096 3650 2463 3748 βασιλέως
2510 3658 2647 3724 τοῦ

305 3762 1012 3867 πορφυρογεννήτου
1035 3768 1376 3866 περὶτῶν
1399 3769 1936 3865 εἶσερχομένων
1959 3768 2319 3845 δυνατῶν
2339 3774 2440 3851 εἷς
2459 3767 2648 3844 ἀνα-

438 3967 497 3997 ¹⁰⁸
533 3971 679 4020 Labi».
716 3966 1130 4039 διωρησάμεθα.
1343 3971 1403 4002 ¹⁰⁹
1450 3975 1645 4026 Leunoi.
1682 3967 1852 4042 ἐλεη.
2064 3972 2120 4003 '¹⁰
2167 3975 2314 4026 Labb.
2349 3969 2640 4042 προτιθέμ.

303 4050 354 4079 ¹¹¹
389 4055 542 4104 Verba
573 4049 666 4102 καὶ
700 4048 772 4102 ἔλ.
814 4058 938 4120 apud
977 4059 1171 4109 Leunoi.
1208 4059 1398 4110 desunt.
1518 4057 1575 4085 ¹¹²
1611 4060 1806 4110 Leunoi.
1844 4050 2030 4121 αῦτῆς.
2137 4057 2190 4087 ¹¹⁸
2227 4059 2424 4110 Leunoi.
2447 4050 2641 4124 μόνην.

441 4134 457 4163 ¹
494 4139 794 4189 Constantini
831 4141 1068 4192 Noveliam
1107 4144 1166 4192 de
1201 4145 1479 4207 potentibus
1517 4144 1713 4207 praedia
1747 4159 2012 4208 pauperum
2034 4145 2395 4209 acquirentibus
2415 4147 2647 4205 integram

305 4222 495 4272 servavit
534 4222 768 4285 appendix
806 4227 1080 4289 synopseos
1119 4228 1153 4289 1,
1191 4229 1232 4277 ΙΙ
1270 4235 1318 4277 et
1353 4229 1415 4278 ΙΙΙ
1452 4228 1653 4279 elassis:
1709 4231 1987 4294 synopseos
2022 4230 2041 4278 1
2078 4228 2136 4278 ol.
2174 4228 2413 4293 appendix
2446 4227 2646 4291 insuper

307 4307 448 4357 ctiam
487 4306 726 4369 epitomen
764 4308 867 4371 ejus
904 4309 1122 4359 Novellae
1169 4318 1395 4374 praestat.
1467 4311 1629 4363 Edidit
1663 4295 1859 4363 Leunoi.
1895 4321 2006 4376 post
2040 4314 2151 4378 Syn.
2189 4329 2236 4377 p.
2261 4314 2321 4364 u
2359 4321 2409 4362 et
2438 4312 2565 4363 JGR.
2604 4311 2643 4360 n
