2900 4950
1282 313 1638 375 Prolegomena.
2565 314 2622 401 ιιι

290 462 635 543 rographiae
679 461 908 543 imperii
954 477 1013 525 et
1054 462 1335 524 historiae
1380 463 1650 543 inprimis
1688 462 1841 544 juris
1871 463 2367 526 Graeco-Romani
2413 483 2617 527 novam

292 573 350 625 et
390 564 815 643 inexpectatam
859 563 1047 625 lucem
1101 564 1327 626 allaturi
1372 564 1511 626 sint.

1306 769 1311 775 ·
1398 734 1488 805 .C.

462 866 778 946 Imperium
826 868 1300 946 Graecum-post
1347 875 1576 946 captam
1622 885 1653 926 a
1700 865 1924 928 Latinis
1972 865 2518 946 Constantinopolin
2559 866 2619 927 in

293 966 484 1028 varios
538 964 904 1048 principatus
958 977 1076 1029 tam
1122 967 1464 1029 Latinorum
1523 986 1697 1047 qnam
1745 968 2098 1029 Graecorum
2156 967 2471 1029 laem-atum
2518 978 2623 1028 est.

303 1065 385 1131 Οἱ
428 1066 730 1148 βασιλεῖς
770 1068 876 1131 καὶ
925 1061 1401 1149 αὐτοκράτορες
1442 1069 1576 1130 τῶν
1622 1066 1951 1149 ρωμαίων,
1999 1069 2096 1146 qui
2130 1066 2376 1129 Nicaeae
2422 1087 2628 1148 regna-

295 1177 467 1241 runt,
527 1187 634 1247 pro
688 1169 839 1229 veris
895 1170 1334 1232 successorihus
1381 1169 1803 1248 Imperatorum
1851 1169 2625 1249 Constantinopolitanomm

295 1267 479 1328 habiti
527 1277 694 1339 sunt,
746 1279 807 1330 et
850 1279 984 1348 post
1028 1269 1446 1349 quinquaginta
1492 1278 1553 1331 et
1597 1270 1752 1349 quod
1799 1269 2027 1335 excedit
2067 1286 2256 1333 annos
2301 1271 2626 1331 Constanti·

298 1367 537 1446 nopolin
584 1376 1095 1448 recuperaverunt.
1175 1371 1311 1433 ldeo
1356 1370 1584 1431 illorum
1633 1370 1867 1449 quidem
1914 1369 2364 1431 constitutiones
2407 1370 2467 1431 in
2503 1370 2627 1431 Col-

299 1469 513 1530 latione
554 1469 600 1528 V
655 1481 926 1550 recept&
971 1482 1141 1545 sunt,
1186 1471 1428 1532 aliorum
1479 1488 1612 1533 vero
1658 1471 1988 1552 principum
2036 1473 2392 1533 Graecorum
2438 1463 2622 1554 ἀργυ-

298 1565 653 1651 ρόβουλλα,
712 1569 1032 1654 σιγίλλια,
1094 1567 1577 1654 προστάγματα
1619 1581 1680 1635 et
1721 1572 1778 1633 id
1825 1592 2013 1652 genus
2058 1574 2244 1635 3113“3
2291 1573 2626 1634 collectione

294 1682 423 1733 'mea
482 1671 669 1732 aliena
728 1691 860 1735 esse
915 1673 1131 1753 putavi.
1222 1674 1297 1735 Ut
1353 1684 1545 1735 tamen
1603 1674 1922 1751 intelligas,
1995 1692 2283 1754 quaenam
2342 1674 2626 1755 ejusmodi

297 1782 422 1835 acta
455 1774 773 1852 supersint,
818 1794 891 1835 en
925 1775 1025 1836 tihi
1061 1775 1382 1854 catalogum
1418 1794 1621 1837 eorum
1656 1776 1881 1848 saltem,
1914 1795 2064 1855 quae
2098 1776 2248 1856 typis
2278 1772 2430 1837 edita
2462 1786 2626 1838 sunt:

472 1880 528 1937 1.
591 1862 1001 1958 Πρὸσῖταγμα
1067 1878 1348 1956 despotae
1406 1876 1800 1937 Michaelis
1859 1877 2106 1938 Ducae
2174 1878 2373 1938 datum
2431 1896 2628 1937 mense

246 2031 259 2038 -
294 1975 471 2036 Junio
514 1976 639 2037 incl.
686 1976 764 2038 IX
808 1984 884 2048 (a.
923 1981 1107 2053 1206)
1162 1978 1219 2037 in
1264 1977 1508 2055 gratiam
1557 1977 2018 2055 Ragusanorum.
2065 1978 2433 2041 ‘Ediderunt
2473 1978 2629 2039 Tafel

297 2086 358 2138 et
397 2076 654 2140 Thomas
696 2078 757 2139 in
802 2074 1201 2159 Sitz'ungsber.
1246 2078 1303 2138 (l.
1349 2076 1496 2138 kais.
1541 2076 1721 2143 Akad.
1771 2080 1830 2139 d.
1878 2080 2050 2141 WisS.
2094 2076 2169 2140 v1
2212 2080 2403 2153 (Wien
2446 2082 2627 2156 1851)

190 2238 207 2249 ,
297 2198 357 2257 p.
404 2183 549 2244 526.

468 2282 529 2343 2.
590 2280 997 2343 Juramentum
1052 2280 1351 2342 fidelitatis
1395 2279 1768 2342 venetiarum
1815 2280 1955 2347 [luci
2015 2280 2360 2360 praestitum
2416 2300 2448 2341 3
2505 2281 2634 2342 Mi-

298 2381 560 2442 chaele
606 2383 1014 2457 comneno,
1063 2384 1305 2462 despota
1351 2386 1524 2444 Artae
1568 2388 1646 2455 (3.
1683 2386 1891 2456 1210).
1981 2382 2310 2445 Ediderunt
2351 2382 2526 2444 iidem
2569 2383 2628 2444 in

297 2483 449 2545 libro
494 2495 615 2545 not.
647 2488 730 2548 20
775 2485 1009 2546 laudato
1055 2485 1105 2545 11
1150 2502 1207 2564 p.
1250 2480 1385 2549 119.

471 2588 529 2650 3.
597 2586 916 2647 Promissio
974 2585 1238 2666 ejusdem
1300 2584 1694 2647 Michaelis
1751 2588 1898 2648 facta
1946 2586 2318 2651 Venetiamm
2364 2585 2505 2647 Duci
2555 2591 2630 2658 (a.

304 2689 512 2760 1210).
598 2688 924 2749 Ediderunt
966 2687 1138 2747 iidem
1188 2687 1225 2747 l.
1258 2686 1293 2747 l.
1342 2707 1397 2766 p.
1436 2691 1576 2751 120.

470 2794 532 2851 4.
589 2789 967 2849 Confirmatio
1012 2789 1445 2868 privilegiorum
1491 2787 1772 2877 ecclesiae
1816 2788 2196 2868 Corcyrensis
2236 2806 2345 2868 per
2387 2788 2637 2869 impera-

296 2901 490 2950 torem
516 2889 1118 2950 =Thessalonicenaem
1162 2890 1634 2950 Theodorum
1681 2890 2130 2952 Comnennm
2177 2891 2322 2951 sacta
2365 2909 2417 2951 a.
2457 2893 2632 2958 1228.

299 2990 507 3050 Edidit
550 2988 820 3050 Clemens
866 2990 1023 3067 Biagi
1071 2989 1445 3051 Monumenta
1497 2987 1952 3049 Graeco-Latina
1997 3011 2055 3069 p.
2090 2994 2211 3054 209
2230 2991 2290 3051 ²³.

477 3094 536 3153 5.
580 3086 990 3171 Πρόσταγμα
1032 3090 1309 3168 despotae
1357 3087 1722 3149 Manuelis
1770 3088 2008 3148 Ducae
2053 3090 2113 3149 in
2156 3092 2398 3168 gratiam
2447 3092 2636 3169 [lagu-

299 3210 583 3254 sanorum
630 3193 828 3251 (latum
877 3208 1079 3250 mense
1123 3189 1329 3249 Martio
1372 3189 1495 3250 ind.
1529 3189 1628 3249 vu
1673 3194 1750 3259 (a.
1790 3186 2037 3262 1234‘1).
2112 3190 2438 3253 Ediderunt
2479 3193 2637 3254 Tal'el

299 3303 363 3356 et
402 3292 658 3353 Thomas
700 3292 760 3353 in
811 3291 1346 3369 Sitzungsberichte
1390 3290 1427 3351 1.
1463 3290 1500 3351 Ι.
1547 3310 1605 3370 p.
1639 3294 1783 3352 524.
1959 3302 1982 3317 ·

473 3398 532 3459 6.
600 3387 909 3474 Ὁρισμὸς
965 3393 1245 3472 despotae
1304 3391 1699 3454 Michaelis
1745 3391 1987 3453 Ducae
2046 3410 2154 3471 pro
2201 3391 2524 3470 Ragusanis
2567 3392 2637 3454 de
2685 3451 2707 3470 ,

298 3515 508 3559 mense
553 3495 791 3557 Octobri
836 3496 958 3556 ind.
990 3480 1066 3555 x'l
1112 3501 1189 3572 (a.
1230 3492 1474 3569 1238?)‚
1520 3493 1712 3555 editus
1759 3493 1832 3554 ab
1876 3492 2084 3553 iisdem
2131 3493 2170 3554 1.
2203 3492 2241 3554 l.
2288 3512 2347 3573 p.
2382 3496 2524 3559 528.

401 3611 408 3618 ’
474 3601 531 3660 7.
576 3594 908 3679 Σιγίλλιον
955 3595 1322 3676 imperatoris
1364 3595 1780 3675 Trapezuntini
1811 3594 2134 3656 Joannis
2165 3594 2402 3656 Alexii
2437 3596 2639 3656 Com·

300 3700 476 3761 neni
538 3719 740 3760 mense
784 3698 990 3759 Martio
1047 3698 1167 3759 ind.
1204 3696 1253 3758 ll
1300 3696 1437 3758 anni
1492 3701 1650 3762 1364
1698 3695 1933 3757 venetis
1978 3716 2360 3769 concessum,
2419 3697 2476 3757 in
2525 3717 2636 3775 quo

297 3801 575 3864 laudatur
637 3799 934 3879 antiquius
994 3795 1482 3880 χρυσόβουλλον
1547 3798 1785 3859 Alexii
1852 3797 2094 3875 Magni
2155 3797 2512 3860 Comneni
2569 3799 2638 3858 de

301 3920 510 3964 mense
564 3900 718 3962 Julio
775 3902 895 3961 ind.
929 3900 977 3960 ll
1038 3899 1175 3960 anni
1233 3899 1464 3962 131925.
1555 3898 1638 3958 Ex
1700 3899 1841 3959 Cod.
1887 3897 2235 3959 Taurinensi
2288 3901 2404 3961 117
2464 3897 2641 3962 edidit

302 4003 501 4064 Pasini
549 4001 725 4063 Catal.
773 4001 797 4062 1
838 4021 898 4082 p,
927 4004 1071 4065 222.

934 4166 1015 4173 .—

440 4254 480 4282 ²⁵
515 4255 586 4306 Cl'.
625 4255 819 4304 Buclion
858 4254 1002 4304 Nouv.
1037 4255 1326 4303 recherches
1362 4254 1473 4302 hist.
1512 4267 1595 4301 sur
1629 4252 1672 4301 lo
1711 4253 1912 4316 princip.
1951 4251 2101 4303 franc.
2127 4252 2188 4301 de
2212 4252 2413 4301 Moreel
2452 4267 2498 4314 p.
2521 4254 2637 4302 ⁴04.

301 4337 350 4366 ²⁶
384 4341 451 4404 De
488 4339 881 4389 conventionibus
918 4339 1042 4388 inter
1073 4338 1450 4402 Trapezuntinos
1487 4337 1804 4400 imperatores
1841 4345 1891 4386 et
1924 4331 2130 4387 Venetos
2163 4337 2379 4386 videntur
2397 4336 2498 4385 -lus,
2522 4337 2638 4385 Mn!-

300 4423 434 4474 lerus
469 4425 517 4474 in
555 4424 876 4485 Sitmingsber.
915 4423 960 4474 d.
997 4421 1117 4472 kain.
1155 4423 1299 4472 Aknd.
1336 4423 1381 4473 d.
1422 4422 1565 4471 Wiss.
1604 4422 1680 4472 vu
1717 4422 1889 4481 (1851)
1927 4422 2095 4485 p.334
2115 4435 2226 4484 sqq.
