2900 4950
327 256 454 328 398
1187 270 1310 326 con.
1344 271 1417 322 ιν.
1487 272 1601 324 Nm.
1635 268 1823 326 xxxiv.

1341 417 1639 498 Λύσις.

496 540 630 605 Καὶ
672 535 789 623 τὴν
830 539 964 604 τῶν
1009 540 1383 625 συνηθειῶν
1437 539 1549 604 καὶ
1608 536 1920 606 ἕλατικῶν
1964 537 2315 622 εἴσπραξιν
2361 535 2477 604 διὰ
2515 560 2672 605 νου·-

313 648 496 727 ·μίων
538 637 579 729 ἦ
623 641 933 726 βασιλεία
972 662 1102 724 μου
1137 646 1537 725 προβαίνειν
1584 640 1941 725 διορίζεται
1983 641 2094 706 καὶ
2135 637 2347 722 μόνας
2382 638 2466 727 ιη’
2500 639 2669 727 962-

325 743 462 822 λεις
506 741 1038 826 εἰσπράττεσθαι
1077 736 1181 827 ἐφ’
1216 740 1469 828 ἑκάστῳ
1498 748 1859 826 νομίσματι
1898 740 2034 809 εἴτε
2063 739 2176 807 διὰ
2205 740 2271 807 δ’
2316 742 2670 829 μιλλιαρηι-

325 850 490 911 σίων
533 840 627 924 ὥς
669 840 933 910 ἄνωθεν
979 843 1376 929 διείληπται,
1421 836 1544 910 κᾶν
1588 841 1683 921 εἰς
1722 841 1900 908 πολὺ
1944 840 2165 909 ποσὸν
2187 840 2271 920 τὸ
2311 838 2468 928 παρ’
2516 843 2668 912 ἑκά-

323 970 485 1013 στου
542 943 930 1030 τελούμενον
987 943 1309 1032 δημόσιον
1364 946 1773 1031 κορυφοῦται
1829 937 1947 1010 κᾶν
2012 943 2106 1023 εἷς
2170 943 2460 1012 ἔλαττον.
2550 945 2666 1025 δὸς

321 1038 441 1115 οὖν
485 1048 740 1135 εἴδησιν
779 1045 1145 1133 ε’γγραπτον
1188 1049 1320 1113 τῶν
1362 1046 1684 1113 τοιούτων
1728 1046 2118 1130 οἰκονομιῶν
2157 1050 2252 1133 τῷ
2297 1047 2666 1133 ἐνεργοῦντι

320 1147 443 1230 τὰς
486 1148 752 1228 δυτικὰς
802 1149 1190 1236 διοικήσεις,
1249 1148 1362 1218 ἵνα
1413 1142 1551 1215 κατ’
1600 1143 1802 1237 αὐτὴν
1857 1142 2197 1237 ἀπαιτήσῃ
2252 1147 2332 1215 τό
2373 1174 2448 1217 τε
2491 1150 2663 1217 δικε-

321 1249 854 1339 ρατοεξάφολλον
895 1252 1002 1318 καὶ
1045 1249 1130 1318 τὰ
1172 1253 1305 1317 τῶν
1350 1253 1725 1337 συνηθειῶν
1766 1251 1873 1316 καὶ
1918 1253 2035 1316 τοῦ
2067 1250 2386 1331 ἐλατικοῦ,
2433 1249 2526 1330 ὥς
2550 1254 2660 1319 καὶ

319 1351 856 1439 τοιουτοτρόπως
927 1346 1184 1439 ὀφείλει
1247 1353 1773 1440 λογοριασθῆναι
1827 1346 1928 1438 ἐφ’
1977 1347 2082 1431 οἷς
2125 1346 2262 1419 άπὸ
2304 1360 2660 1438 μαρτίου

315 1454 525 1550 μηνὸς
579 1458 695 1544 τῆς
751 1453 1093 1542 παρούσης
1132 1453 1193 1539 β’
1243 1453 1364 1520 ἰνδ.
1410 1449 1448 1538 ἦ
1494 1457 1707 1533 κακῶς
1751 1452 2165 1541 ἐκληφθεῒσα
2217 1464 2362 1533 τοῖς
2411 1457 2663 1543 διοικη-

319 1567 471 1636 ταῒς
524 1557 677 1641 περὶ
732 1557 866 1622 τῶν
911 1553 977 1621 δ’
1022 1556 1504 1642 μιλλιαρησίων
1561 1559 1853 1640 προτέρα
1912 1551 2096 1634 λύσις
2149 1558 2264 1645 τῆς
2315 1559 2661 1641 βασιλείας

317 1682 448 1748 μου
493 1655 608 1725 διὰ
649 1660 765 1745 τῆς
791 1655 1386 1745 μεταγενεστέραςα
1406 1652 1564 1743 ύτῆς
1593 1653 2019 1741 προστάξεως
2049 1656 2381 1744 ἐσχόλασε.
2440 1657 2518 1724 τό
2550 1660 2657 1726 δὲ·

317 1762 475 1848 μηνὶ
533 1758 817 1846 ἰουνίῳ
873 1757 994 1824 ι’νδ.
1044 1757 1177 1843 [β’],
1249 1751 1332 1824 δι’
1383 1756 1686 1844 ἑρυθρῶν
1728 1758 2129 1844 γραμμάτων
2171 1761 2290 1824 τοῦ
2331 1762 2662 1846 βασιλέως

317 1856 504 1950 ἡμῶν
559 1855 676 1927 τοῦ
722 1856 929 1947 ἁγίου,
987 1861 1095 1928 καὶ
1151 1856 1190 1947 ἦ
1238 1857 1352 1926 διὰ
1393 1862 1592 1952 κηροῦ
1647 1860 1942 1947 συνήθης
1983 1856 2284 1949 σφραγίς.
2375 1856 2506 1950 εἶχε
2546 1863 2659 1929 καὶ

317 1961 430 2030 τὸ·
474 1961 902 2051 κατεστρώθη
947 1963 1064 2028 τοῦ
1109 1961 1475 2047 λογοθὲτου
1519 1963 1626 2029 καὶ
1670 1963 1788 2028 τοῦ
1829 1961 2117 2050 μεγάλου
2161 1963 2617 2050 λογαριαστοῦ.

905 2180 1010 2247 Αἱ
1053 2176 1439 2269 ὕπογραφαὶ
1483 2183 1616 2248 τῶν
1662 2184 2064 2267 σεκρετικῶν.

480 2331 553 2403 ‘0
595 2328 865 2414 άνάξιος
908 2334 1143 2412 δοῦλος
1183 2336 1302 2400 τοῦ
1345 2336 1661 2419 κραταιοῦ
1705 2335 1813 2402 καὶ
1868 2329 2058 2419 ἁγίου
2101 2329 2286 2423 ἡμῶν
2327 2339 2655 2421 βασιλέως

660 2436 769 2511 καὶ
810 2432 1064 2521 γενικὸς
1103 2460 1151 2519 μ
1169 2433 1406 2525 ιχαήλ
1451 2430 1488 2502 o‘
1530 2458 1773 2523 κουτρ
1791 2441 1983 2515 ίκος.

478 2534 550 2607 ‘0
605 2535 1041 2624 λογαριαστὴς
1098 2540 1217 2604 τοῦ
1277 2543 1581 2623 σεκρέτου
1635 2541 1754 2604 τοῦ
1813 2541 2069 2624 γενικοῢ
2120 2545 2171 2625 β
2183 2565 2228 2609 α
2240 2562 2283 2606 σ
2296 2546 2323 2615 ί
2335 2541 2373 2607 λ
2387 2566 2418 2609 ε
2431 2565 2507 2615 ιο
2521 2567 2556 2625 ς
2612 2539 2650 2623 ὁ

661 2664 699 2705 τ
715 2637 752 2719 ζ
761 2663 786 2711 ι
797 2663 835 2722 ρ
851 2642 878 2703 ί
891 2643 944 2703 θ
958 2664 1010 2705 ω
1027 2666 1080 2707 ν.

477 2736 548 2809 Ὁ
603 2743 721 2809 τοῦ
785 2735 986 2809 αὐτοῦ
1043 2745 1347 2825 σεκρέτου
1401 2739 1746 2826 βασιλικὸς
1800 2741 2105 2827 νοτάριος
2158 2768 2201 2830 γ
2214 2769 2246 2811 ε
2260 2742 2313 2813 cb
2326 2770 2363 2831 ρ
2377 2769 2417 2833 γ
2431 2771 2460 2811 ι
2472 2728 2557 2826 ος
2611 2742 2647 2813 ὅ

657 2836 1269 2935 άπιμπιθιούμ.

476 2939 549 3013 ‘0
577 2946 694 3013 τοῦ
725 2938 928 3011 αὐτοῦ
960 2948 1263 3029 σεκρέτου
1293 2945 1410 3010 τοῦ
1437 2946 1694 3030 γενικοῦ
1729 2942 2076 3029 βασιλικὸς
2104 2946 2410 3035 νοτάριος
2450 2974 2488 3016 κ
2500 2975 2601 3019 ων
2615 2988 2648 3000 -

579 3094 600 3107 ι
658 3057 1104 3131 σταντῒνος
1150 3040 1187 3112 ὃ
1231 3046 1655 3133 ρωθωνᾶς.

472 3144 519 3223 'I
529 3176 583 3219 ω
599 3148 642 3216 ά
657 3175 691 3215 ν
704 3175 739 3215 ν
752 3174 792 3236 η
807 3174 842 3227 ς
880 3147 1225 3234 βασιλικὸς
1267 3146 1574 3233 νοτάριος
1614 3149 1733 3215 τοῦ
1779 3153 2082 3235 σεκρέτου
2136 3152 2255 3219 τοῦ
2306 3155 2564 3239 γενικοῦ
2610 3148 2646 3218 ὃ

656 3273 699 3319 σ
714 3277 746 3318 ε
757 3276 794 3339 ρ
805 3258 853 3335 β
864 3252 903 3315 λ
915 3248 943 3316 ι’
954 3276 998 3316 α
1013 3275 1065 3329 ς.

471 3347 543 3420 ‘0
582 3350 927 3438 βασιλικὸς
968 3351 1273 3436 νοτάριος
1314 3353 1432 3418 τοῦ
1480 3354 1783 3439 oenoe-con
1811 3353 1928 3417 τοῦ
1955 3354 2210 3438 γενικοῦ
2255 3379 2289 3420 ν
2304 3378 2380 3423 ικ
2393 3351 2429 3421 ό
2443 3353 2591 3425 λαο
2606 3381 2645 3435 ς

659 3448 695 3518 ὃ
738 3477 778 3519 τ
790 3477 827 3540 ρ
842 3458 934 3540 ίφ
945 3479 984 3517 υ
999 3453 1038 3517 λ
1049 3453 1090 3518 λ
1102 3476 1139 3518 ο
1153 3477 1204 3530 ς,

466 3616 540 3688 Ὁ
582 3618 804 3708 κριτὴς
844 3622 964 3686 τοῦ
1006 3620 1210 3708 βήλου
1239 3621 1346 3687 καὶ
1393 3618 1505 3686 ἐπὶ
1551 3623 1671 3686 τοῦ
1716 3618 2143 3706 ἱπποδρόμ
2160 3644 2249 3687 ου
2297 3620 2589 3712 ἷωάννη
2608 3651 2644 3705 ς

646 3717 683 3789 ὅ
724 3749 771 3807 μ
789 3748 833 3789 α
846 3749 878 3789 ν
894 3744 929 3787 ο
945 3748 982 3788 υ
995 3749 1034 3810 η
1052 3724 1088 3788 λ
1103 3729 1129 3789 ί
1141 3748 1180 3789 τ
1193 3750 1231 3810 η
1246 3747 1281 3801 ς
1323 3719 1401 3787 τὸ
1446 3721 1664 3808 παρὸν
1710 3716 1856 3789 ἶσον
1890 3725 1969 3809 τῇ
2001 3720 2494 3814 ἕμφανισθείσῃ
2524 3750 2642 3810 μοι

647 3831 1119 3913 πεπιστωμένῃ
1167 3827 1498 3911 σεκρετικῇ
1541 3824 1917 3912 παρεκβολῇ
1964 3822 2188 3906 ἰσάζον
2232 3822 2438 3916 εὗρὼν
2480 3824 2644 3896 ὗπέ-

646 3953 770 4016 γρα
779 3940 895 4014 ψα.

438 4168 493 4218 ΙΙ.
565 4161 723 4216 Κατὰ
758 4166 897 4234 γοῦν
935 4163 1031 4224 τὰς·
1065 4164 1379 4237 περιλήψεις
1413 4161 1507 4215 καὶ
1540 4158 1797 4235 δυνάμεις
1818 4165 1929 4214 τῶν
1945 4158 2454 4234 ἀναγεγραμμένων
2470 4164 2644 4219 θείων

299 4244 390 4299 καὶ
426 4252 818 4316 προσκυνητῶν
849 4251 1147 4317 βασιλικῶν
1181 4248 1533 4318 προστάξεων
1570 4244 1806 4317 ὀφείλεις
1840 4251 2018 4300 ποιεῖν
2054 4246 2154 4311 τὴν
2190 4243 2490 4312 ἀπαίτησιν
2521 4246 2642 4305 ἔκιὶ·

299 4346 433 4384 στου
471 4331 692 4403 ψηφίου
728 4329 931 4390 οὕτως·
