2900 4950
1045 255 1163 318 Imp.
1200 253 1360 304 Basilii
1397 253 1802 319 Porphyrogeniti.
2458 241 2581 306 315

233 407 531 488 πέμπειν
587 395 760 468 αὐτὰ
815 396 990 467 ὅπου
1041 400 1398 486 βούλονται
1411 422 1426 438 ·
1485 400 1661 490 πλὴν
1718 402 1853 488 εἴγε
1906 410 2219 487 προεῖχον
2265 396 2436 469 ἀλλὰ
2474 405 2585 471 καὶ

232 507 350 571 νῦν
398 501 656 587 ἔχουσιν
703 501 1008 571 ἐπέκεινα
1047 504 1180 569 τῶν
1222 501 1280 589 η’
1327 495 1370 588 ἢ
1415 501 1458 569 ι’
1489 506 1813 588 μοναχιῦν,
1859 506 1972 570 καὶ
2004 501 2304 586 ἰσχύουσι
2329 503 2443 570 διὰ
2468 507 2587 591 τῆς

235 601 583 691 παρούσης
611 598 899 683 αὖτοῖςῦ*
930 598 1248 689 εὐπορίας
1274 603 1551 684 τούτους
1578 607 1871 673 διοικεῖν.
1936 599 2090 671 οὐδὲ
2116 603 2240 690 γὰρ
2273 603 2587 672 δύνανται

235 712 389 784 νέας
433 704 812 791 ἐπικτήσεις
854 709 1230 784 ποιεῖσθαι,
1277 707 1664 774 κωλυθέντα
1705 705 2030 793 πρότερον
2072 707 2192 790 μὲν
2236 705 2425 790 παρὰ
2464 710 2584 773 τοῦ

235 805 672 894 προπάππου
737 802 924 894 ἡμῶν
987 808 1315 891 βασιλέως
1378 809 1687 894 ρωμανοῦ
1753 810 1871 874 τοῦ
1933 813 2265 893 γέροντος,
2333 811 2445 874 νῦν
2512 809 2586 875 δὲ

235 907 425 993 παρὰ
466 911 584 995 τῆς
623 909 970 994 βασιλείας
1009 903 1212 994 ἡμῶν.
1275 903 1415 975 ἀπὸ
1459 908 1581 995 γὰρ
1626 911 1743 995 τῆς
1784 906 2127 995 παρούσης
2167 908 2586 989 διατάξεως“’

234 1012 345 1076 καὶ
391 1010 706 1088 πλείονας
749 1007 863 1076 ἐὰν
907 1004 1328 1097 ἀφορίσωσιν
1372 1010 1468 1089 εἷς
1512 1006 1680 1076 αὐτὰ
1719 1009 2046 1093 μοναχοὺς
2087 1004 2130 1096 ἢ
2172 1013 2585 1097 μητροπολῖ-

235 1136 351 1178 ται
391 1105 435 1198 ἢ
477 1111 861 1191 ἐπίσκοποι,
908 1111 1022 1178 διὰ
1063 1111 1140 1177 τὸ
1183 1111 1301 1197 τὴν
1342 1113 1688 1198 βασιλείαν
1731 1107 1917 1197 ἡμῶν
1963 1108 2114 1194 ἄρτι
2145 1114 2585 1234 διορίσασθαι

236 1215 649 1300 μοναστήρια
705 1207 876 1280 εἶναι
927 1212 1015 1280 τὰ
1079 1212 1381 1280 ἐπέκεινα
1433 1215 1568 1279 τῶν
1623 1211 1680 1299 η’
1726 1205 1769 1299 ἢ
1815 1210 1855 1278 ι’
1902 1216 2205 1297 μοναχῶν
2251 1213 2482 1296 ἔχοντα
2525 1215 2587 1282 εί

237 1312 409 1396 τάχα
449 1318 555 1380 καὶ
600 1313 717 1400 τὴν
762 1314 1159 1401 ἐξαρκοῦσαν
1206 1323 1352 1395 τοῖς
1392 1312 1741 1392 τοσούτοις
1781 1323 2098 1398 μοναχοῖς
2138 1317 2257 1400 γῆν
2303 1314 2582 1398 ε’χουσιν,

243 1409 324 1481 οὗ
372 1412 701 1498 δεχόμεθα
741 1419 981 1482 ταῦτα·
1028 1411 1167 1482 ἀλλ’
1217 1412 1309 1495 ὥς
1353 1416 1447 1494 εἷς
1491 1410 1960 1493 ἀνακοινώσεις
1984 1421 2242 1498 χωρίων
2270 1414 2583 1501 γινόμενα

244 1511 549 1601 εὗκτήρια
605 1515 1037 1601 λογιζόμεθα,
1098 1512 1213 1583 οἷα
1267 1521 1372 1584 καὶ
1421 1523 1862 1602 προείπομεν,
1919 1520 2027 1583 καὶ
2072 1513 2208 1583 ὑπὸ
2251 1516 2337 1584 τὰ
2375 1525 2587 1603 χωρία

241 1614 449 1682 πάλιν
491 1610 658 1683 αὐτὰ
700 1621 1044 1702 ποιοῦμεν.
1130 1618 1217 1685 τὰ
1259 1617 1333 1684 δὲ
1377 1617 1725 1685 ἰδιόστατα
1766 1622 1873 1685 καὶ
1922 1614 2050 1685 ὅσα
2091 1617 2345 1704 μεγάλα
2379 1642 2587 1705 μονα-

242 1715 480 1803 στήρια
535 1716 603 1784 ἐκ
658 1719 951 1785 παλαιοῦ
993 1708 1195 1805 ἦσαν,
1265 1720 1324 1786 εί
1365 1719 1533 1802 τάχα
1576 1722 1684 1786 καὶ
1728 1719 2054 1804 μοναχοὺς
2098 1718 2251 1805 ἄρτι
2293 1720 2588 1800 πολλοὺς

242 1814 358 1885 οὐκ
414 1818 704 1902 ἔχουσιν,
761 1814 931 1886 ἀλλὰ
982 1823 1061 1908 τῇ
1120 1816 1393 1907 ἀμελείᾳ
1449 1820 1642 1903 τυχὸν
1686 1824 1805 1887 τοῦ
1846 1822 2339 1909 μητροπολίτου
2380 1815 2425 1907 ἢ
2467 1825 2584 1888 τοῦ

242 1919 617 1987 ἐπισκόπου
670 1923 870 2006 χωρὶς
925 1925 1229 2006 μοναχῶν
1275 1921 1437 2001 εἰσι,
1499 1920 1934 2006 διοριζόμεθα
1974 1924 2184 1987 ταῦτα
2225 1924 2335 1987 καὶ
2377 1921 2586 1988 πάλιν

242 2017 380 2088 ὑπὸ
435 2020 558 2100 τὰς
608 2023 1054 2108 μητροπόλεις
1108 2024 1216 2088 καὶ
1259 2021 1380 2101 τὰς
1424 2021 1801 2100 ἑπισκοπὰς
1845 2016 2016 2089 εἶναι
2056 2024 2168 2088 καὶ
2212 2021 2587 2106 δωρεῖσθαι

241 2125 351 2190 καὶ
394 2129 876 2209 παραπέμπειν
921 2118 1088 2191 αὐτὰ
1128 2123 1284 2203 τούς
1326 2148 1400 2191 τε
1439 2124 1935 2210 μητροπολίτας
1975 2125 2081 2190 καὶ
2128 2122 2283 2201 τοὺς
2314 2122 2587 2190 ἐπισκό-

244 2248 417 2304 πους
460 2221 636 2291 ὅπου
679 2227 783 2291 καὶ
833 2221 944 2292 ὅτε
983 2226 1305 2292 θέλουσιν
1317 2229 1380 2290 ⁶⁶.

271 2348 314 2383 ·-
415 2325 559 2391 δὀἱ
647 2325 835 2412 Πρὸς
875 2325 1137 2406 τούτοις
1179 2326 1611 2411 θεσπίζομεν,
1661 2324 1752 2414 μὴ
1797 2320 1969 2395 εἶναι
2010 2323 2175 2392 κατὰ
2216 2328 2336 2392 τοῦ
2382 2326 2587 2412 δημοτ

247 2433 410 2496 σίου·
436 2424 670 2514 χρόνον
712 2428 829 2494 τὸν
874 2422 1316 2498 ἀποκλείοντα
1359 2427 1437 2496 τὸ
1486 2428 1661 2496 ἴδιον
1698 2421 1899 2495 αὖτοῦ
1931 2429 2205 2508 δίκαιον,
2252 2422 2389 2495 ἀλλ’
2426 2422 2588 2496 ἀνα-

244 2530 602 2597 καλεῖσθαι
645 2524 843 2595 αὐτὸν
885 2533 1082 2596 τοῦτο
1127 2526 1267 2597 ἀπὸ
1312 2526 1768 2616 αύγούστου
1810 2536 2243 2616 καίσαρος,
2288 2534 2398 2596 καὶ
2429 2532 2589 2614 περὶ

243 2630 360 2719 τὴν
414 2630 651 2697 τούτου
709 2626 1043 2718 ἀνάληψιν
1100 2633 1554 2700 δικαιοῦσθαι.
1644 2631 1866 2699 πολλὰ
1918 2632 2041 2717 γάρ
2100 2631 2232 2698 εἰσι
2291 2629 2377 2697 τὰ
2433 2649 2589 2698 συνη

248 2735 539 2801 ιστῶντα
590 2735 826 2800 τοῦτον
884 2732 1167 2821 ἒκζητεῖν
1211 2729 1294 2801 δι’
1343 2731 1503 2801 ὅλου
1546 2732 1631 2801 τὰ
1672 2735 1848 2801 ἴδια·
1902 2736 2171 2819 πρῶτον
2214 2734 2334 2817 μὲν
2375 2731 2454 2799 τὸ
2497 2731 2587 2820 μὴ

246 2834 584 2902 δύνασθαι
625 2833 918 2920 ἐξαρκεῖν
959 2836 1077 2902 τὸν
1119 2839 1488 2919 κρατοῦντα
1512 2834 1751 2903 τούτου
1779 2834 2061 2921 βασιλέα
2088 2832 2311 2900 πάντα
2341 2834 2588 2902 ἐκεῖνον

246 2935 782 3004 ἐπισκέπτεσθαι
833 2937 942 3002 καὶ
998 2935 1336 3024 ἐπιτηρεῖν
1395 2936 1511 3003 διὰ
1563 2936 1643 3002 τὸ
1697 2933 2157 3016 πολυάσχολον
2211 2938 2321 3001 καὶ
2376 2936 2589 3002 πολυ-

247 3035 645 3124 φρόντιστον
689 3040 808 3104 τοῦ
853 3040 1076 3104 κοινοῦ
1125 3042 1232 3104 καὶ
1276 3037 1355 3103 τὸ
1398 3041 1669 3124 μυρίαις
1709 3033 2135 3119 πανταχόθεν
2178 3041 2590 3120 περιστοιχί-

247 3137 489 3219 ζεσθαι
531 3144 897 3225 φροντίσιν,
945 3137 1178 3206 ἔπειτα
1221 3139 1295 3206 δὲ
1337 3136 1416 3204 τὸ
1461 3134 1856 3206 ἀνατιθέναι
1895 3134 1980 3203 τά
2020 3133 2256 3203 τούτου
2298 3146 2444 3213 τοῖς
2486 3135 2591 3215 ἐξ·

248 3245 623 3323 ερχομένοις
679 3240 774 3318 εἰς
828 3238 912 3306 τὰ
952 3246 1240 3324 θέματα.
1331 3236 1497 3308 ὅθεν
1542 3238 1740 3325 δῆλόν
1785 3238 1994 3319 ἐστιν,
2055 3232 2146 3316 ὡς
2188 3232 2317 3303 ὅσα
2358 3238 2478 3320 μὲν
2523 3235 2591 3303 οἱ

246 3341 543 3406 τοιοῦτοι
595 3341 811 3421 καλῶς
851 3344 961 3408 καὶ
1003 3341 1170 3425 μετὰ
1213 3341 1631 3430 δικαιοσύνης
1672 3339 1785 3408 καὶ
1824 3340 1914 3428 μὴ
1960 3338 2132 3424 πρὸς
2174 3337 2591 3426 περιγραφὴν
2691 3343 2694 3347 ’

246 3444 364 3507 τοῦ
411 3441 732 3527 δημοσίου
772 3443 1152 3527 ποιήσουσι,
1197 3449 1438 3530 βέβαια
1480 3447 1592 3511 καὶ
1619 3445 2088 3528 κεκυρωμένα“
2119 3441 2414 3509 ἔσονται·
2463 3436 2593 3507 ὅσα

249 3541 320 3609 δὲ
363 3542 762 3627 παραλόγως
803 3547 911 3610 καὶ
958 3544 1129 3629 πρὸς
1172 3544 1589 3635 περιγραφὴν
1633 3542 1856 3625 αὐτοῦ,
1921 3538 2237 3629 ἀνίσχυρα
2278 3545 2588 3628 μενοῦσι·

245 3644 499 3728 μᾶλλον
546 3644 636 3723 δὲ,
681 3643 745 3711 εἰ
783 3644 902 3732 χρή
945 3670 1016 3712 τι
1054 3650 1167 3713 καὶ
1208 3644 1377 3734 ὑπὲρ
1420 3652 1541 3716 τοῦ
1575 3649 1894 3736 δημοσίου
1927 3645 2161 3726 εἰπεῖν,
2210 3640 2367 3712 ὅταν
2401 3641 2437 3709 ὃ
2467 3649 2594 3729 βαὸ

250 3745 536 3812 σιλεύειν
577 3744 792 3828 λαχὼν
833 3750 1217 3837 βουληθείη,
1263 3745 1344 3817 ἵν’
1393 3749 1503 3837 ἔχῃ
1549 3744 1651 3816 ἐπ’
1701 3744 1928 3827 ἀδείας
1955 3746 2039 3814 τοὶ
2067 3750 2347 3813 τοιαῦτα
2378 3746 2590 3831 ζητεῖν

246 3849 356 3913 καὶ
403 3842 493 3926 ὥς
537 3841 816 3933 ἀρεστὸν
861 3842 1038 3935 αύτῷ
1082 3853 1291 3917 ταῦτα
1336 3852 1627 3917 διοικεῖν.
1685 3847 1904 3928 ἄλλως
1944 3873 2017 3914 τε
2058 3846 2169 3912 καὶ
2215 3843 2368 3911 οὐδὲ
2414 3840 2593 3929 εὗρε-

248 3947 566 4035 θήσεται,
638 3943 729 4027 ὥς
787 3944 1271 4034 ἀπερικόπωςω
1321 3955 1959 4036 τεσσαρακονταετία
2015 3948 2256 4034 διῆλθε
2308 3948 2417 4012 καὶ
2477 3940 2593 4011 οὒκ

247 4112 478 4120 -.ῳ-ὑ-
529 4114 770 4123 ——.-—

381 4201 426 4231 ⁶⁴
462 4204 586 4268 Epit.
623 4183 686 4264 ἧς
717 4185 932 4272 ἔχουσί
1040 4203 1082 4233 ‘⁶‘
1117 4205 1240 4271 cpit.
1277 4201 1628 4274 νομοθεσίας.
1746 4203 1793 4232 ⁶⁰
1830 4204 1902 4255 ef.
1924 4202 2204 4256 ΝοιΧΧνῐ.
2321 4199 2363 4230 ‘⁴¹
2396 4202 2591 4253 Leuncl.

247 4288 296 4337 in
333 4301 420 4338 ora
453 4290 697 4341 rubricam
733 4292 960 4354 apponit:
1013 4285 1175 4358 περὶ
1208 4291 1330 4342 τοῦ
1357 4285 1627 4361 χρόνου
1660 4284 1748 4356 μὴ
1788 4277 1979 4340 εἶναι
2010 4282 2184 4339 κατὰ
2223 4285 2346 4338 τοῦ
2381 4282 2594 4354 δημο-

247 4372 424 4420 σίου.
568 4371 614 4401 ⁶⁸
647 4374 769 4438 Epit.
805 4369 999 4440 παγία.
1142 4373 1188 4403 ⁶⁹
1226 4376 1419 4428 Leuncl.
1457 4365 1850 4442 ἆπερισκόπως.
