2900 4950
1438 83 1450 110 ἶ

334 213 459 278 288
1119 228 1238 279 con.
1274 227 1356 278 ιιι.
1425 226 1540 276 Νω.
1575 226 1712 276 xvu.
1748 224 1905 275 xvm.

334 379 533 464 βῆναι
576 374 910 462 συνθήκας
953 367 1030 439 οὗ
1075 371 1353 460 πλήττει
1385 371 1464 437 τὸ
1496 371 1812 452 συνειδὸς,
1860 367 2028 439 ἀλλὰ
2069 374 2182 439 καὶ
2227 370 2295 439 ἐν
2321 378 2528 459 μοίρᾳ
2554 376 2680 441 τοῦ

331 479 706 561 κατορθοῦν
750 481 1054 541 τέτακται
1070 476 1110 554 ⁸,
1155 476 1261 540 καὶ
1295 472 1372 538 τὸ
1404 473 1798 561 ἐπιορκῆσαι
1825 475 1933 540 καὶ
1966 477 2460 561 περιφρονῆσαι
2486 474 2677 556 θεὸν,

331 578 399 645 ἓν
458 572 562 656 οἷς
614 602 682 642 τι
727 575 914 660 παρὰ
957 574 1075 662 τὴν
1119 576 1397 661 θέλησιν
1443 569 1774 662 ἀπαντᾷ9,
1835 574 2035 661 ῥᾳδία
2075 573 2339 654 τούτοις
2381 574 2555 662 πρὸς
2596 575 2679 642 τὸ

330 673 571 746 ἀνύσαι
612 678 690 744 τὸ
734 675 901 743 κατὰ
943 675 1203 762 γνώμην
1247 673 1418 756 ὁδὸς,
1468 670 1835 760 ἀναγκαίως
1864 673 2116 742 τούτων
2147 674 2512 763 ἐδεήθημεν
2541 679 2678 743 τῶν

326 778 809 868 βοηθημάτων,
870 773 1042 843 ὥστε
1096 779 1203 843 καὶ
1259 780 1480 864 γραφῇ
1527 775 1787 843 διδόναι
1814 775 1932 855 τὰς
1973 775 2216 861 μεταξὺ
2261 774 2674 865 συμφωνίας,

329 885 440 949 καὶ
481 880 818 965 μάρτυρας
862 878 1375 963 συγκαλεῒσθαι,
1431 878 1549 964 τὴν
1595 876 1815 956 δεξιὰν
1859 882 2269 964 παρέχοντας
2313 878 2408 958 εἷς
2452 873 2678 966 ἀσφά-

330 985 516 1050 λειαν
570 980 761 1067 χάριν
813 984 931 1045 τοῦ
987 978 1077 1067 μὴ
1136 976 1443 1065 ἐξ’ρνους
1492 976 1860 1065 γίνεσθαιό
1901 983 2018 1066 τῆς
2063 974 2435 1065 ὁμολογίας.
2525 980 2675 1047 ἐπεὶ

333 1086 405 1152 δὲ
451 1079 565 1151 οὐκ
610 1082 677 1150 ἐν
721 1084 814 1169 τῷ
860 1080 1217 1148 λανθάνειν
1260 1080 1464 1165 μόνον
1509 1080 1585 1146 τὸ
1631 1076 1912 1161 ἀδικεῖν,
1962 1075 2130 1146 ἀλλὰ
2172 1082 2277 1146 καὶ
2322 1086 2513 1167 μέχρι
2553 1083 2672 1147 τοῦ

332 1189 637 1274 φανερῶς
692 1178 852 1249 αὐτὸ
909 1188 1190 1270 προέβη·
1222 1192 1473 1262 ποιεῖν,
1536 1181 1713 1249 πάνυ
1774 1180 2039 1270 σφόδρα
2092 1181 2502 1270 προσφόρως
2554 1182 2673 1270 τὴν

328 1291 461 1354 τῶν
501 1291 893 1372 “προστίμων
940 1281 975 1349 ὃ
1023 1283 1223 1369 νόμος
1268 1279 1513 1369 ἐξαίρει
1529 1287 1567 1318 ²¹
1611 1283 1956 1370 βοήθειαν,
2015 1282 2235 1349 ἱκανὸν
2281 1284 2675 1370 ἕρυμαχτοῖς

329 1387 450 1467 τὰς
495 1385 909 1473 συνειδήσεις
966 1387 1516 1473 διεφθαρμένοις,
1576 1379 1847 1452 ἀθετεῖν
1902 1383 1988 1450 τὰ
2043 1380 2512 1471 ὡμολογημένα
2564 1388 2673 1452 καὶ

329 1490 450 1569 τὰς
495 1493 885 1574 συμφωνίας
930 1481 1223 1571 ἀναιρεῖν
1252 1486 1340 1573 μὴ
1380 1487 1939 1570 δυσωπουμένοις,
1986 1478 2091 1565 ἵν’,
2141 1481 2298 1551 ὅταν
2330 1482 2676 1574 ὁρμήσωσι

330 1589 504 1676 πρὸς
547 1584 869 1676 ἀθέτησιν
914 1592 1046 1654 τῶν
1092 1592 1693 1674 συμφωνηθέντων,
1749 1588 1996 1666 εἰδότες
2041 1581 2508 1673 ἀπαραιτήτως
2550 1581 2675 1653 αῦ-

330 1701 476 1768 τοῒς
519 1691 779 1774 μέλλειν
822 1690 939 1777 τὴν
982 1693 1115 1757 τῶν
1160 1687 1552 1775 προστίμων
1609 1684 1992 1776 ἀπαίτησιν’
2018 1683 2317 1756 ἀπαντᾶν
2334 1691 2377 1722 ¹²
2422 1690 2674 1755 καθέλ-

332 1817 577 1858 κωνται
627 1795 742 1878 τῆς
801 1789 1035 1878 ὁρμῆς,
1093 1794 1204 1857 καὶ
1250 1789 1284 1856 ὃ
1332 1790 1445 1857 διὰ
1489 1789 1603 1856 τὸν
1647 1792 1764 1855 τοῦ
1808 1794 1975 1857 θεοῦ
2024 1790 2236 1878 φόβον
2282 1799 2505 1855 ποιεῖν
2552 1783 2671 1857 οὗκ

333 1889 719 1976 ἀπέσχοντο,
766 1887 885 1960 κᾶν
927 1897 1021 1979 τῷ
1069 1893 1260 1980 φόβῳ
1304 1895 1437 1958 τῶν
1485 1892 1728 1979 ζημιῶν
1774 1887 1855 1971 (ὦ
1884 1898 2093 1959 θείων
2125 1892 2478 1977 οἰκτιρμῶν
2517 1885 2666 1958 ἀνο-

326 1999 467 2083 χῆς)
514 2001 879 2082 φείσωνται
922 1994 1256 2080 πράττειν.
1311 1990 1509 2078 ἱὥστε
1555 1990 1590 2058 ὃ
1634 1992 1901 2060 κωλύων
1944 1994 2062 2081 τὴν
2104 1996 2237 2060 τῶν
2281 1999 2671 2077 προστίμων

333 2093 695 2183 ἀπαίτησιν
737 2092 806 2162 τί
849 2097 1068 2181 ἕτερον
1102 2089 1288 2180 ἢτὰς
1330 2094 1504 2181 πρὸς
1549 2090 1869 2181 ἀλλήλους
1911 2091 2301 2182 συμφωνίας
2345 2089 2673 2182 ἀσφαλεῖς

331 2202 438 2265 καὶ
485 2195 958 2284 ἀπαραβάτους
1004 2191 1173 2263 εἶναι
1202 2195 1438 2263 κωλύει
1449 2226 1470 2279 ,-
1516 2200 1623 2263 καὶ
1656 2196 1909 2285 πολλὴν
1937 2198 2057 2280 μὲν
2087 2198 2204 2261 τοῦ
2236 2190 2670 2279 ἀνθρωπίνου
2746 2189 2755 2194 “

330 2306 482 2386 βίου
537 2298 1054 2378 κατασκευάζει13
1111 2296 1446 2383 σύγχυσιν,
1514 2295 1754 2384 μυρίαν
1812 2299 1885 2364 δέ
1937 2324 2087 2365 τινα
2151 2300 2258 2363 καὶ
2326 2292 2670 2384 ἀμύθητον

334 2399 582 2486 εἰσάγει
623 2400 739 2487 τὴν
783 2399 1062 2487 βλάβην,
1119 2410 1264 2479 τοῖς
1321 2401 1393 2467 δὲ
1452 2394 1708 2479 ἀδίκοις
1761 2400 1993 2484 μόνοις
2048 2399 2160 2465 καὶ
2202 2387 2522 2485 πονηροῖς
2565 2399 2672 2485 ἕρ-

329 2528 532 2588 μαιον
580 2496 750 2568 εἶναι
794 2500 913 2580 τὰς
955 2500 1265 2580 τοιαύτας
1310 2508 1701 2588 συμφωνίας
1730 2502 2131 2586 ποιούμενος
2159 2505 2266 2568 καὶ
2300 2498 2456 2568 ὁδὸν
2488 2497 2671 2569 ἀνοί-

330 2629 464 2689 γων
524 2599 782 2681 ἀδικίας
838 2597 1320 2690 εὖπορωτάτην.
1414 2600 1519 2669 ὅτι
1575 2605 1697 2688 μὲν
1752 2593 1865 2669 οῦν
1924 2600 2244 2670 ἀδύνατον
2299 2604 2455 2683 τοὺς
2504 2602 2673 2670 κατὰ

330 2706 446 2772 τὸν
500 2711 647 2790 βίον
706 2699 1109 2790 ἀνθρώπους
1165 2703 1318 2772 ἄνευ
1374 2708 1507 2770 τῶν
1560 2705 1881 2771 τοιούτων
1941 2704 2188 2791 διάγειν
2244 2708 2667 2793 συμφωνιῶν,

334 2808 533 2895 δῆλον
590 2803 808 2873 ἅπασι
859 2809 967 2873 καὶ
1026 2813 1413 2895 καταφανές.
1505 2810 1653 2886 πῶς
1703 2806 1824 2892 γὰρ
1880 2809 1986 2873 καὶ
2034 2812 2310 2893 συσταίη
2357 2802 2393 2871 ὖ
2437 2831 2669 2873 κοινω-

333 2908 510 2987 νικὸς
551 2915 699 2995 βίος
753 2909 1305 2994 συναλλαγμάτων
1367 2909 1518 2990 δίχα
1572 2911 1678 2975 καὶ
1735 2912 1868 2974 τῶν
1913 2908 2083 2995 πρὸς
2141 2903 2462 2996 ἀλλήλους
2505 2931 2669 2992 συμ-

334 3014 637 3098 φωνιῶν,·
696 3007 800 3077 ὅτι
845 3011 916 3077 δὲ
962 3007 1150 3076 οὐδὲν
1197 3009 1531 3092 ἰσχύουσιν
1588 3000 1784 3076 αὗται
1838 3014 1969 3076 τῶν
2018 3016 2409 3095 προστίμων
2448 3013 2663 3095 χωρὶς,

331 3114 437 3179 καὶ
486 3108 585 3179 ὅτι
630 3112 718 3199 μὴ
765 3111 1012 3178 καινά“
1058 3118 1450 3196 νομοθετεῖν
1499 3107 1866 3197 ὦρμήμεθα
1911 3114 2042 3191 νῦν,
2092 3107 2261 3178 ἀλλὰ
2304 3110 2517 3177 πάλαι
2559 3113 2669 3176 καὶ

329 3214 683 3299 πρόπαλαι
726 3213 922 3278 τοῦτό
969 3213 1110 3280 ἐστι
1153 3219 1776 3299 νενομοθετημένον,
1822 3214 1899 3277 τὸ
1943 3216 2075 3278 τῶν
2113 3219 2501 3298 προστίμων
2535 3236 2670 3298 φα-

328 3318 479 3402 μὲν,
544 3316 851 3401 δηλοῦσιν
911 3314 974 3380 οἱ
1031 3313 1240 3397 νόμοι.
1330 3326 1543 3381 κεῖται
1598 3313 1719 3400 γὰρ
1778 3313 1843 3380 ἐν
1900 3309 2128 3392 αὐτοῖς
2183 3311 2669 3393 οῦτως“·”’·,,,τὸ

329 3416 535 3502 ψιλὸν
593 3414 946 3500 σύμφωνον
1004 3406 1258 3502 ἀγωγὴν
1316 3411 1391 3481 οὗ
1448 3423 1680 3493 τίκτει,
1742 3409 1910 3481 ἀλλὰ
1965 3413 2474 3501 παραγραφήν.“
2558 3417 2666 3480 καὶ

330 3516 538 3584 πάλιν
557 3520 625 3551 ¹⁰·
669 3511 832 3594 „oc'm
863 3511 969 3581 ἀεί
997 3541 1099 3593 τις
1130 3511 1268 3582 ἀπὸ
1301 3519 1505 3601 ψιλῆς
1537 3516 1928 3602 ἐπαγγελίας
1955 3523 2321 3599 κατέχεται·
2356 3515 2413 3582 εἰ
2440 3519 2672 3599 μέντοι

331 3616 908 3704 προσομολογήσει
951 3616 1188 3704 ποινὴν
1234 3625 1667 3705 παραβαίνων
1710 3617 1827 3706 τήν
1865 3618 2277 3703 ἐπαγγελίαν,
2326 3618 2563 3685 δίδωσι
2590 3616 2670 3681 τὸ

330 3719 771 3808 πρόστιμον.“
827 3717 936 3785 καὶ
981 3709 1272 3799 αῦθις’”’·
1315 3716 1399 3802 ,,ὅ
1439 3720 1641 3807 χωρὶς
1684 3724 1923 3808 ποινῆς
1968 3716 2306 3805 ὁμολογῶν
2350 3742 2416 3785 τι
2446 3728 2670 3784 ποιεῖν

465 3924 487 3952 ⁸
523 3926 663 3977 Laut.
699 3919 979 3992 τετάχθαι.
1156 3924 1178 3954 ⁹
1215 3927 1365 3979 Codd.
1399 3923 1528 3997 περὶ
1561 3921 1662 3987 τὴν
1696 3923 1809 3976 θέλ.
1851 3920 2085 3975 ἅπαντα.
2162 3927 2307 3975 witte
2344 3924 2672 3989 conjecturam

333 4013 506 4062 refert:
541 4005 602 4060 ἐν
637 3994 683 4073 ᾦ
717 4009 904 4075 (εατῴ
934 4010 1066 4074 θεῷ)
1103 4003 1219 4060 ἔστι
1255 4006 1322 4059 τὰ
1356 4008 1482 4077 περὶ
1511 4006 1611 4071 τὴν
1629 4007 1741 4061 θέλ.
1772 4003 2005 4060 ἅπαντα.
2148 4008 2187 4036 ¹⁰
2223 4011 2371 4061 Paris,
2387 4004 2665 4075 γενέσθαι.

329 4092 362 4121 ¹¹
400 4098 541 4144 Witte
577 4097 712 4144 vertit
746 4094 972 4159 „elegit“,
1009 4100 1148 4160 quasi
1183 4090 1356 4163 ἐξῄρει
1390 4099 1623 4160 scriplum
1660 4103 1805 4146 esset.
1876 4098 2015 4146 Forte
2064 4088 2266 4161 ἔξηῧρε.
2458 4090 2495 4118 ¹²
2531 4092 2670 4143 Laut.

332 4169 596 4226 ἀπαιτῶν.
765 4177 800 4206 ¹³
835 4182 972 4230 Laut.
1009 4174 1408 4237 κατασκεδάζει.
1575 4178 1613 4206 “
1651 4180 1716 4229 ld.
1752 4173 1897 4229 κενά.
2064 4178 2101 4205 ¹⁵
2138 4181 2308 4229 wine:
2350 4178 2471 4240 „Hic
2508 4176 2675 4226 deficit

334 4262 450 4312 eod.
489 4262 745 4312 Lauremf‘
783 4289 847 4301 -
886 4265 955 4314 cr.
993 4264 1135 4314 nasu.
1172 4265 1248 4327 xl,
1292 4265 1332 4327 1,
1369 4266 1417 4316 7.
1478 4258 1485 4263 ·
1556 4261 1596 4292 ¹⁸
1628 4265 1773 4316 nasu.
1809 4265 1968 4329 mu,
2006 4265 2054 4327 5,
2091 4266 2137 4315 5.
2278 4261 2312 4290 ¹⁷
2348 4261 2489 4312 nasu.
2513 4261 2671 4323 mn,

335 4349 379 4409 1,
417 4347 481 4397 78
518 4348 760 4409 (Heimb.).
815 4350 971 4398 Locus
1009 4349 1056 4398 in
1094 4348 1236 4398 Basil.
1273 4347 1613 4399 restituendus,
