2900 4950
341 204 466 266 232
1265 218 1383 269 con.
1420 218 1499 268 ιιι.
1571 217 1684 267 mov.
1722 218 1758 266 1.

342 368 627 455 θήσεται
668 369 785 452 τῆς
827 360 1350 443 &maome—‹092⁸-
1396 361 1583 444 ἅπαξ
1621 366 1743 449 μὲν
1787 363 1855 432 ἓν
1897 365 1978 451 τῇ
2010 369 2302 450 σωτηρίᾳ
2346 366 2466 431 τοῦ
2507 391 2699 450 χρι-

345 492 485 536 στο
504 471 542 533 ὕ
586 469 691 534 καὶ
724 470 891 534 θεοῦ
922 463 1106 553 ἡμῶν
1137 462 1517 547 άναστάσει,
1566 465 1868 551 δεύτερον
1914 466 1986 532 δὲ
2017 464 2084 531 ἓν
2114 468 2193 553 τῇ
2223 465 2531 552 κοιμήσει
2571 469 2696 554 τῆς

346 566 666 654 άχράντου
713 563 1069 652 δεσποίνης
1111 564 1296 654 ἡμῶν
1339 565 1684 646 θεοτόκου,
1731 568 1840 632 καὶ
1882 572 2105 652 τρίτον
2139 567 2208 634 ἐν
2237 571 2315 655 τῇ
2360 569 2690 655 γενεθλίῳ

343 669 554 759 ἡμέρᾳ
594 695 681 755 χρ
700 672 935 736 ιστοῦ
979 671 1097 734 τοῦ
1127 672 1295 735 θεοῦ
1324 664 1530 788 ἡμῶν,
1581 667 1692 734 διὰ
1721 667 1798 734 τὸ
1826 671 1933 734 καὶ
1968 667 2035 735 ἐν
2065 667 2340 748 ταύταις
2370 681 2692 792 προηγεῖ-

346 779 518 839 σθαι
530 777 865 908 29νηστείαν
905 774 1013 837 καὶ
1059 768 1137 836 τό
1168 770 1237 836 ἐκ
1263 769 1504 857 ταύτης
1550 766 1808 857 όφελος.
1873 768 1932 836 εἶ
1977 770 2050 836 δὲ
2093 771 2335 850 παῖδες
2375 770 2465 859 μὴ
2497 779 2696 859 περί-

349 876 575 941 εισιν29
575 924 593 953 ,
660 870 888 958 ἐπειδὴ
934 873 1012 937 τὸ
1054 877 1466 959 τεκνογονίας
1511 870 1872 955 ἐπιθυμεῖν
1917 866 2032 937 οὐκ
2078 865 2565 959 άσύγγνωστον,
2612 872 2695 940 τὸ

347 977 703 1055 τηνικαῦτα
747 972 1125 1060 συγγνώμης
1169 967 1624 1060 ἀξιωθήσεται
1670 967 1705 1037 ὃ
1736 975 2038 1051 τοιοῦτος
2080 971 2308 1058 γάμος,
2354 977 2464 1041 καὶ
2505 974 2693 1061 μόνῳ

346 1080 442 1162 τῷ
474 1076 544 1155 ἐξ
572 1070 769 1161 ἀρχῆς
796 1078 907 1141 καὶ
945 1080 1136 1160 μέχρι
1176 1077 1294 1140 τοῦ
1340 1077 1451 1141 νῦν
1495 1073 1893 1161 κρατήσαντι
1934 1071 2309 1161 ἐπιτιμίῳ3ιῖ
2350 1081 2695 1161 θεραπευ-

348 1177 651 1264 θήσεται.
740 1178 947 1241 ταῦτα
990 1177 1110 1258 μὲν
1136 1178 1259 1243 -καὶ
1307 1177 1465 1260 περὶ
1506 1179 1624 1241 τοῦ
1669 1181 1893 1261 τρίτου
1937 1173 2169 1261 γάμου.

518 1277 594 1365 γ’.
653 1271 747 1345 Οὖ
776 1275 905 1364 μὴν
937 1271 1090 1343 οὐδὲ
1118 1276 1233 1343 τὸν
1265 1276 1588 1363 δεύτερον,
1622 1271 1774 1342 οῖ’-δὲ
1802 1275 1921 1344 τὸν
1950 1279 2220 1361 πρῶτον
2251 1275 2434 1356 ἐκτὸς
2466 1273 2690 1366 ἄσφα-

350 1382 531 1459 λείας
574 1379 801 1464 ἐῶμεν,
850 1373 1020 1446 ἀλλὰ
1059 1373 1395 1458 κάκείνους
1440 1373 1741 1463 ὁρίζομεν
1785 1374 1959 1445 οὕτω
2003 1386 2472 1460 συνίστασθαι,
2521 1376 2696 1448 ὥστε

348 1484 674 1570 μηδεμίαν
721 1480 889 1562 ἔχειν
931 1477 1228 1566 πονηρὰν
1274 1480 1514 1559 αἰτίαν,
1567 1473 1609 1566 ἢ
1654 1479 1726 1559 ἐξ
1767 1475 2072 1567 ἁρπαγῆς
2114 1474 2157 1569 ἢ
2200 1480 2270 1547 ἐκ
2311 1504 2696 1569 προηγησα-

349 1589 549 1670 μένης
592 1584 926 1667 λαθραίας
938 1584 980 1615 ³¹
1027 1584 1315 1667 φθορᾶς,
1363 1575 1533 1647 ἄλλά
1577 1587 1871 1665 νομίμως
1898 1583 2005 1648 καὶ
2036 1581 2530 1710 καθαρεύοντας
2556 1586 2694 1650 τῶν

352 1682 675 1752 τοιούτων
717 1681 1158 1767 μολυσμάτων
1204 1685 1311 1749 καὶ
1344 1686 1664 1770 πορνικῆς
1694 1679 2131 1767 ἀκαθαρσίας.
2194 1684 2260 1751 εἴ
2284 1708 2388 1762 τις
2416 1707 2531 1753 ουν
2558 1689 2697 1752 τῶν

356 1786 709 1872 ειρημένων
751 1782 1260 1871 καταφρονήσας
1301 1783 1530 1851 τύπων
1576 1784 1748 1870 πρὸς
1787 1783 2064 1871 γαμικὴν
2116 1780 2381 1868 ὁμιλίαν
2422 1785 2695 1873 πρώτην

353 1881 396 1975 ἢ
409 1886 606 1953 3’καὶ
649 1886 954 1975 δευτέραν
1001 1886 1334 1964 συνέλθοι,
1380 1887 1614 1952 τοῦτον
1648 1880 1688 1973 ἦ
1733 1888 1851 1951 τοῦ
1889 1889 2237 1971 χριστοῦ
2283 1886 2605 1974 ἐκκλησία,
2650 1883 2693 1975 ἥ

352 1987 622 2073 καθαρὰ
672 1990 781 2054 καὶ
836 1987 1086 2071 μηδένα
1130 1988 1376 2055 σπῖλον
1434 1987 1673 2069 έχουσα
1725 1982 1768 2075 ἢ
1823 1988 2088 2074 ῥυτίδα,
2154 1998 2298 2066 τοις
2341 1994 2697 2076 σωτηρίοις

351 2087 829 2176 υποβάλλουσα
873 2087 1187 2172 ἐτασμοῒς
1230 2084 1305 2154 οὗ
1350 2091 1513 2175 πρὶν
1545 2089 1639 2168 εἰς
1664 2089 2040 2177 μετάληψιν
2069 2092 2202 2156 τῶν
2231 2086 2442 2157 θείων
2474 2115 2698 2177 παρα-

356 2192 613 2271 δέξεται
665 2196 1070 2276 μυστηρίων,
1129 2184 1172 2276 ἢ
1212 2189 1329 2256 τὸν
1386 2187 1751 2277 ὡρισμένον
1802 2189 1921 2258 ἐπὶ
1960 2193 2041 2279 τῇ
2087 2197 2366 2279 πορνείᾳ
2402 2191 2699 2277 χρόνον”

356 2288 645 2377 ἀκριβῶς
700 2285 898 2358 αύτὸν
958 2291 1434 2378 ἐκπληρῶσαι34
1494 2292 1578 2375 (εἰ
1627 2291 1717 2381 μὴ
1763 2291 1892 2379 ἄρα
1932 2288 1973 2379 ἦ
2018 2296 2136 2359 τοῦ
2178 2299 2329 2380 βίου
2375 2288 2698 2380 ἀναγκαία

355 2399 742 2478 κατεπείγοι
782 2388 1235 2481 ἀναχώρησις),
1282 2399 1588 2460 τουτέστι
1629 2399 1853 2480 μέχρις
1897 2388 1977 2461 ἂν
2020 2393 2097 2461 τὸ
2145 2395 2423 2481 ἕβδομον
2453 2395 2699 2485 ἐκπλη-

355 2495 550 2583 ρωθῇ
608 2495 773 2573 ἔτος.
864 2490 900 2560 ό
958 2495 1031 2561 δὲ
1084 2496 1348 2579 τολμῶν
1404 2495 1612 2582 ἱερεὺς
1669 2496 1857 2583 παρὰ
1907 2496 2021 2563 τὸν
2068 2498 2701 2584 διατετυπωμένον”

359 2591 515 2683 ὅρον
557 2595 994 2684 μεταλήψεως
1037 2602 1230 2675 θείας
1285 2596 1435 2664 τινὰ
1478 2597 1728 2665 τούτων
1772 2593 2090 2680 ἀξιῶσαι,
2149 2603 2305 2686 περὶ
2359 2600 2475 2667 τὸν
2520 2601 2697 2670 ἰ’διον

357 2696 759 2766 κινδυνεύσει
798 2697 1100 2783 βαθμόν·
1160 2698 1466 2785 δηλονότι
1519 2703 1637 2766 τοῦ
1696 2696 2102 2781 ἀξιωθέντος
2151 2701 2338 2786 παρὰ
2378 2701 2494 2770 τὸν
2539 2699 2697 2790 ὥρι-

360 2804 600 2885 σμένον
652 2798 864 2867 τύπον
917 2802 1034 2885 τῆς
1092 2806 1285 2879 θείας
1334 2807 1682 2880 κοινωνίας
1737 2800 1943 2869 πάλιν
1989 2802 2083 2881 εἷς
2135 2802 2213 2868 τὸ
2257 2797 2696 2891 ἀκοινώνητον

357 2906 872 2988 περιισταμένου
915 2908 1104 2988 μέχρι
1144 2905 1263 2990 τῆς
1308 2902 1845 2991 συμπληρώσεως
1887 2907 2005 2970 τοῦ
2051 2903 2334 2991 ἑβδόμου
2382 2904 2584 2984 ἔτους.

530 3007 715 3056 Ταῦτα
759 3002 927 3073 μένω,
969 3001 1041 3062 ὦς
1076 3002 1402 3068 δεδήλωται,
1454 3002 1561 3057 ὕπὸ
1597 3008 1711 3057 τῶν
1743 3001 1912 3057 πάλαι
1945 3002 2387 3073 βασιλευσάντων
2420 3002 2697 3076 ἐπράχθη-

359 3103 481 3142 σαν.
554 3092 655 3141 νῦν
691 3086 750 3141 δὲ
786 3092 851 3160 τῇ
885 3091 986 3141 τοῦ
1019 3086 1229 3160 πατρὸς·
1272 3087 1363 3141 καὶ
1398 3085 1521 3141 υἱοῦ
1554 3088 1646 3142 καὶ
1681 3092 1779 3142 τοῦ
1813 3087 1975 3157 ἁγίου
2009 3089 2318 3160 πνεύματος
2351 3086 2572 3158 εὐδοκία
2605 3089 2698 3143 καὶ

348 3170 545 3245 χάριτι
591 3172 681 3225 καὶ
727 3176 847 3230 ταῖς
890 3175 988 3237 τῆς
1032 3170 1319 3241 πανάγνου
1364 3172 1457 3226 καὶ
1491 3171 1835 3245 θεομῆτορος
1867 3173 1959 3227 καὶ
1992 3177 2091 3226 τοῦ
2124 3173 2365 3244 μεγάλου
2400 3170 2697 3248 ἀρχιστρα-

356 3256 528 3325 τήγου
574 3256 935 3325 πρεεσβειίιιις·3’7
981 3255 1107 3314 τοὺς
1152 3253 1253 3322 ἤδη
1300 3256 1408 3328 πρὸ
1460 3255 1781 3322 ἐνενήκοντα
1818 3255 2046 3330 χρόνων
2078 3255 2255 3311 ἕνεκεν
2289 3261 2385 3321 τῆς·
2415 3258 2699 3327 προδηλω-

358 3345 548 3404 &etone
581 3337 762 3397 αἰτίας
792 3339 886 3392 καὶ
920 3336 1182 3411 ἀφορμῆς
1217 3336 1629 3412 ἇποῤῥαγὲντας
1665 3341 1821 3415 ἱερεῖς·
1853 3342 1945 3396 καὶ
1976 3343 2317 3413 μονάζοντας
2351 3339 2381 3406 ἦ
2417 3340 2700 3413 παγγάλη-

357 3443 454 3482 νος·
486 3424 733 3490 βασιλεία
767 3427 880 3475 τῶν
911 3419 1240 3493 θεοστεῖγῶν
1271 3426 1540 3493 βασιλέων
1573 3424 1761 3497 ἡμῶν,
1809 3427 2180 3497 βασιλείου
2213 3427 2308 3479 καὶ
2339 3432 2697 3499 κωξνσταν-

359 3508 632 3567 τίνουῑθ,
684 3507 896 3573 συνῆψέ
942 3525 1000 3560 τε
1044 3506 1135 3560 καὶ
1182 3510 1491 3573 συνῆνωσε,
1542 3510 1636 3564 καὶ
1677 3512 1816 3582 μίαν
1860 3511 2159 3577 καθολικὴν
2203 3510 2295 3564 καὶ
2331 3508 2697 3577 άποστολικὴν

361 3589 644 3654 ἐκκλησίαν
678 3587 993 3659 εἰργάσατο.
1054 3589 1186 3646 ’ὅθεν
1209 3592 1396 3663 χρεῶν
1430 3590 1908 3667 ἀνακηρύττεσθαί
1937 3614 1997 3649 τε
2029 3595 2120 3649 καὶ
2142 3597 2551 3667 μεγαλύνεσθαι
2570 3596 2698 3656 τοὺς

360 3673 425 3734 τὸ
461 3677 716 3728 τοιοῦτον
747 3674 1005 3747 θεοφιλὲς
1037 3676 1127 3729 καὶ
1162 3675 1449 3749 ἀξιόλογον
1482 3677 1650 3752 ἔργον
1680 3679 2115 3752 πεπληρωκότας.

498 3827 541 3858 ²⁸
573 3832 679 3884 Mai.
717 3822 1039 3882 ἀπολαῦσαι.
1166 3831 1207 3862 ⁸⁹
1241 3836 1434 3886 Leuncl.
1474 3838 1521 3887 iu
1558 3851 1703 3901 marg.
1742 3846 1790 3888 et
1823 3839 1930 3889 Mai.
1964 3835 2286 3906 παρείησαν.
2427 3835 2469 3865 ⁸⁰
2504 3837 2697 3889 Leunoi.

362 3917 413 3966 in
449 3932 595 3980 marg.
632 3908 804 3982 ἤγουν
832 3910 974 3966 ἐτῶν
1003 3912 1055 3984 β’
1091 3910 1123 3979 ἢ
1155 3912 1211 3985 γ’
1248 3914 1631 3986 ἇκοινωνησίᾳ.
1772 3919 1810 3950 ⁸¹
1843 3924 2038 3974 Leunoi.
2062 3918 2353 3989 λαθραίου.
2492 3919 2534 3949 ⁸²
2567 3923 2699 3973 Idem

363 3993 395 4061 ἢ
432 4001 561 4050 τῶν.
635 4002 775 4052 Forte
812 3993 844 4062 ἢ
879 3998 987 4052 καὶ.
1128 4002 1166 4032 ³³
1200 4007 1338 4070 Apud
1373 4007 1568 4057 Leuucl.
1593 4006 1785 4057 additur
1813 4006 2019 4075 [μάθῃ]
2051 4024 2107 4059 ex
2132 4008 2396 4059 Bonefidio.
2531 4003 2575 4034 ⁸⁴
2609 4009 2698 4059 Pro

364 4085 441 4135 bis
477 4077 648 4133 αὐτὸν
680 4080 1024 4153 ἐκπληρῶσαι
1058 4091 1185 4153 apud
1214 4092 1399 4141 Rhallin
1437 4092 1619 4141 editum
1644 4099 1717 4140 est
1739 4084 2071 4159 ἐκπληρώσῃ.
2180 4089 2220 4120 ⁸⁶
2255 4093 2448 4143 Leuncl.
2474 4093 2525 4142 in
2552 4106 2699 4155 marg.

367 4162 810 4234 διατεταγμένον.
1034 4170 1075 4201 ⁸⁶
1111 4176 1216 4224 Mai.
1255 4165 1407 4223 Ἀλλὰ
1456 4171 1527 4223 τὰ
1571 4169 1849 4225 σκάνδαλα
1884 4172 2051 4238 δῆλον
2082 4176 2259 4227 ταῦτα
2290 4173 2412 4244 μέν.
2481 4176 2696 4227 ’ΒΜΙΙίοε

359 4243 507 4300 Ἀλλὰ
541 4251 717 4301 ταῦτα
746 4250 867 4321 μέν.
1008 4253 1046 4283 ⁸⁷
1083 4259 1232 4308 Verba
1263 4253 1356 4307 καὶ
1390 4256 1921 4325 ταῖς-πρεσβείαις
1942 4264 2071 4327 apud
2094 4262 2292 4314 Leuncl.
2318 4262 2511 4318 desunt.
2564 4261 2699 4312 Addo

365 4352 421 4388 ex
455 4335 595 4400 Maio,
631 4336 782 4386 Rhaui
819 4342 868 4386 et
900 4337 1026 4388 Bals.
1162 4338 1203 4368 ³⁸
1237 4343 1432 4394 Leuncl.
1464 4344 1512 4393 in
1548 4358 1694 4407 marg.
1727 4336 1923 4401 οἵτινες
1950 4346 2049 4397 τοῦ
2069 4341 2483 4397 κωνσταντίνου
2502 4339 2700 4396 τούτου
