2900 4950
382 208 507 272 622
1178 219 1297 271 con.
1336 220 1384 270 v.
1458 220 1568 270 mov.
1606 219 1755 270 xm.
1792 219 1920 270 xxv.

382 368 671 448 δωκότος
711 367 789 433 τὸ
830 366 1224 453 βασιλεύειν,
1293 361 1373 433 ἂν
1417 370 1525 434 καὶ
1570 367 1646 433 τὸ
1688 370 1823 434 τῶν
1866 362 2176 454 ὑπηκόων
2220 360 2369 433 ἔσθ’
2416 363 2534 434 ὅτε
2581 391 2761 434 συν-

378 478 567 558 τρέχῃ
614 473 724 537 καὶ
765 469 881 557 τὴν
925 474 1039 556 τῆς
1085 464 1394 546 εὐποιῒας
1435 469 1652 555 ῥοπὴν
1696 463 1813 535 οὐκ
1856 465 2151 555 άνασοβῇ
2191 467 2303 534 διὰ
2331 471 2466 534 τῶν
2497 469 2750 554 ἔργων,

379 573 627 659 ῥᾳδίως
669 565 750 637 ἂν
795 571 1130 654 ἑκατέροις
1169 570 1499 636 ἐκτελοῖτο
1542 568 1627 635 τὰ
1672 570 1938 635 δέοντα’
1999 580 2146 648 τοῖς
2186 571 2309 652 μὲν
2354 569 2611 657 δηλαδὴ
2662 571 2751 635 τὸ

381 670 737 758 εὐεργετεῒν
797 673 1099 749 δικαίως,
1159 680 1303 749 τοῒς
1365 665 1430 736 δ’
1494 659 1577 736 αὐ
1632 666 1954 756 ὑπηκόοις
2012 670 2091 736 τὸ
2147 676 2281 737 τῶν
2339 664 2750 755 εὐεργεσιῶν
2864 699 2865 762 }

379 769 728 851 ἀκωλύτως
773 770 1259 856 ἐπιτυγχάνειν·
1317 771 1554 838 ἔπειτα
1595 774 1701 837 καὶ
1747 774 1885 837 τῶν
1930 767 2206 839 ἀτόπων
2250 765 2331 837 ἂν
2377 771 2509 857 εἴη,
2575 771 2749 850 τοὶ-ς

375 878 497 960 μὲν
555 876 667 942 ἐπὶ
725 884 869 951 τοῖς
925 869 1321 956 ὀλυμπικοῒς
1374 871 1621 951 ἄθλοις
1678 877 1997 952 νικῶντας
2052 872 2374 941 ἐπάθλων
2432 868 2578 955 ἅμα
2621 875 2741 938 καὶ

375 981 582 1063 γερῶν
627 973 990 1055 ἀξιοῦσθαι
1032 977 1163 1040 τῶν
1209 973 1695 1061 προσηκόντων,
1742 974 1899 1053 τοὺς
1942 976 2015 1040 δέ
2056 999 2129 1059 γε
2167 967 2321 1056 παρ’
2354 968 2545 1060 ἡμῶν
2572 999 2743 1059 χρη-

379 1083 615 1160 σίμους
658 1071 1226 1162 ἀναφαινομένους
1266 1087 1411 1153 τοῖς
1456 1073 1802 1160 πράγμασι
1844 1073 2076 1160 πόῤῥω
2120 1080 2339 1158 μένειν
2384 1077 2501 1158 τῆς
2533 1068 2741 1161 ὀφει-

378 1180 656 1265 λομένης
710 1183 1267 1261 παραχωρεῖσθαι
1310 1180 1523 1263 τιμῆς.
1592 1176 1651 1243 εἰ
1695 1166 1811 1242 οὐν
1856 1172 1946 1255 ὦς
1990 1176 2246 1263 εἴρηται
2289 1178 2423 1241 τῶν
2467 1199 2740 1263 προση-

376 1280 626 1347 κόντων
668 1282 775 1345 καὶ
823 1280 1095 1345 δικαίων
1140 1278 1299 1357 ἐστὶ,
1348 1277 1502 1356 τοὺς
1533 1277 1600 1344 ἐν
1631 1283 1774 1357 τοῖς
1802 1276 2185 1363 πράγμασιν
2218 1273 2739 1361 εὐδοκιμοῦντας

377 1385 510 1448 τῶν
553 1383 916 1466 βασιλικῶν
961 1375 1077 1444 οὐκ
1120 1374 1424 1463 ἀμοιρεῖν
1464 1385 1779 1464 χαρίτων,
1826 1368 1921 1444 ὧν
1964 1373 2099 1446 κατ’
2148 1375 2382 1465 ἀρετὴν
2428 1402 2736 1469 πνευμα-

378 1482 561 1568 τικὴν
608 1478 643 1567 ἡ
691 1477 1126 1564 εὐδοκίμησις,
1173 1474 1365 1559 ἀξίας
1408 1474 1957 1563 άντιμετρεῒσθαι
2002 1478 2123 1558 τὰς
2167 1478 2353 1563 παρὰ
2389 1483 2733 1564 βασιλέως

377 1580 577 1665 τιμάς
631 1605 705 1647 τε
744 1583 853 1646 καὶ
894 1579 1169 1664 χάριτας
1210 1575 1469 1659 αὐτοῖς,
1526 1584 1725 1646 τοῦτο
1771 1582 1843 1647 δὲ
1886 1580 1995 1647 καὶ
2040 1585 2171 1647 τῶν
2216 1579 2483 1668 σφόδρα
2526 1575 2735 1666 ἀναγ-

378 1689 583 1749 καίων
640 1682 740 1768 εἰἠ
799 1675 909 1760 ὃν,
972 1679 1204 1766 ἐπειδὴ
1248 1680 1420 1767 πρὸς
1466 1680 1681 1768 ψυχὴν
1728 1682 2057 1767 διαβαίνει
2100 1682 2177 1748 τὸ
2220 1684 2336 1768 τῆς
2379 1677 2732 1767 εὐδοκιμή-

381 1808 551 1861 σεως
594 1782 889 1849 ἐνταῦθα
931 1780 1302 1862 κάλλιστον,
1351 1785 1461 1849 καὶ
1508 1782 1622 1849 διὰ
1648 1786 1847 1849 τοῦτο
1877 1784 2113 1850 πλεῖον
2141 1785 2248 1848 καὶ
2279 1784 2356 1848 τὸ
2386 1785 2503 1868 τῆς
2532 1787 2733 1870 τιμῆς

379 1883 697 1970 ὑπερέχον
741 1879 1083 1970 ὀφείλεται
1125 1894 1270 1962 τοῖς
1312 1878 1446 1950 κατ’
1497 1879 1731 1972 ἀρετὴν
1776 1883 2220 1970 πνευματικὴν
2267 1879 2730 1967 εὐδοκιμοῦσιν

379 1981 422 2076 ἢ
463 1997 608 2065 τοῖς
648 1981 801 2052 καθ’
852 1981 1076 2051 ὅντινα
1122 1985 1199 2070 δὴ
1243 1982 1516 2069 τρόπον,
1563 1988 1669 2051 καὶ
1716 1992 1937 2052 τοίνυν
1980 1985 2092 2052 καὶ
2137 1984 2305 2051 ἄλλα
2348 1984 2574 2051 πολλὰ
2603 1987 2729 2069 μὲν

378 2087 825 2175 τυγχάνουσιν,
874 2082 1046 2170 άπερ
1091 2082 1280 2171 ἡμεῖς
1324 2085 1438 2182 διὰ
1480 2090 1597 2174 τῆς
1640 2087 1709 2154 έκ
1752 2090 1920 2155 θεοῦ
1967 2087 2285 2174 δοθείσης
2325 2082 2483 2174 ἡμῖν
2524 2093 2728 2172 βασι-

380 2192 561 2269 λείας
613 2186 987 2274 κεκτήμεθα
1040 2187 1126 2254 τὰ
1181 2188 1520 2274 προνόμια
1574 2189 1686 2255 καὶ
1740 2186 2159 2272 δικαιώματα
2213 2188 2386 2273 πρὸς
2440 2186 2562 2275 τὴν
2604 2191 2727 2253 τοῦ

379 2295 548 2360 θεοῦ
605 2287 797 2376 ἁγίαν
853 2289 1213 2376 ἐκκλησίαν.
1303 2279 1394 2354 ὦν
1440 2285 1756 2355 ἁπάντων
1801 2290 1986 2357 ἕνεκα
2030 2284 2288 2375 ὁπόσην
2332 2288 2726 2373 ποιούμεθα

378 2393 497 2483 τήν
540 2391 866 2482 φροντίδα
907 2390 1018 2455 καὶ
1062 2388 1522 2477 τὴνβπουδὴν
1563 2391 1642 2456 τὸ
1689 2415 2025 2478 προσηκον
2069 2390 2372 2469 ἑκάστοις
2414 2391 2727 2457 ἐπιτιθέ-

381 2522 493 2563 ναι
535 2495 751 2570 τέλος,
798 2494 904 2557 καὶ
953 2486 1195 2557 ὁποῖον
1238 2490 1353 2556 τὸν
1399 2491 1589 2576 ζῆλον
1633 2500 1960 2581 τρέφομεν
2002 2496 2083 2580 τῇ
2128 2496 2245 2558 τοῦ
2295 2496 2456 2559 θεοῦ
2497 2493 2725 2578 χάριτι

379 2594 548 2679 ὑπὲρ
604 2591 844 2678 ταίτης
888 2590 965 2680 δὴ
1009 2593 1127 2678 τῆς
1171 2590 1541 2679 ἐκκλησίας,
1603 2589 1692 2672 ὥς
1737 2590 1817 2661 ἄν
1860 2594 2295 2675 διασώζοιντο
2320 2597 2446 2661 καὶ
2494 2596 2725 2682 διατη·

381 2707 605 2781 ροῒντο
657 2692 860 2780 ταύτῃ
918 2694 1132 2772 καλῶς
1175 2718 1248 2760 τε
1288 2695 1396 2760 καὶ
1443 2690 1536 2773 ὥς
1580 2699 1721 2781 θεῷ
1769 2698 1996 2783 φίλον,
2068 2693 2196 2763 ὅσα
2241 2697 2337 2775 εἷς
2378 2694 2720 2775 σύστασιν,

379 2795 511 2864 ὅσα
555 2796 650 2876 εἰς
689 2794 1007 2882 καλλονήν
1049 2820 1122 2862 τε
1164 2798 1271 2862 καὶ
1317 2790 1670 2880 εὐκοσμίαν
1712 2800 1819 2864 καὶ
1852 2794 1980 2864 ὅσα
2010 2798 2105 2877 είς
2132 2795 2210 2863 τὸ
2239 2801 2356 2885 τῆς
2386 2792 2722 2882 εὐσεβείας

382 2895 607 2988 ἀφορᾷ
650 2896 903 2983 κράτος,
951 2892 1209 2982 ἀγνοεῖν
1254 2892 1444 2980 οἶμαι
1487 2901 1620 2964 τῶν
1664 2895 1978 2965 ἁπάντων
2025 2895 2277 2966 οὐδένα.
2338 2902 2406 2966 ἓν
2436 2894 2505 2966 δ’
2541 2896 2722 2983 ὅμως

379 2998 472 3081 ιῦς
531 3002 783 3088 εἴρηται
838 2999 950 3065 καὶ
995 3000 1233 3079 τοῦτο,
1291 2990 1383 3064 ὧν
1440 3006 1739 3087 κέκτηται
1793 2995 1831 3087 ἦ
1886 3003 2195 3085 βασιλεία
2239 2996 2422 3087 ἡμῶν
2469 3000 2537 3068 ἐν
2580 3011 2723 3080 τοῖς

382 3102 943 3188 ἐκκλησιαστικοῒς
987 3107 1388 3187 προνομίων,
1434 3099 1513 3167 τὸ
1559 3099 1675 3181 οὓς
1718 3097 1798 3169 ἂν
1840 3101 2151 3187 βούλεται
2185 3105 2318 3168 τῶν
2350 3103 2722 3188 ἱερωτάτων

383 3199 733 3290 ἀρχιερέων
787 3203 1083 3287 μείζοσιν
1139 3198 1359 3283 ἀξίαις
1412 3207 1613 3287 τιμᾶν
1667 3205 1775 3269 καὶ
1834 3199 1971 3269 άπὸ
2017 3210 2505 3291 ταπεινοτέρων
2548 3202 2722 3287 πρὸς

377 3302 829 3393 ὑψηλοτέρους
872 3306 1300 3389 προβιβάζειν
1345 3303 1635 3390 θρόνους
1679 3303 1792 3371 διὰ
1833 3303 1910 3370 τὸ
1954 3308 2071 3392 τῆς
2113 3301 2347 3392 ἀρετῆς
2378 3304 2720 3389 αἰδέσιμον

347 3406 490 3493 ,καὶ
535 3405 912 3491 σεβάσμιον.

550 3505 631 3571 α’.
671 3500 932 3589 Ἐπειδὴ
978 3511 1198 3571 τοίνυν
1241 3504 1350 3571 καὶ
1393 3505 1510 3571 τὸν
1556 3505 1911 3593 ἱερώτατον
1953 3509 2446 3594 μητροπολίτην
2491 3506 2722 3593 ἄπρω

377 3604 491 3675 καὶ
533 3601 895 3691 ὑπέρτιμον
940 3595 1122 3691 εὗρεν
1167 3601 1204 3690 ἦ
1248 3608 1559 3692 βασιλεία
1600 3632 1728 3692 μου
1774 3605 1983 3693 ἄνδρα
2028 3609 2199 3696 λόγῳ
2243 3613 2350 3676 καὶ
2389 3605 2587 3698 άρετῇ
2617 3637 2723 3678 κε·-

377 3713 804 3795 κοσμημένον,
852 3706 1068 3796 πλήρη
1112 3734 1186 3775 τε
1229 3709 1541 3788 παιδείας
1569 3710 1681 3776 καὶ
1710 3714 2152 3796 πνευματικῆς
2181 3718 2523 3790 συνέσεως,
2569 3707 2724 3778 κάν-

376 3816 617 3880 τεῦθεν
664 3804 1001 3897 ὠφέλιμον
1047 3807 1207 3878 ὄντα
1248 3822 1393 3889 τοῖς
1436 3810 1895 3896 ἐντυγχάνουσι
1937 3812 2023 3878 τά
2063 3839 2137 3899 γε
2179 3814 2273 3892 εἰς
2318 3812 2563 3899 ψυχὴν,
2611 3814 2721 3880 καὶ

378 3913 551 4001 πρὸς
606 3911 866 3991 τούτοις
918 3911 1179 3980 εὔνοιαν
1223 3913 1534 4000 εἰλικρινῆ
1582 3911 1959 3980 δεικνύοντα
2002 3914 2174 4000 πρὸς
2215 3913 2332 4001 τὴν
2374 3916 2720 3999 βασιλείαν

376 4039 538 4099 μου,
587 4018 664 4102 τῇ
709 4013 1130 4102 προσηκούσῃ
1174 4018 1408 4080 τοῦτον
1451 4017 1611 4101 τιμῇ
1655 4017 1759 4081 καὶ
1804 4019 1899 4102 τῷ
1942 4020 2059 4104 τῆς
2100 4016 2435 4101 καθέδρας
2480 4022 2721 4100 προβι·

378 4118 617 4202 βασμῷ
679 4109 1083 4201 ἀμείβεσθαι
1138 4117 1389 4183 δίκαιον
1447 4111 1487 4200 ἦ
1541 4118 1853 4201 βασιλεία
1900 4141 2030 4201 μου
2074 4124 2297 4202 κρίνει.
2384 4118 2722 4201 τιμᾶσθαι

378 4215 504 4300 γὰρ
559 4214 676 4302 τὴν
717 4211 968 4335 υάρετὴν
1023 4215 1137 4284 καὶ
1189 4216 1306 4303 τὴν
1349 4223 1742 4302 πρέπουσαν
1785 4218 2045 4301 ἐπέχειν
2086 4216 2311 4303 τιμὴν,
2369 4218 2722 4338 πολλαχως

385 4342 466 4383 αν
512 4316 612 4403 ε’ίη
655 4319 787 4382 τῶν
829 4319 1044 4383 καλῶν
1088 4319 1193 4384 καὶ
1217 4317 1743 4403 ἐπαινουμένων·
1788 4318 2095 4387 ἐπίδοσίν
2123 4345 2199 4387 τε
2222 4318 2349 4405 γὰρ
2377 4312 2453 4385 οὐ
2482 4318 2721 4404 μικράν

2864 2407 2865 2487 l

2862 2564 2865 2637 1
