2900 4950
391 227 518 289 556
1270 239 1390 289 eon.
1425 241 1498 289 ιν.
1568 240 1682 289 Nm.
1720 239 1849 290 xcv.

391 397 548 456 netie
592 392 871 453 deberent
910 390 1069 471 fieri.
1135 388 1413 463 'Quorum
1459 393 1705 470 quisque
1751 390 1918 452 debet
1959 409 1997 450 a
2029 393 2316 452 vestiario
2349 392 2581 455 domini
2609 391 2736 455 ln-

383 497 694 572 peratoris
725 495 996 571 accipere
1027 491 1410 554 liberalitatis
1439 495 1640 570 gratia
1670 496 2037 554 numismata
2060 509 2367 571 yperpera
2394 497 2739 572 sezcaqinta-

562 593 746 655 Item
790 598 1029 655 comites
1076 591 1427 670 hujusmodi
1464 592 1779 673 yalearum
1811 590 2121 668 jurabunt
2165 611 2354 671 super
2394 603 2612 654 sancta
2647 596 2745 655 dei

388 694 721 774 evanqelia,
764 695 923 774 quod
965 697 1032 755 in
1071 713 1429 774 unaquaque
1470 693 1808 773 gallearum
1854 688 2034 754 erunt
2067 704 2302 754 centum
2331 696 2741 773 quadraginta

391 795 675 866 hanzines,
720 801 778 855 si
819 806 910 858 tot
953 795 1256 856 bominum
1302 798 1385 856 eis
1432 812 1583 872 roqa
1612 796 1755 857 data
1782 796 1998 873 fuerit,
2042 799 2305 874 exceptis
2334 797 2737 863 morientibus

387 906 446 957 et
503 901 633 958 sine
692 914 900 958 eorum
955 900 1180 959 noticia
1235 896 1710 975 aufuyientibus.
1808 895 2203 957 Veruntamen
2245 899 2368 974 ipsi
2404 898 2739 960 studebunt

389 998 545 1059 bona
597 997 746 1077 fide,
807 1008 1100 1077 quatenus
1144 1016 1356 1083 noqavn
1398 984 1617 1057 eisdem
1662 996 1998 1058 hominibus
2044 997 2276 1066 datam,
2332 1000 2735 1062 morientibus

389 1096 486 1158 vel
525 1098 896 1175 fugientibus
941 1097 1230 1175 videlicet,
1277 1109 1636 1177 recuperent
1649 1116 1667 1169 ;
1715 1115 1892 1177 quam
1922 1101 1981 1157 si
2006 1114 2370 1176 recuperare
2398 1098 2733 1171 valuerint,

387 1199 669 1260 inducent
713 1198 868 1260 alios
906 1218 1027 1279 pro
1073 1203 1157 1261 eis
1200 1204 1267 1261 in
1307 1199 1508 1277 galeas
1554 1216 1783 1268 eorum,
1831 1210 1939 1260 aut
1983 1199 2233 1260 reddent
2263 1217 2472 1278 rogam
2506 1200 2740 1263 bomini
2801 1232 2813 1241 ·

389 1300 617 1360 domini
656 1297 1077 1379 Imperatoris.

557 1400 740 1461 Item
772 1401 1084 1476 jurabunt
1125 1404 1536 1481 unusquisque
1580 1403 1888 1470 comitum,
1934 1401 2091 1478 quod
2131 1402 2491 1461 universum
2532 1419 2732 1480 appa-

385 1510 596 1561 ratum
635 1504 785 1580 ipsis
831 1504 1123 1563 traditum
1170 1504 1496 1569 conducent
1520 1501 1618 1583 „ad
1664 1499 1955 1562 honorem
2000 1499 2249 1578 Imperii
2285 1518 2499 1562 eorum
2535 1512 2601 1569 et¹
2624 1522 2729 1565 sa-

385 1584 572 1663 lu‘tem
617 1606 825 1663 nostri
862 1601 1022 1663 stoli.
1083 1602 1371 1664 Homines
1415 1611 1618 1663 autem
1656 1602 1972 1680 galearum
2008 1600 2191 1662 talem
2214 1605 2484 1679 accipere
2513 1604 2731 1667 debent

387 1719 615 1779 royam,
663 1703 896 1782 qualem
949 1702 1202 1765 Venetici
1241 1704 1407 1787 apud
1454 1702 1781 1782 Coriphum
1826 1704 2210 1782 accipiebant.

555 1802 768 1874 Item,
815 1809 873 1864 si
911 1804 1237 1883 Imperium
1281 1822 1497 1866 eorum
1530 1803 1795 1865 voluerit
1824 1808 1890 1865 in
1918 1821 2171 1865 numero
2205 1800 2558 1879 hujusmodi
2586 1823 2727 1866 cen-

387 1914 513 1965 tum
553 1904 868 1982 galearum
911 1909 1228 1967 servitium
1280 1904 1692 1966 Veneticorum
1732 1909 1798 1965 in
1838 1909 2130 1967 universa
2172 1904 2468 1967 Romania
2510 1909 2726 1968 inven-

386 2017 606 2076 torum,
654 2007 820 2068 debet
863 2007 1019 2068 illud
1061 2007 1277 2069 habere
1323 2025 1453 2067 cum
1501 2016 1590 2068 tot
1634 1996 1873 2067 scilicet‘
1900 2007 2106 2084 auleis,
2152 2016 2297 2087 quot
2339 2011 2583 2067 armari
2603 2027 2725 2086 po-

385 2116 590 2167 terunt
635 2125 711 2167 etc
755 2112 1012 2171 inventis
1063 2106 1368 2178 Veneticis‚
1415 2126 1494 2168 ecc
1536 2119 1803 2188 quatuor
1846 2108 2044 2169 tribus
2087 2108 2351 2169 inductis
2397 2110 2727 2170 secundum

381 2226 705 2268 numerum
747 2212 1136 2270 inventorum
1189 2208 1600 2270 Veneticorum
1658 2227 1789 2270 cum
1830 2219 1886 2270 et
1924 2208 2198 2287 predicta
2244 2225 2412 2286 roqa.
2506 2208 2727 2273 Tamen

383 2325 509 2368 non
565 2318 857 2387 cogentur
909 2313 1128 2388 viyinti
1177 2328 1480 2372 annorum
1527 2310 1788 2371 homines
1836 2303 1954 2394 [et]
2000 2311 2176 2388 inf-ra
2216 2311 2418 2389 yaleas
2464 2313 2723 2391 incredi,

381 2427 569 2490 neque
610 2414 924 2488 semaqinta
966 2428 1271 2473 annorum
1315 2422 1371 2473 et
1410 2412 1602 2474 ultra.

552 2510 737 2570 Item
789 2522 998 2573 noster
1051 2514 1248 2575 stolus
1312 2514 1478 2575 debet
1531 2512 1744 2574 habere
1812 2515 2186 2591 capitaneum
2239 2512 2335 2574 vel
2379 2518 2725 2592 capitaneos

388 2610 718 2690 Veneti'cos,
780 2617 885 2692 qui
913 2611 1249 2690 jurabunt,
1296 2614 1453 2694 quod
1500 2615 1830 2674 conducent
1872 2612 2099 2674 stolum
2140 2615 2218 2676 ad
2264 2614 2551 2685 bonorem
2597 2615 2725 2677 Im-

374 2714 544 2791 perii
595 2731 802 2774 eorum
859 2724 915 2775 et
972 2715 1228 2776 salutem
1286 2718 1494 2776 nostri
1545 2714 1694 2776 stoli
1736 2714 1892 2775 bona
1933 2714 2052 2794 fide
2095 2718 2225 2777 sine
2265 2717 2489 2794 fraude
2531 2735 2735 2796 usquc

382 2813 460 2873 ad
502 2812 727 2874 stolum
772 2815 1141 2877 celsitudinis
1188 2815 1436 2894 Imperii
1477 2833 1708 2876 eorum.

550 2915 759 2987 Item,
816 2922 874 2977 si
924 2929 1063 2980 ante
1121 2935 1298 2997 quam
1352 2928 1564 2978 noster
1619 2914 1814 2977 stolus
1879 2920 2139 2979 uniatur
2194 2917 2448 2997 Imperii
2508 2936 2729 2979 eorum

381 3015 557 3087 stolo,
605 3021 902 3079 invenerit
946 3018 1201 3099 aliquem
1243 3017 1467 3079 stolum
1510 3020 1736 3077 inimici
1778 3016 2031 3097 Imperii
2067 3037 2304 3088 eorum,
2351 3031 2407 3080 et
2450 3019 2729 3081 voluerit

381 3120 439 3177 ei
489 3135 707 3179 nocere
760 3119 856 3179 vel
913 3137 1044 3179 eum
1098 3136 1478 3198 empuynare,
1536 3118 1727 3195 saciet
1777 3122 1862 3180 sic
1918 3119 2135 3200 absque
2188 3121 2412 3197 fraude
2458 3131 2514 3182 et
2555 3120 2726 3183 malo

377 3222 616 3296 maenio
672 3219 893 3298 aliquo.
985 3220 1306 3299 Postquam
1363 3238 1506 3280 aero
1562 3219 1757 3280 stolus
1813 3230 2024 3281 noster
2066 3225 2274 3284 unitus
2320 3223 2514 3299 suerit
2556 3222 2728 3288 stolo

377 3317 780 3399 Imperator-ie
822 3320 1238 3394 sublimitatis,
1297 3321 1506 3383 debent
1548 3323 1895 3389 numerari,
1941 3326 2046 3401 qui
2084 3326 2149 3383 in
2190 3323 2374 3399 9aleis
2418 3332 2626 3391 erunt,
2682 3343 2728 3384 a

380 3426 687 3499 capitaneo
733 3422 903 3483 stolii
946 3423 1194 3502 Imperii
1237 3441 1464 3493 eorum,
1511 3425 1569 3483 si
1606 3425 1734 3501 ipse
1780 3422 2084 3499 voluerit5
2129 3435 2187 3484 et
2230 3425 2459 3485 inventi
2484 3424 2733 3503 quidem

378 3530 562 3582 erunt
611 3526 676 3582 in
735 3529 981 3586 servitio
1043 3524 1415 3584 celsitudinis
1466 3522 1716 3602 Imperii
1768 3542 1979 3585 eorum
1993 3542 2010 3596 ;
2068 3526 2345 3587 absentes
2390 3542 2535 3586 vero
2580 3535 2733 3588 stu-

376 3622 541 3684 diose
584 3642 653 3684 ac
700 3625 856 3686 bona
897 3626 1017 3704 fide
1062 3625 1362 3685 curabunt
1406 3628 1683 3704 reperire
1725 3623 1990 3696 Venetici,
2037 3629 2094 3687 si
2128 3630 2465 3705 potuerint,
2514 3638 2571 3688 et
2600 3646 2735 3689 nu—

373 3741 604 3786 merum
647 3725 992 3806 adimplere.

546 3826 729 3889 Item
775 3830 1119 3905 capitaneus
1166 3827 1259 3889 vel
1305 3830 1606 3907 capitanei
1644 3832 1849 3889 nostri
1889 3827 2039 3889 stoli
2077 3840 2137 3891 et
2181 3832 2427 3890 comites
2468 3838 2526 3889 et
2556 3846 2737 3891 nau-

376 3928 563 4000 clerii,
609 3947 718 3990 nec
760 3947 885 3990 non
931 3940 988 3991 et
1030 3930 1360 4008 prodenses
1407 3940 1464 3990 et
1507 3945 1583 3989 em
1624 3947 1981 4009 unaquaque
2023 3928 2335 4008 yalearum
2381 3930 2577 3990 decem
2608 3929 2743 3992 leo'-

369 4034 558 4098 mines
593 4029 920 4106 jurabunt,
966 4032 1124 4110 quod
1169 4032 1443 4093 obedient
1479 4040 1766 4110 precepto
1813 4033 2113 4110 capitanei
2140 4030 2288 4092 stoli
2318 4030 2741 4109 Imperatorie

373 4130 742 4192 celsitudinis
787 4130 1044 4213 Imperii
1093 4150 1331 4204 eorum,
1401 4132 1479 4192 ad
1536 4130 1826 4192 honorem
1880 4137 1938 4193 et
1993 4131 2253 4193 salutem
2302 4135 2514 4194 nostri
2553 4132 2741 4202 stoli,

370 4233 499 4290 sine
541 4232 765 4309 fraude
808 4243 865 4294 et
908 4232 1067 4296 malo
1112 4236 1369 4312 inqenio,
1416 4242 1474 4293 et
1517 4232 1674 4310 quod
1715 4250 1840 4293 una
1872 4250 2005 4294 cum
2035 4232 2195 4295 stolo
2226 4233 2479 4313 Imperii
2505 4251 2740 4296 eorum

363 4341 813 4409 persequentur
856 4334 1080 4396 stolum
1123 4336 1351 4396 inimici
1387 4330 1724 4408 majestatis
1756 4333 2177 4413 Imperatoris,
2222 4337 2348 4397 sive
2385 4333 2750 4398 Christiani
