2900 4950
357 217 484 278 580
1286 223 1408 271 ιῑοιι.
1443 222 1496 269 v.
1566 220 1676 269 Νικ.
1716 220 1765 269 v.

355 379 692 460 requireret
731 378 807 436 de
852 374 1192 436 hominibus
1233 372 1395 432 naris
1439 371 1775 451 praedictae
1816 388 1925 449 pro
1971 367 2293 429 muniendo
2320 375 2633 436 meu-eru,
2682 376 2747 426 et
2836 341 2837 422 l

367 481 654 562 pepigerit
695 497 828 539 cum
859 477 1004 556 ipsis
1031 474 1430 535 Januensibus
1460 491 1569 553 per
1598 483 1822 533 tantum
1855 479 2107 548 tempus,
2154 478 2443 548 quntum
2478 477 2744 546 pactu·

367 582 570 643 Iecen't
611 578 808 640 dando
853 577 998 656 ipsis
1041 575 1264 636 solidos
1281 575 1341 648 '‘‚
1398 573 1663 635 videlicet
1717 573 1920 632 decem
1966 571 2194 631 dierum
2242 569 2327 629 vel
2374 568 2595 646 vigim
2650 569 2739 628 rel
2838 603 2839 682 ἰ

367 684 545 743 unius
589 680 810 741 mensis
855 677 942 738 vel
985 677 1118 756 plus
1162 676 1249 736 vel
1294 676 1509 748 minus,
1556 674 1713 753 quod
1758 672 1896 733 dicti
1926 671 2281 742 Januenses,
2324 671 2427 749 qui
2476 669 2737 749 pepige-
2838 705 2839 712 κ

367 784 517 856 rint,
572 790 887 844 teneantur
938 778 1198 839 debitum
1253 777 1451 837 debito
1506 785 1761 836 castrum
1820 773 1959 838 illud
2019 773 2337 833 defendere
2381 780 2443 832 et
2486 771 2737 830 salvare

369 886 522 946 sicut
561 892 820 943 castrum
865 880 1167 959 proprium
1195 877 1604 944 sennensium,
1651 884 1711 935 et
1754 894 1874 935 non
1922 876 2115 935 facere
2144 873 2399 952 aliquam
2433 872 2737 932 malitiam
2840 877 2841 880 ’

370 986 507 1047 dicti
553 984 728 1044 castri
771 1000 877 1042 seu
923 980 1294 1040 traditionem
1342 977 1479 1038 dicti
1524 977 1733 1037 castri:
1787 985 2057 1036 teneatur
2098 975 2423 1036 Commune
2466 973 2735 1040 ‹laneae-2

373 1083 784 1164 Capitaneus¹⁹
835 1093 894 1143 et
939 1082 1203 1142 Potestas
1245 1090 1448 1139 contra
1495 1078 1657 1158 Ipsos
1700 1077 2124 1136 correctionem
2168 1086 2228 1136 et
2272 1075 2595 1134 vindictam
2646 1076 2739 1134 fa-

373 1205 525 1256 cere,
571 1185 722 1245 sicut
764 1184 813 1243 si
861 1193 1058 1243 essent
1091 1182 1148 1240 iu
1179 1179 1352 1240 simili
1385 1197 1559 1239 causa
1592 1179 1903 1239 traditores
1934 1178 2277 1237 Communis
2302 1175 2733 1236 lanne-usiam.

544 1286 689 1346 Item
748 1285 905 1363 quod
966 1282 1154 1343 nuntii
1199 1281 1431 1360 Imperii
1480 1281 1665 1340 nostri
1711 1297 1949 1358 semper
1991 1279 2061 1338 ad
2108 1295 2313 1337 eornm
2358 1276 2731 1337 voluntatem

375 1388 604 1466 possint
661 1386 967 1446 extrahere
1021 1385 1094 1444 de
1140 1384 1370 1443 civitate
1410 1382 1637 1442 Januae
1680 1359 2047 1440 ardisti-ictu
2094 1379 2291 1438 habito
2334 1389 2395 1437 et
2438 1378 2731 1438 habendo

375 1488 557 1548 libere
601 1486 731 1545 sine
773 1485 969 1562 aliquo
1011 1482 1362 1543 commercio
1403 1499 1565 1542 arma
1610 1491 1667 1541 et
1712 1499 1916 1559 equos.
2386 1476 2392 1482 ’

550 1586 694 1646 Item
739 1603 872 1644 cum
918 1602 1160 1644 necesse
1205 1582 1475 1643 habuerit
1517 1583 1813 1660 galearum
1847 1580 2161 1660 Imperium
2207 1589 2479 1639 nostrum
2524 1571 2727 1639 escas

379 1697 581 1766 petere
624 1685 864 1744 veluerit
909 1702 1015 1762 pro
1061 1682 1367 1743 serviendo
1399 1682 1653 1761 Imperio
1699 1691 1920 1753 nostro,
1968 1683 2290 1744 Commune
2316 1681 2567 1750 sannae,
2618 1681 2732 1739 Ca-

380 1787 654 1867 pitaneus
696 1794 757 1845 et
786 1783 1050 1846 Potestas
1091 1783 1166 1842 ab
1211 1801 1325 1842 uua
1371 1784 1535 1861 galea
1582 1801 1769 1861 usque
1814 1783 1873 1841 iu
1906 1782 2326 1861 quinquaginta
2343 1781 2407 1854 ¹⁰,
2453 1801 2593 1842 cum
2626 1801 2729 1841 ex-

383 1892 584 1967 pensis
630 1886 864 1965 Imperii
910 1885 1128 1957 nostri,
1172 1884 1325 1944 sicut
1368 1895 1614 1964 apparet
1657 1894 1715 1944 et
1758 1883 2039 1961 scriptum
2084 1893 2175 1942 est
2216 1883 2291 1941 de
2332 1884 2618 1961 expensis
2662 1883 2725 1941 in

381 1989 494 2050 isto
539 1985 836 2067 pririlegio
881 1985 1391 2062 sacrament[at]o:
1437 1985 1699 2046 videlicet
1746 1985 1903 2063 quod
1952 1984 2221 2054 hominos
2251 1984 2727 2062 uniuscnjusque

383 2089 582 2168 galeae
637 2087 901 2167 quolibet
955 2105 1160 2147 mense
1217 2086 1475 2147 habeant
1532 2105 1644 2165 pro
1688 2084 2031 2145 victualibus
2075 2086 2241 2144 Cant.
2288 2085 2385 2145 XC
2427 2089 2505 2145 ‹le
2550 2085 2728 2164 panis

383 2189 633 2260 bizantii,
682 2207 832 2268 quae
876 2197 1018 2249 sunt
1059 2187 1134 2247 ad
1178 2187 1414 2267 pondus
1458 2188 1736 2246 librarum
1770 2185 2087 2246 {lomaniae
2117 2185 2299 2245 librae
2328 2186 2725 2268 mmet-CC,

383 2291 523 2351 item
567 2307 778 2350 carnes
819 2288 1019 2348 salitas
1049 2290 1215 2349 Cant.
1251 2287 1318 2347 Vl
1361 2288 1558 2358 lanu„
1604 2306 1755 2366 quae
1799 2296 1939 2348 sunt
1980 2287 2110 2347 libr.
2142 2285 2477 2347 DCCCCLX
2512 2287 2729 2347 Roma-

385 2392 547 2462 mne,
603 2390 744 2450 item
799 2407 1036 2449 caseum
1093 2389 1191 2448 lib.
1239 2388 1294 2447 u
1339 2387 1689 2459 Romamn,
1748 2388 1884 2448 item
1944 2390 2138 2449 vinum
2195 2389 2551 2449 admistum
2598 2389 2725 2448 Nisi

387 2493 598 2553 CCXL.
686 2489 832 2550 Item
877 2489 1032 2567 quod
1079 2489 1348 2550 homines
1393 2490 1679 2550 dictarum
1724 2490 2017 2567 galearum
2063 2488 2282 2549 debent
2323 2489 2542 2550 habere
2585 2491 2727 2551 soli·

388 2595 494 2654 dos
526 2590 758 2669 Imperii
807 2591 991 2673 nostri
1036 2609 1144 2668 pro
1188 2591 1446 2669 quolibet
1493 2610 1695 2650 mense
1740 2601 1798 2651 et
1842 2610 1949 2669 pro
1979 2590 2239 2670 quolibet
2270 2592 2527 2661 homine,
2572 2593 2726 2652 siem

389 2693 484 2751 hic
539 2689 901 2750 continetur:
961 2691 1226 2752 videlicet
1270 2690 1527 2751 Comites
1572 2691 2035 2771 uuiuscujusque
2078 2690 2279 2767 galeae
2318 2712 2604 2772 yperpera
2655 2693 2719 2752 l'l

389 2802 450 2852 et
490 2791 828 2864 dimidium;
872 2791 943 2851 lv
988 2792 1270 2854 nautileni
1315 2791 1777 2870 uniuscujusque
1807 2792 2005 2869 galeae
2036 2811 2236 2872 yperp.
2262 2793 2415 2863 xiii,
2460 2794 2723 2853 videlicet

387 2890 633 2972 quilibet
655 2893 987 2954 nauclerius
1015 2913 1217 2974 yperp.
1251 2893 1328 2954 III
1359 2903 1421 2953 et
1450 2894 1572 2952 kar.
1611 2894 1711 2964 Vl3
1754 2893 2215 2971 supersalientes
2258 2894 2726 2973 uniuscujusque

389 2994 587 3072 galeae
634 3013 835 3073 yperp.
883 2996 957 3068 C,
1019 2996 1283 3055 videlicet
1328 3014 1435 3073 pro
1481 2992 1741 3072 quolibet
1786 3012 1985 3072 yperp.
2035 2994 2083 3053 lI
2128 3006 2186 3055 et
2229 2995 2570 3063 dimidium:
2626 3015 2727 3074 pa-

390 3094 651 3157 netarius
695 3096 1159 3175 uuiuscujusque
1200 3094 1402 3173 galeae
1443 3113 1646 3173 yperp.
1681 3094 1700 3154 I
1748 3104 1807 3154 et
1837 3095 1958 3155 kar.
1993 3096 2202 3167 xvni;
2250 3098 2503 3174 vogherii
2548 3097 2723 3157 cvut

391 3196 851 3276 uniuscujusque
903 3195 1104 3274 galeae
1162 3214 1362 3275 yperp.
1419 3194 1825 3267 cmxxiv,
1892 3189 2191 3257 ridelicet'
2218 3216 2325 3275 pro
2381 3198 2642 3276 quolibet
2702 3198 2722 3258 I

390 3305 449 3357 et
492 3296 615 3357 liar.
661 3296 859 3356 xvnt.
938 3296 1275 3357 Praedictos
1319 3314 1573 3375 namque
1617 3297 1837 3357 solidos
1892 3305 1953 3357 et
1994 3298 2257 3359 victualia
2302 3299 2462 3359 dabit
2507 3309 2565 3359 et
2606 3300 2725 3359 sol-

392 3396 884 3475 vetpraedictum
930 3396 1246 3474 Imperium
1293 3408 1560 3456 nostrum
1606 3397 1825 3475 populo
1867 3397 2152 3459 dictarum
2196 3400 2492 3476 galearum
2538 3402 2611 3459 ab
2656 3421 2723 3459 ea

390 3497 517 3567 die,
575 3514 690 3573 qua
749 3496 1102 3556 recesserint
1156 3496 1228 3555 de
1288 3506 1458 3574 portu
1500 3497 1725 3557 Januae
1782 3498 1973 3559 dictae
2012 3499 2241 3577 galeae,
2299 3501 2359 3561 in
2404 3511 2609 3569 antea,
2666 3512 2724 3561 et

391 3596 712 3657 Commune
754 3594 978 3656 Januae
1021 3605 1291 3656 teneatur
1334 3596 1531 3658 debito
1576 3598 1745 3658 dictis
1788 3598 1968 3676 galeis
2010 3618 2297 3680 apparare
2342 3603 2491 3661 bene
2534 3611 2595 3661 et
2638 3602 2727 3661 in·

389 3708 552 3775 tegre
589 3695 670 3755 de
713 3695 852 3759 totis
883 3695 1345 3757 sarciisearum
1391 3707 1451 3757 et
1494 3709 1799 3778 apparatu.
1888 3700 2053 3771 Quae
2109 3701 2308 3779 galeae
2351 3714 2406 3763 et
2455 3703 2724 3763 homines

390 3800 651 3878 ipsarum
706 3796 924 3857 servire
978 3796 1195 3859 debent
1250 3799 1565 3877 Imperium
1626 3811 1889 3861 nostrum
1946 3813 2148 3863 contra
2204 3822 2413 3863 omnes
2458 3802 2727 3867 homines

392 3900 660 3961 inimicos
703 3898 937 3978 Imperii
983 3898 1189 3973 nostri,
1236 3910 1479 3979 excepto
1522 3910 1724 3963 contra
1772 3901 2091 3969 Ecclesiam
2116 3903 2439 3977 Romanam
2485 3913 2545 3964 et
2588 3924 2727 3965 cou-

394 4010 480 4060 tra
537 4000 666 4061 illas
708 3999 1169 4062 Communitates
1225 4010 1284 4060 et
1328 4001 1618 4074 Ramnes,
1678 4020 1811 4063 cum
1871 4003 2085 4081 quibus
2126 4004 2316 4064 Janua
2372 4022 2577 4083 pacem
2621 4024 2724 4066 seu

528 4230 566 4260 ¹'
602 4234 631 4282 i.
670 4249 710 4283 e.
746 4237 946 4285 soldani.
1094 4232 1132 4262 ⁸⁹
1166 4234 1421 4297 numago:
1464 4238 1736 4305 Capifnlan.
1876 4236 1916 4265 ²⁰
1952 4240 2132 4303 Nempe
2169 4239 2343 4290 excidit
2378 4240 2576 4303 aliquid,
2613 4256 2649 4289 v.
2685 4256 2724 4290 c.

395 4331 618 4380 apparare
654 4325 875 4369 tenentur.
1014 4318 1048 4346 ¹¹
1090 4320 1236 4368 Duc:
1277 4321 1547 4371 LXXXVIII.
