2900 4950
944 276 1061 340 Imp.
1100 274 1396 325 Constantini
1435 275 1838 339 porphyrogeniti.
2431 260 2555 323 229

228 423 533 508 ἐσχατιὰν
575 423 868 508 κατῆλθε
909 420 1028 508 τήν
1069 417 1407 509 ἡμετέραν,
1453 419 1566 488 καὶ
1606 423 2094 508 παραπλησίως
2131 417 2289 508 ἡμῖν
2319 422 2555 505 σαρκὸς

224 532 330 593 καὶ
380 525 660 608 αἵματος
704 521 1147 610 ἐκοινώνησεν,
1195 522 1307 588 ἵνα
1347 520 1504 600 τοὺς
1547 521 1619 601 ἐξ
1661 516 1958 609 ἀλλήλων
1995 522 2421 608 διῃρημένους
2463 522 2556 600 εἰς

225 625 498 714 ἑνότητα
555 624 948 711 καταστήσῃ.
1040 624 1273 690 ἔπειτα
1335 625 1444 689 καὶ
1502 632 1647 701 τοῒς
1701 621 1786 689 τὰ
1851 622 2097 693 ἐκείνου
2156 620 2557 709 μαθήματα“

223 728 785 812 πεπαιδευμένοις
826 723 1066 812 ταύτην
1108 725 1420 791 κατέλιπε
1448 723 1566 810 τὴν
1595 724 2048 811 κληρονομίαν,
2094 723 2172 789 τὸ
2208 721 2554 809 εἰρηνεύειν

223 828 293 897 ἐν
349 812 689 915 ἀλλήλοις,
745 828 853 892 καὶ
911 820 988 891 οὗ
1044 828 1241 892 τοῦτο
1294 824 1531 909 μόνον,
1589 820 1758 892 ἀλλὰ
1811 827 1917 891 καὶ
1960 824 2040 889 τὸ
2083 824 2256 910 πρὸς
2299 823 2555 910 εἰρήνην

224 928 408 1016 ἄγειν
452 929 711 1014 ἑτέρους
753 926 924 1012 πρὸς
967 925 1238 1004 ἑαυτοὺς
1280 925 1773 1006 στασιάζοντας.
1863 922 2032 993 ἀλλὰ
2085 925 2206 1011 γὰρ
2249 923 2554 991 τοιούτου

223 1029 415 1110 ὄντος
457 1032 574 1095 τοῦ
619 1028 1037 1114 πράγματος,
1106 1027 1374 1114 ἐξαρχῆς
1427 1030 1536 1093 καὶ
1589 1034 1779 1112 μέχρι
1819 1031 1935 1093 τοῦ
1982 1030 2092 1093 νῦν
2137 1022 2215 1092 οὗ
2260 1028 2554 1095 διέλιπεν

221 1129 260 1221 ἦ
306 1135 425 1198 τοῦ
470 1133 763 1217 πονηροῦ
810 1127 1180 1212 στασιώδης
1232 1135 1426 1194 κακία
1479 1127 1555 1193 τὸ
1614 1127 1788 1213 ἱερὸν
1840 1132 1957 1212 τῆς
2013 1128 2350 1214 ἐκκλησίας
2410 1130 2555 1196 δια-

221 1234 639 1318 ταράττουσα
696 1230 1054 1315 πλήρωμα,
1118 1232 1232 1297 νῦν
1285 1231 1406 1313 μὲν
1461 1228 1703 1314 ταύτην
1756 1232 1871 1295 νῦν
1928 1229 2000 1295 δὲ
2044 1228 2286 1311 ἐκείνην
2333 1227 2555 1296 ἀνακι-

223 1336 434 1400 νοῦσα
481 1331 599 1420 τὴν
652 1331 1016 1418 πρόφασιν.
1107 1326 1244 1397 ἄλλ’
1295 1326 1331 1396 ὅ
1374 1332 1497 1415 μὲν
1538 1334 1872 1409 τοιοῦτος·
1946 1326 1984 1394 ὃ
2030 1330 2101 1396 δὲ
2143 1334 2260 1415 τῆς
2305 1330 2556 1417 εἰρήνης

223 1435 442 1513 αἴτιος
481 1435 593 1500 καὶ
636 1433 1031 1510 διδάσκαλος
1069 1432 1403 1517 χριστὸς
1448 1428 1485 1496 ὃ
1530 1430 1694 1510 θεὸς
1735 1428 1949 1517 ἡμῶν,
2007 1427 2043 1496 ὅ
2088 1431 2303 1509 πύλας
2348 1431 2556 1497 εἰπὼν

221 1532 389 1622 ᾅδου
430 1534 520 1620 μὴ
564 1532 977 1615 κατισχύσειν
1019 1535 1136 1618 τῆς
1181 1532 1520 1619 ἐκκλησίας
1564 1529 1784 1611 αὐτοῦ,
1833 1527 1933 1599 ἀεὶ
1979 1532 2064 1597 τὰ
2098 1532 2430 1599 σκάνδαλα
2460 1533 2556 1611 εἰς

218 1635 337 1723 τὴν
379 1638 498 1702 τοῦ
542 1637 838 1721 πονηροῦ
882 1632 1170 1721 κεφαλὴν
1213 1622 1656 1719 περιτρέπων,
1700 1635 1817 1720 τὴν
1855 1633 2110 1720 εἰρήνην
2140 1637 2218 1719 τῇ
2250 1634 2555 1721 ἐκκλησίᾳ

222 1735 655 1825 διαφυλάττει
698 1730 1086 1820 ἆλύμαντον.
1177 1724 1402 1813 οὗτος“’
1448 1734 1724 1815 ἐκεῖνος,
1780 1732 1820 1822 ἥ
1882 1733 2098 1822 εἰρήνη
2154 1731 2338 1820 ἡμῶν
2376 1761 2468 1820 χρ
2486 1760 2556 1801 ι-

226 1838 452 1919 στὸς,
515 1834 551 1903 ὃ
595 1835 791 1915 θεὸς,
854 1833 891 1901 ὃ
933 1836 1184 1923 πατὴρ,
1245 1831 1281 1901 ὃ
1326 1831 1688 1921 ἀρχιερεὺς,
1755 1832 1791 1902 ὃ
1833 1836 2085 1921 ποιμὴν
2130 1832 2167 1901 ὃ
2212 1831 2551 1923 ἀληθινὸς,

219 1942 352 2007 τῶν
399 1940 590 2023 ἱερῶν
634 1943 873 2005 τέκνων
915 1940 1033 2023 τῆς
1075 1937 1413 2021 πανάγνου
1460 1937 1718 2025 νύμφης
1761 1931 1981 2016 αὐτοῦ,
2034 1940 2150 2022 τῆς
2194 1937 2552 2023 ἐκκλησίας,

220 2041 293 2121 ἐξ
333 2037 631 2126 άλλήλων
677 2040 1267 2118 διασπασθέντων,
1326 2041 1404 2125 τῇ
1451 2033 1654 2105 αῧτοῦ
1699 2044 1985 2124 προνοίᾳ
2026 2041 2131 2103 καὶ
2174 2038 2396 2123 χάριτι
2437 2037 2554 2124 τὴν

193 2143 456 2210 ,ἕνωσιν
499 2134 728 2219 αὐτοῖς
768 2139 1258 2224 κατεπράξατο,
1303 2142 1410 2205 καὶ
1453 2149 1601 2218 τοῖς
1644 2134 1989 2225 άχράντοις
2030 2138 2308 2216 κόλποις
2350 2136 2556 2205 πάλιν

223 2242 540 2330 συνήγαγε
579 2245 695 2328 τῆς
736 2239 1013 2329 μητρός·
1082 2239 1306 2319 διδοὺς
1361 2240 1569 2329 ἐκείνῃ
1625 2243 1746 2326 μὲν
1798 2248 2049 2328 χαίρειν
2108 2231 2250 2305 &ms
2277 2242 2358 2326 τῇ
2403 2262 2555 2305 συν-

219 2348 438 2432 αγωγῇ
481 2347 614 2410 τῶν
656 2349 926 2422 τέκνων,
996 2343 1208 2429 ἑαυτῷ
1254 2343 1326 2409 δὲ
1379 2342 1496 2429 τὴν
1554 2342 1626 2423 ἐξ
1680 2341 1824 2421 ἑνὸς
1876 2341 2204 2426 στόματος
2245 2343 2351 2407 καὶ
2394 2344 2556 2426 μιᾶς

219 2447 491 2532 καρδίας
533 2447 1004 2532 προσάγεσθαι
1044 2448 1162 2531 τῆς
1206 2443 1399 2532 δόξης
1441 2439 1803 2534 ἀναφορὰν,
1859 2447 2035 2512 πᾶσι
2078 2444 2150 2511 δὲ
2191 2452 2353 2522 τοῖς,
2404 2439 2556 2510 ὅσοι

216 2548 306 2635 μὴ
351 2547 523 2633 πρὸς
564 2546 682 2635 τὴν
724 2546 1068 2635 ταραχώδη
1124 2550 1243 2613 τοῦ
1290 2548 1604 2632 δαίμονος
1647 2554 2037 2632 προαίρεσιν
2082 2541 2554 2613 άποκλίνουσιν

217 2644 387 2716 ἇλλὰ
426 2653 546 2716 τοῦ
590 2652 708 2737 τῆς
752 2648 1007 2736 εἰρήνης
1055 2648 1272 2714 αἰτίου
1325 2648 1404 2713 τὸ
1458 2648 1889 2735 παράγγελμα
1942 2652 2217 2732 τιμῶσι,
2274 2645 2394 2733 τὴν
2448 2641 2554 2714 εὗ-

213 2758 560 2836 χαριστίαν
605 2749 986 2836 προσάγειν.
1077 2744 1215 2816 ἀλλ’
1266 2748 1382 2816 ἐπὶ
1422 2751 1544 2833 μὲν
1586 2754 1720 2817 τῶν
1775 2747 1912 2817 ἅνω
1953 2750 2203 2834 χρόνων
2258 2750 2553 2835 ἐγένοντο

219 2850 603 2917 σκανδάλων
662 2845 993 2937 ἀφορμαὶ,
1063 2845 1302 2915 ὁποῖαι
1358 2848 1434 2935 δή
1490 2852 1599 2917 καὶ
1653 2850 1988 2936 γεγόνασι,
2049 2854 2153 2916 καὶ
2211 2850 2383 2936 πρὸς
2435 2850 2554 2937 τὴν

218 2950 532 3019 ἑκάστοτε
586 2956 839 3037 κίνησιν
894 2953 1012 3016 τοῦ
1054 2953 1251 3017 κακοῦ
1307 2959 1453 3028 τοῖς
1509 2961 1752 3037 σοφοῖς
1792 2954 1924 3016 τῶν
1981 2950 2331 3033 ἐκκλησιῶν
2377 2950 2553 3018 οἰκο-

214 3052 449 3136 νόμοις
504 3048 542 3136 ἡ
603 3050 995 3138 πρόσφορος
1050 3050 1386 3136 ἐξεύρηται
1438 3056 1806 3136 θεραπεία·
1873 3054 1986 3117 νῦν
2043 3051 2117 3116 δὲ
2179 3047 2324 3117 ὅτε“
2389 3074 2553 3135 συμ-
2644 3121 2647 3124 Α

216 3159 453 3241 βέβηκε
494 3151 903 3236 τεταράχθαι
948 3150 1067 3238 τὴν
1122 3150 1462 3238 ἐκκλησίαν
1521 3150 1592 3230 ἐξ
1647 3146 1952 3238 ἀφορμῆς
2005 3154 2281 3237 γαμικῆς
2337 3150 2405 3217 ἐν
2458 3153 2553 3237 τῷ

216 3254 306 3343 μὴ
350 3254 687 3341 τυγχάνειν
730 3252 845 3320 τὸν
888 3252 1099 3340 γάμον
1144 3250 1495 3338 ἐλεύθερον
1537 3257 1887 3338 μέμψεως,
1933 3250 2105 3338 πρὸς
2147 3251 2263 3337 τὴν
2308 3251 2552 3319 ἐκείνου

213 3357 499 3424 κώλυσιν
541 3353 581 3442 ἢ
627 3359 743 3442 τῆς
787 3355 1127 3443 ἐκκλησίας
1171 3352 1316 3437 ἱερὰ
1358 3360 1572 3438 κρίσις
1614 3359 1802 3441 φέρει
1831 3353 1947 3442 τὴν
1976 3353 2256 3441 γνώμην,
2301 3354 2409 3420 καὶ
2434 3356 2552 3419 τοῦ

214 3458 303 3545 μὴ
349 3463 804 3542 προέρχεσθαι
843 3459 1079 3524 τοῦτον
1123 3456 1220 3523 ἔτι
1260 3454 1480 3540 χώραν
1525 3452 1860 3542 εὖρίσκειν.
1932 3452 2105 3522 οὕτω
2147 3454 2270 3542 γὰρ
2300 3456 2406 3522 καὶ
2440 3458 2551 3522 νῦν

216 3562 327 3625 καὶ
377 3565 736 3645 μετέπειτα
786 3560 920 3622 τῶν
973 3556 1373 3640 κατεχόντων
1432 3556 1813 3624 σκανδάλων
1870 3552 2303 3646 ἀπηλλάχθαι
2364 3583 2554 3643 περι-

217 3659 559 3747 γενήσεται
600 3669 772 3737 τοῖς,
837 3654 989 3725 ὅσοι
1039 3658 1128 3746 μὴ
1186 3657 1263 3724 τὸ
1321 3658 1697 3743 φιλόνεικον
1752 3663 1860 3726 καὶ
1904 3659 2019 3746 τὴν
2065 3660 2202 3748 ἔριν
2247 3654 2393 3726 ἀντὶ
2436 3662 2552 3744 τῆς

221 3760 475 3849 εἰρήνης
516 3757 866 3848 ἠγάπησαν
909 3762 1027 3825 τοῦ
1067 3762 1426 3844 χριστοῦ.
1518 3763 1633 3844 τῆς
1660 3760 1781 3846 γὰρ
1817 3761 2223 3848 προφάσεως
2253 3759 2551 3827 ἐκποδὼν

214 3868 667 3950 γεγενημένης,
736 3854 849 3946 ἀφ’
897 3848 975 3946 ἧς
1019 3858 1215 3947 ἐξέφυ
1270 3858 1355 3926 τὰ
1410 3860 1772 3939 σκάνδαλα,
1840 3865 1957 3926 τοῦ
2005 3860 2355 3948 εἰρηνεύειν
2409 3863 2553 3939 τοῖς

218 3960 567 4051 ἀγαπῶσιν
626 3961 881 4049 εἰρήνην
941 3955 1215 4045 οὐδεμία
1270 3960 1448 4027 ἐστὶν
1504 3957 1543 4047 ἦ
1602 3960 1944 4029 κωλύουσα
1993 3960 2356 4048 πρόφασις.
2443 3965 2549 4029 καὶ

217 4065 339 4152 γὰρ
384 4064 452 4133 ἐν
497 4067 700 4131 παντὶ
745 4060 1087 4149 πράγματι
1130 4058 1340 4140 οὕτως
1383 4061 1546 4145 ἔχει·
1601 4064 1718 4148 τῆς
1773 4063 2109 4151 σφαλερᾶς
2163 4062 2381 4142 αἰτίας
2435 4066 2550 4151 τῆς

353 4301 374 4328 ⁶
410 4303 601 4354 Leunoi.
641 4306 688 4354 in
726 4319 869 4367 marg.
906 4295 1230 4369 παθήματα.
1371 4300 1390 4328 “’
1424 4302 1580 4353 Malim
1607 4293 1795 4357 οὕτως.
1936 4301 1959 4329 ⁸
1995 4305 2189 4356 Leunoi.
2214 4297 2317 4354 ὅτι.
2378 4305 2548 4356 Emen-

220 4385 345 4437 δεινὴ
378 4386 572 4437 nhallis.
