2900 4950
930 278 1103 328 Incerti
1136 278 1415 342 Imperatori
1453 287 1498 328 et
1537 279 1827 341 Fragmenta.
2463 272 2541 332 63

206 426 500 511 λάγμασι
543 426 655 493 διὰ
696 426 775 492 vo
819 424 1206 509 συμπλοκὰς
1251 426 1319 492 ἐκ
1372 429 1507 491 τῶν
1550 432 1789 492 τέκνων
1832 437 1976 505 τοῖς
2030 432 2290 512 γονεῦσι
2333 456 2546 515 προσ-

203 535 518 614 γίνεσθαι
557 527 746 614 χάριν
789 526 1120 613 πατρῴων
1163 530 1270 593 καὶ
1314 525 1637 612 μητρῴων
1679 523 1894 594 αὐτῶν
1926 529 2348 613 πραγμάτων,
2396 528 2546 598 κάν-

202 634 446 697 τεῦθεν
509 640 722 715 γονεῖς
785 628 957 714 πρὸς
1018 633 1210 694 τέκνα
1272 633 1614 710 κινεῖσθαι
1675 632 1781 696 καὶ
1840 635 2031 696 τέκνα
2085 630 2253 697 κατὰ
2305 639 2546 717 γονέων

204 738 676 798 καθίστασθαι
729 731 837 796 καὶ
894 727 1108 811 μάχας
1166 729 1275 795 καὶ
1333 729 1728 814 ἐρεσχελίας,
1791 732 1975 811 δίκας
2031 734 2137 798 καὶ
2198 733 2548 818 συντριβὰς

202 839 410 916 μέσον
454 827 670 899 αὐτῶν
716 826 1177 916 ἀναφύεσθαι·
1223 825 1365 897 ἀντὶ
1410 830 1534 916 γὰρ
1577 835 1693 918 τῆς
1735 832 2198 920 προσηκούσης
2228 836 2340 900 καὶ
2385 834 2548 900 ἐπο-

205 935 601 1021 φειλομένης
647 929 738 1011 ώς
782 934 1074 999 λέλεκται
1114 942 1259 1009 τοῖς
1298 936 1561 1017 γονεῦσι
1605 934 1791 1017 παρὰ
1833 938 1966 1001 τῶν
2011 936 2273 1001 παίδων
2318 936 2546 1014 αἰδοῦς

202 1061 281 1102 τε
322 1039 433 1102 καὶ
474 1039 668 1119 τιμῆς
709 1032 991 1119 μεγάλαι
1030 1034 1281 1117 μᾶλλον
1314 1035 1718 1120 φιλονεικίαι
1745 1037 1855 1099 καὶ
1883 1037 2163 1117 θλίψεις
2199 1036 2383 1121 παρὰ
2412 1041 2545 1103 τῶν

204 1138 474 1203 παίδων
519 1132 747 1212 αὐτοῖς
791 1140 1298 1220 προσεγένοντο,
1364 1129 1454 1211 ώς
1511 1133 1817 1200 ἐντεῦθεν
1875 1136 2265 1220 παραβάτας
2309 1134 2546 1217 αὐτοὺς

201 1242 341 1304 τῶν
387 1237 675 1303 ἐντολῶν
712 1239 829 1301 τοῦ
874 1238 1042 1300 θεοῦ
1088 1229 1638 1301 ἀποδείκνυσθαι.

384 1341 456 1400 11.
543 1340 746 1420 Περὶ
824 1336 1163 1422 ἐκλογῆς
1232 1338 1389 1401 τῶν
1458 1335 2305 1422 δευτερογαμούντων.
2412 1337 2546 1425 Τὴν

204 1441 519 1523 δευτέραν
575 1437 906 1517 διάταξιν,
969 1436 1048 1524 ἢν
1107 1437 1173 1503 ἐν
1215 1440 1296 1524 τῇ
1342 1440 1543 1522 νεαρᾷ
1598 1436 1866 1515 ἐξέθετο
1926 1432 1962 1503 ὁ
2004 1439 2327 1526 μακάριος
2373 1439 2548 1506 Iov·

207 1538 635 1618 στινιανὸς
678 1540 829 1624 περὶ
876 1538 1141 1624 ἐκλογῆς
1166 1544 1302 1604 τῶν
1334 1537 1967 1624 δευτερογαμουσῶν,
2016 1536 2107 1618 ῶς
2130 1546 2544 1629 καινοπρεπῆ

206 1668 360 1708 τινα
403 1646 834 1726 περιέχουσαν
877 1639 987 1705 καὶ
1030 1642 1148 1727 τῆς
1191 1639 1633 1727 ἐπισταμένης
1678 1648 2036 1729 συνηθείας
2081 1638 2395 1727 ἀλλότρια
2424 1668 2546 1709 πε·

208 1748 631 1830 ριφέρουσαν,
675 1737 715 1828 ἡ
760 1737 1040 1829 ἡμετέρα
1084 1735 1352 1827 εὐσεβὴς
1393 1741 1701 1825 βασιλεία
1729 1746 1835 1809 καὶ
1884 1744 2308 1829 φιλόχριστος
2350 1747 2429 1830 τῇ
2472 1770 2545 1810 τε

214 1843 509 1922 διατάξει
552 1846 629 1929 τῇ
673 1868 745 1910 τε
789 1849 1110 1929 συνηθείᾳ
1169 1837 1326 1908 ὅσον
1381 1841 1550 1908 κατὰ
1603 1842 1681 1907 τὸ
1727 1843 1898 1922 εἰκὸς
1953 1844 2373 1928 συνεβάλετο,
2432 1848 2547 1930 τῆς

210 1946 331 2028 μὲν
377 1942 735 2023 διατάξεως
787 1942 866 2008 τὸ
910 1938 1235 2029 αὐστηρὸν
1291 1942 1696 2027 γλυκάνασα,
1757 1948 1872 2028 τῆς
1928 1946 1997 2011 δὲ
2055 1950 2415 2030 συνηθείας
2469 1944 2545 2008 τὸ

213 2040 511 2130 ἀπρεπὲς
553 2044 665 2110 καὶ
710 2049 1173 2130 συγκεχυμένον
1219 2044 1716 2128 διασαφήσασα.
1806 2041 2015 2123 οὕτως
2068 2044 2190 2130 γὰρ
2241 2044 2395 2122 τοὺς
2438 2043 2548 2111 νό-

210 2170 376 2231 μους
405 2153 808 2229 κοσμεῖσθαι
850 2145 1271 2231 γινώσκομεν,
1321 2143 1433 2210 διὰ
1467 2145 1586 2227 μὲν
1615 2146 1731 2229 τῆς
1761 2153 2122 2231 σαφηνείας
2149 2144 2227 2210 τὸ
2258 2141 2548 2244 εὐπαρά-

212 2250 438 2316 δεκτον
470 2247 741 2331 ἔχοντες,
791 2246 903 2314 διὰ
933 2248 1005 2314 δὲ
1033 2250 1150 2333 τῆς
1180 2251 1582 2330 συμμετρίας
1610 2244 1687 2311 τὸ
1717 2240 2008 2330 ὑπήκοον
2037 2246 2542 2330 θεραπεύοντες.

375 2345 459 2414 ‘H
478 2350 1044 2434 δευτερογαμοῧσα
1072 2347 1227 2435 γυνὴ
1253 2348 1640 2432 λαμβανέτω
1665 2341 2075 2413 άπεντεῦθεν
2099 2344 2220 2434 ἤδη
2249 2347 2364 2434 τὴν
2397 2344 2546 2435 ἡμί-

211 2475 398 2519 σειαν
425 2460 666 2536 μοῖραν
710 2454 826 2538 τῆς
869 2477 940 2517 τε
982 2449 1262 2536 προικὸς
1303 2452 1407 2516 καὶ
1456 2452 1574 2515 τοῦ
1606 2443 1945 2534 ὖποβόλου
1980 2443 2179 2536 αὐτῆς
2220 2448 2386 2517 κατὰ
2427 2447 2545 2536 τὴν

211 2554 626 2631 δεσποτείαν,
672 2551 788 2639 τὴν
836 2547 889 2617 δ’
937 2552 1162 2637 ἑτέραν
1209 2550 1514 2637 ἡμίσειαν
1545 2553 2096 2635 καταλιμπανέτω
2127 2562 2271 2629 τοῖς
2316 2551 2383 2617 ἐκ
2426 2553 2544 2616 τοῦ

208 2652 481 2737 πρώτου
524 2648 762 2739 ἀνδρὸς
803 2658 1137 2736 τεχθεῖσιν
1183 2647 1346 2739 αὐτῇ
1405 2659 1660 2718 παισίν.
1752 2652 1809 2718 εἰ
1861 2653 1934 2719 δὲ
1977 2654 2082 2719 καὶ
2136 2655 2352 2739 συμβῇ
2396 2678 2546 2719 τινα

207 2755 594 2841 τελευτῆσαι
636 2757 767 2820 τῶν
812 2753 880 2820 ἐκ
921 2757 1040 2819 τοῦ
1085 2753 1354 2838 πρώτου
1387 2746 1625 2836 ἀνδρὸς
1667 2754 1947 2833 παίδων,
1993 2754 2406 2837 θεσπίζομεν
2437 2756 2542 2820 καὶ

207 2850 414 2941 αύτὴν
456 2852 975 2937 ὖπεισέρχεσθαι
1021 2849 1314 2940 ἀδελφὴν
1358 2852 1524 2937 μετὰ
1566 2856 1698 2917 τῶν
1741 2848 1942 2939 αὐτῆς
1985 2856 2248 2920 παίδων
2296 2854 2388 2932 είς
2430 2853 2547 2938 τὴν

204 2960 324 3024 τοῦ
371 2953 879 3038 τελευτήσαντος
920 2958 1331 3037 περιουσίαν.
1423 2953 1481 3018 εἰ
1527 2953 1598 3018 δὲ
1641 2954 1746 3017 καὶ
1805 2951 1969 3019 κατὰ
2012 2954 2196 3033 τάξιν
2240 2955 2390 3020 τινὰ
2443 2980 2549 3021 τε·-

205 3055 618 3141 λευτήσωσιν
677 3053 741 3118 οἱ
797 3057 913 3118 τοῦ
973 3049 1211 3136 ἀνδρὸς
1264 3058 1605 3134 τεχθέντες
1661 3053 1930 3130 παῖδες,
1998 3057 2322 3141 περιέλθῃ
2381 3057 2452 3121 δὲ
2506 3051 2545 3142 ἦ

204 3157 465 3225 τούτων
508 3160 866 3241 περιουσία
912 3153 1005 3233 εἷς
1049 3154 1162 3221 ἕνα
1204 3156 1336 3219 τῶν
1382 3146 1708 3238 ἀδελφῶν,
1752 3150 1908 3237 τύχῃ
1957 3153 2028 3217 δὲ
2071 3156 2303 3218 τοῦτον
2333 3156 2550 3221 τελευ-

207 3263 411 3346 τῆσαι
466 3255 729 3325 ἄπαιδα
784 3254 894 3322 καὶ
961 3250 1355 3334 άδιάθετον,
1425 3253 1907 3339 κληρονομείτω
1964 3255 2069 3318 καὶ
2137 3252 2387 3319 τούτων
2441 3258 2550 3320 καὶ

212 3356 376 3445 αὕτη
421 3354 460 3444 ἡ
505 3358 733 3445 μήτηρ.
826 3358 884 3425 εἰ
944 3359 1019 3424 δέ
1071 3382 1144 3443 γε
1186 3358 1343 3444 τύχῃ
1397 3355 1515 3442 τὴν
1557 3361 1806 3442 μητέρα
1855 3356 2375 3443 προτελευτῆσαι
2418 3358 2550 3421 τῶν

210 3461 495 3538 παίδων,
540 3457 629 3546 μή
678 3459 843 3542 ἔχειν
874 3457 1104 3526 ἄδειαν
1137 3452 1334 3543 αὐτὴν
1365 3458 1908 3542 προτελευτῶσαν
1938 3460 2043 3522 καὶ
2083 3458 2550 3545 διατιθεμένην

213 3561 580 3646 κατώτερον
621 3563 739 3625 τοῦ
786 3561 1136 3648 φαλκιδίου
1166 3558 1438 3638 τούτους
1471 3558 1537 3625 ἐκ
1564 3562 1680 3624 τοῦ
1714 3556 1982 3643 πρώτου
2014 3554 2251 3645 ἀνδρὸς
2279 3565 2549 3642 τεχθέν-

94 3714 103 3721 .
214 3689 334 3742 τας
378 3663 627 3740 παῖδας
668 3660 1136 3743 καταδικάζειν.
1229 3660 1287 3727 εἷ
1332 3661 1404 3726 δέ
1444 3686 1516 3744 γε
1548 3661 1859 3746 βούλοιτο
1891 3655 2196 3744 ὑπεράνω
2226 3665 2343 3726 τοῦ
2378 3663 2549 3747 φαλ-

213 3765 428 3831 κιδίου
449 3769 756 3848 παρέχειν
774 3756 1018 3841 αὐτοῖς,
1036 3761 1262 3829 ἄδειαν
1278 3756 1437 3847 αὐτῇ
1462 3763 1733 3827 δίδωσιν
1755 3756 1791 3825 ὃ
1809 3759 2008 3843 νόμος
2025 3764 2221 3826 τοῦτο
2242 3765 2545 3848 ποιῆσαι.

392 3866 551 3929 Τοῦ
624 3857 890 3928 αὐτοῦ.
982 3859 1089 3929 ὅτι
1152 3857 1311 3947 ἀνὴρ
1372 3861 1861 3945 δευτερογαμῶν
1916 3867 2145 3946 μηκέτι
2209 3860 2374 3928 κατὰ
2433 3862 2546 3928 τὸν

214 3962 540 4051 πρότερον
588 3963 788 4048 νόμον
830 3966 946 4049 τῆς
984 3960 1275 4048 χρήσεως
1319 3958 1644 4027 ἀπολαύει
1689 3964 1804 4047 τῆς
1846 3987 1917 4026 τε
1962 3960 2236 4045 προικὸς
2280 3960 2388 4028 καὶ
2432 3968 2549 4053 τῆς

219 4064 351 4150 πρὸ
404 4064 615 4149 γάμου
673 4065 951 4148 δωρεᾶς,
1021 4057 1188 4129 ἀλλὰ
1243 4060 1553 4148 παρευθὺ
1608 4064 1723 4148 τῆς
1776 4062 1895 4145 μὲν
1948 4061 2237 4149 χρήσεως
2279 4062 2388 4130 καὶ
2432 4069 2549 4152 τῆς

221 4167 610 4243 δεσποτείας
657 4165 1061 4243 ἑκπιπτέτω,
1123 4163 1200 4229 τὸ
1246 4163 1316 4230 δὲ
1359 4170 1581 4248 τρίτον
1624 4166 1740 4249 τῆς
1782 4162 2129 4249 προγάμου
2175 4164 2425 4250 δωρεᾶς
2469 4160 2546 4232 οὗ

215 4264 381 4348 μετά
419 4265 654 4352 χρόνον
701 4261 869 4334 ἀλλὰ
913 4263 1220 4349 παρευθὺ
1263 4266 1644 4350 κερδανέτω.
1732 4267 1838 4331 καὶ
1897 4268 2092 4332 τοῦτο
2149 4260 2186 4330 ὁ
2235 4263 2549 4352 ἡμέτερος

216 4365 901 4452 ἐφιλανθρωπεύσπο
947 4364 1148 4450 νόμος
1190 4367 1307 4431 τοῦ
1361 4363 1450 4450 μὴ
1495 4366 1836 4444 παντελῶς
1884 4365 2039 4444 τοὺς
2080 4373 2373 4452 πατέρας
2414 4369 2545 4432 τῶν
