2900 4950
369 206 493 268 444
724 274 738 285 ,
1256 224 1374 275 Con.
1413 224 1485 274 [V.
1556 224 1669 275 Nov.
1709 223 1817 274 Lvt.

367 368 488 449 τὰς
558 367 796 457 νήσους
868 367 1094 450 πάσας
1174 372 1285 438 καὶ
1356 371 1473 459 τήν
1547 366 1870 459 ἀνατολὴν
1944 374 2055 439 καὶ
2126 370 2243 460 τήν
2322 371 2510 440 δύσιν
2588 368 2722 459 ἀρ-

363 472 691 557 χιερεῦσιν
738 469 1111 557 ἐβράβευσε,
1157 471 1278 552 τὰς
1319 468 1488 558 ὑπὲρ
1532 477 1649 560 τῆς
1687 474 2032 559 βασιλείας
2072 496 2202 557 μου
2244 473 2495 541 τούτων
2525 468 2724 557 εύχὰς

370 572 487 641 ἐπὶ
516 574 722 641 πλέον
766 570 1334 659 ἀναῤῥωννύουσα.
1412 570 1699 659 ἀκριβῶς
1740 574 1862 660 γὰρ
1908 570 2086 642 οἶδεν
2129 571 2168 661 ἦ
2211 577 2520 661 βασιλεία
2560 600 2719 661 μου,

370 670 463 755 ῶς
505 669 580 742 ού
628 674 909 757 σώζεται
948 674 1260 760 βασιλεὺς
1286 672 1418 742 ’διὰ
1461 675 1713 761 πολλὴν
1759 675 2055 760 δύναμιν,
2120 679 2229 743 καὶ
2274 674 2365 758 ῶς
2407 684 2593 764 γίγας
2637 672 2718 744 ού

372 775 760 865 σωθήσεται
805 776 872 844 ἐν
917 775 1175 865 πλήθει
1220 776 1440 860 ἰσχύος
1486 772 1719 856 αὐτοῦ,
1769 778 2019 867 ψευδὴς
2064 779 2136 846 δὲ
2179 779 2399 857 ἵππος
2444 779 2537 857 εἷς
2582 803 2723 846 σω-

368 885 619 966 τηρίαν,
664 876 831 945 κατὰ
873 878 988 945 τὸν
1031 884 1228 946 θεῖον
1273 876 1485 966 φάναι
1527 877 1877 966 προφήτην
1919 879 2029 945 καὶ
2074 880 2560 969 ψαλμογράφον
2603 871 2724 947 καὶ

370 979 784 1066 θεοπάτορα.

544 1080 624 1148 α’.
682 1079 1038 1167 Τοιγάρτοι
1060 1083 1166 1147 καὶ
1201 1078 1280 1147 τὸ
1306 1074 1822 1168 ἀπερικλόνητον
1848 1081 2566 1168 πάντη’φυλάττεσθαι
2594 1087 2719 1147 θέ-

372 1184 611 1263 λουσα,
676 1186 754 1271 τῇ
810 1209 882 1250 τε
926 1185 1163 1249 πασῶν
1208 1188 1682 1269 προκαθημένῃ
1730 1181 2082 1269 ἐκκλησιῶν
2126 1182 2238 1250 καὶ
2280 1194 2423 1262 τοῖς
2465 1206 2718 1270 μνημο-

373 1292 675 1352 νευθεῒσι
730 1288 940 1352 πᾶσιν
997 1280 1367 1371 ἀρχιερεῦσι
1418 1287 1552 1351 τῶν
1610 1280 2038 1372 ὁπουδήποτε
2095 1280 2296 1370 ἆγίων
2341 1285 2714 1372 ἐκκλησιῶν,

372 1388 479 1453 καὶ
535 1385 612 1452 τὸ
671 1381 968 1473 ἀσφαλὲς
1027 1389 1160 1452 τῶν
1219 1384 1610 1470 προσόντων
1654 1384 1926 1465 ταύταις
1970 1386 2433 1472 δικαιωμάτων
2477 1385 2594 1454 ἐπὶ
2635 1389 2716 1474 τῇ

371 1491 611 1575 κατοχῇ
654 1490 788 1554 τῶν
832 1482 1152 1574 ἀκινήτων
1196 1482 1413 1552 αὐτῶν
1454 1487 1880 1573 βεβαιότερον
1930 1479 2355 1568 καθιστῶσα,
2414 1512 2719 1572 προσεπ-

376 1592 764 1673 ανορθοῦσα
795 1589 867 1655 δὲ
896 1591 1003 1654 καὶ
1050 1588 1116 1655 εἴ
1153 1594 1222 1654 τί
1264 1612 1398 1653 που
1439 1590 1727 1671 χωλεῦον
1772 1590 1938 1668 ἰ’σως
1981 1588 2159 1657 ἐστὶν
2203 1589 2271 1656 ἐν
2313 1601 2458 1668 τοῖς
2500 1584 2718 1656 αὐτῶν

376 1691 779 1774 δικαιιύμασι
820 1696 924 1755 καὶ
970 1692 1087 1775 τῆς
1130 1683 1466 1773 ἀκριβείας
1509 1690 1933 1774 λειπόμενον·
1980 1693 2085 1757 καὶ
2131 1685 2207 1758 ού
2249 1691 2454 1776 μόνον
2495 1695 2714 1769 τοῦτο,

377 1785 546 1858 ἀλλὰ
601 1794 708 1857 καὶ
768 1792 833 1858 εἴ
882 1798 950 1858 τί
1005 1815 1140 1858 που
1208 1786 1483 1877 ὀφεῖλον
1551 1792 2097 1881 ἐπακολουθῆσαι
2156 1794 2486 1877 δικαίωμα
2547 1790 2719 1879 πρὸς

374 1892 492 1981 τὴν
539 1888 806 1981 ἀσφαλῆ
851 1898 983 1961 τῶν
1026 1892 1346 1960 τοιούτων
1392 1890 1714 1980 ἀκινήτων
1737 1891 2153 1974 δεσποτείαν,
2198 1894 2476 1981 κατοχήν
2508 1919 2580 1961 τε
2606 1896 2715 1960 καὶ

376 1994 727 2082 κυριότητα
769 2002 1087 2081 γενέσθαι
1130 1994 1297 2073 ἰ’σως
1341 1991 1457 2060 ούκ
1503 1994 1838 2082 ἔφθασεν·
1885 1991 2086 2062 αὐτὸν
2132 1994 2210 2085 δὴ
2255 1995 2371 2063 τὸν
2416 1995 2717 2081 παρόντα

370 2096 859 2183 χρυσόβουλλον
917 2096 1111 2183 λόγον
1157 2096 1394 2182 ἰατῆρά
1435 2092 1476 2184 ή
1520 2098 1830 2181 βασιλεία
1871 2120 2001 2181 μου
2043 2097 2281 2163 τούτου
2326 2097 2403 2185 δὴ
2449 2100 2566 2164 τοῦ
2611 2097 2718 2163 ἐλ-

375 2199 724 2277 λείποντος
786 2193 1015 2278 αύτοῒς
1071 2197 1497 2276 ἐπιδέδωκεν,
1567 2193 1709 2265 οἷον
1767 2197 1996 2283 ἄρτιον
2050 2202 2162 2266 καὶ
2217 2195 2527 2283 ὁλομελὲς
2584 2199 2717 2266 δει-

373 2299 610 2368 κνύντα
652 2300 730 2366 τὸ
776 2300 892 2367 ἐπὶ
933 2298 1196 2379 τούτοις
1240 2300 1495 2365 δίκαιον
1538 2303 1644 2366 καὶ
1692 2299 1787 2378 εἰς
1815 2299 1893 2365 τὸ
1923 2301 2243 2379 παντελὲς
2271 2296 2713 2368 ἀδιάσειστον.

377 2398 459 2468 δι’
520 2392 599 2469 οὗ
655 2405 762 2468 καὶ
815 2409 1083 2487 βεβαιοῖ
1134 2402 1255 2484 μὲν
1306 2406 1411 2466 καὶ
1461 2395 1972 2489 ἀσφαλέστερον.
1999 2409 2237 2489 τίθησι
2279 2405 2417 2469 πᾶν
2459 2399 2714 2488 προσὸν

372 2515 524 2585 ταῖς
577 2500 712 2571 κατ’
763 2499 1002 2583 αὐτοὺς
1046 2499 1446 2588 ἁγιωτάταις
1489 2508 1606 2569 τοῦ
1649 2507 1819 2571 θεοῦ
1864 2502 2235 2589 ἐκκλησίαις
2276 2507 2385 2572 καὶ
2431 2499 2593 2591 αὐτῇ
2637 2507 2717 2591 τῇ

374 2607 624 2674 τούτων
655 2610 1130 2692 προκαθημένῃ
1163 2605 1493 2686 δικαίωμα
1524 2605 1635 2673 ἐπὶ
1667 2617 1811 2684 τοῖς
1841 2594 2058 2671 αῦτῶν
2089 2600 2440 2693 ἀκινήτοις,
2475 2601 2716 2673 ὁποῖον

374 2704 457 2777 ἂν
498 2714 865 2792 καθέστηκε
908 2701 1027 2773 κᾶν
1073 2702 1502 2791 ὁπουδήποτε
1543 2711 1752 2773 ταῦτα
1797 2707 2178 2786 διάκεινται,
2245 2714 2352 2775 καὶ
2397 2705 2477 2773 τό
2519 2706 2716 2774 καλὸν

374 2810 641 2878 κάλλιον
696 2816 934 2895 τίθησι
987 2811 1067 2895 τῇ
1127 2806 1457 2894 ἐπικρίσει
1499 2834 1571 2876 τε
1613 2813 1724 2876 καὶ
1769 2810 1977 2897 ψήφῳ
2022 2811 2138 2897 τῆς
2178 2811 2524 2894 βασιλείας
2565 2833 2712 2892 μου.

375 2915 514 2979 πᾶν
570 2913 642 2979 δὲ
700 2911 768 2979 ἐν
824 2904 1052 2989 αὐτοῖς
1109 2908 1176 2976 ἐν
1223 2904 1491 2988 ὁποίοις
1535 2910 1721 2978 εἴποι
1764 2914 1866 2989 τὶς
1907 2911 2406 2995 θεωρούμενον,
2471 2911 2605 2979 εἴτε
2649 2910 2715 2978 ἐν

373 3012 885 3100 χρυσοβούλλοις
928 3010 1150 3098 λόγοις
1195 3011 1538 3100 διαφόρων
1580 3012 1910 3098 βασιλέων
1943 3012 2076 3080 εἴτε
2106 3012 2173 3080 ἐν
2206 3013 2557 3099 σιγιλλίοις
2587 3012 2718 3080 εἴτε

376 3115 445 3182 ἐν
490 3112 741 3193 ἁπλαῖς
784 3113 1227 3200 προστάξεσιν
1274 3113 1407 3181 εἴτε
1452 3114 1521 3182 ἐν
1564 3113 1830 3181 λύσεσιν
1867 3114 2001 3181 εἴτε
2032 3114 2100 3182 ἐν
2130 3125 2517 3199 πρακτικοῖς
2547 3108 2716 3180 ύπο·

379 3216 633 3298 σκάζον,
680 3219 787 3283 καὶ
832 3216 998 3283 κατά
1039 3242 1109 3282 τι
1149 3218 1267 3282 τοῦ
1315 3211 1624 3301 ἀκριβοῦς
1667 3219 1774 3283 καὶ
1818 3220 1936 3304 τῆς
1980 3210 2414 3304 ὀφειλομένης
2445 3210 2721 3282 ἀκολου-

375 3324 542 3397 θίας
585 3315 1010 3402 λειπόμενον,
1078 3312 1217 3383 ἀπό
1261 3342 1334 3384 τε
1372 3317 1734 3402 βασιλικῶν
1778 3316 2306 3405 προσταγμάτων
2349 3320 2455 3383 καὶ
2501 3314 2719 3401 νόμων

379 3418 789 3503 ἐπανορθοῖ·
834 3423 942 3484 καὶ
989 3417 1363 3501 διορίζεται,
1409 3417 1499 3506 μὴ
1543 3419 1710 3486 κατά
1752 3446 1819 3486 τι
1864 3419 2200 3505 πρόκριμα
2245 3418 2314 3486 ἐκ
2341 3416 2593 3485 τούτων
2626 3412 2720 3485 εἶ-

378 3544 489 3586 ναι
544 3528 692 3597 ταῖς
749 3519 1198 3604 δηλωθείσαις
1251 3518 1507 3597 πάσαις
1574 3515 1976 3605 ἁγιωτάταις
2032 3521 2400 3608 ἐκκλησίαις
2457 3520 2552 3599 εἰς
2605 3519 2720 3587 τὸν

378 3619 592 3687 αἰῶνα
644 3617 760 3684 τὸν
817 3614 1084 3686 ἅπαντα
1095 3669 1113 3698 ,
1177 3614 1345 3686 ἀλλὰ
1400 3618 1479 3685 τὸ
1534 3615 1934 3708 ύπόσαθρον
1979 3620 2241 3689 ἐκείνων
2283 3623 2390 3689 καὶ
2438 3615 2722 3698 ἀσθενὲς

379 3715 823 3790 εύτονιύτατον
881 3714 1051 3788 εἶναι
1092 3724 1204 3788 καὶ
1247 3716 1588 3790 ἀνάλωτον
1633 3723 1817 3812 πάσῃ
1864 3719 2278 3810 δικαιολογία
2318 3726 2437 3790 τοῦ
2480 3723 2722 3808 βουλο-

376 3830 577 3911 μένου
632 3824 842 3911 λέγειν
872 3825 962 3890 ’τὶ
1007 3818 1175 3911 ύπὲρ
1218 3827 1337 3892 τοῦ
1384 3826 1737 3913 δημοσίου,
1784 3828 1877 3912 τῷ
1923 3824 2210 3911 παρόντι
2249 3822 2717 3910 χρυσοβούλλῳ

376 3926 549 4016 λόγῳ
592 3929 705 4015 τῆς
749 3926 1096 4013 βασιλείας
1145 3950 1275 4011 μου
1319 3927 1729 4015 ῥωννύμενον
1771 3929 1881 3994 καὶ
1926 3926 2193 4015 σφόδρα
2237 3924 2720 4010 ἐνδυναμούμε-

376 4053 506 4096 νον.
593 4034 703 4098 καὶ
745 4029 858 4097 ἵνα
901 4025 1040 4095 ἀπὸ
1082 4032 1215 4096 τῶν
1259 4029 1559 4110 πολλῶν,
1609 4018 1699 4097 ὧν
1744 4026 1825 4097 ἅν
1868 4054 1973 4108 τις
2015 4027 2410 4117 ἐννοήσειεν,
2482 4020 2722 4112 ὀλίγων

374 4135 572 4199 τινῶν
631 4127 669 4218 ἡ
725 4131 1036 4216 βασιλεία
1084 4154 1214 4216 μου
1271 4129 1718 4218 ἐπιμνησθείη
1731 4182 1750 4213 ,
1819 4128 1933 4198 ἐὰν
1988 4130 2184 4215 τυχὸν
2231 4129 2446 4216 δωρεὰ
2490 4122 2722 4207 αύτοῒς

376 4238 717 4317 παροίκων
774 4229 1035 4312 ἄποσος
1079 4232 1180 4318 εἴη
1225 4225 1267 4321 ἢ
1306 4239 1563 4319 μέτρων
1605 4237 1738 4320 γῆς,
1787 4228 2145 4320 αύτούργιά
2185 4258 2337 4300 τινα
2380 4232 2718 4300 ἐκαίνισαν

378 4330 446 4399 ἐν
488 4341 633 4410 τοῖς
673 4331 1005 4411 τοιούτοις
1045 4332 1330 4420 κτήμασι
1369 4335 1563 4419 τυχὸν
1604 4334 1693 4423 μὴ
1725 4336 2145 4423 δεδωρημένα
2175 4328 2404 4413 αύτοῒς
2424 4354 2440 4370 ·
2482 4328 2528 4419 ἢ
2559 4331 2726 4399 ἐδω-
