2900 4950
1095 282 1211 344 lmp.
1252 283 1415 332 {saucii
1454 283 1635 344 Angeli.
2403 273 2526 333 527

193 431 507 511 hospitalis
557 436 757 493 sancti
798 432 1666 513 Marciani,'comprehendens
1712 447 1766 496 et
1813 433 1965 507 loca,
2012 438 2076 496 in
2106 437 2318 515 quibus
2362 449 2530 502 stant

190 544 321 595 octa
367 533 863 595 numulariorum
922 535 1144 596 tabule.
1237 537 1516 597 Ascendit
1573 534 1891 615 paululum
1950 553 2167 596 versus
2222 540 2530 599 meridiem

189 637 261 695 ab
308 639 440 714 ipsa
497 634 673 713 Viyla.
769 635 945 698 Tenet
989 639 1067 697 ad
1109 640 1404 698 modicum
1461 648 1518 697 et
1563 636 1731 697 aliud
1774 635 2097 709 embolum,
2155 648 2211 698 et
2248 645 2533 716 pervenit

188 755 377 816 usque
420 737 500 797 ad
539 741 800 815 primum
843 740 1141 815 fornicem
1186 738 1452 813 ejusdem
1501 738 1745 809 emboli,
1793 737 2281 817 conprehendens
2329 739 2528 800 tricli-

191 841 436 897 narium
480 838 668 898 altum
715 839 1074 900 donu'cilium
1129 840 1277 900 llili.
1378 840 1591 900 Versus
1651 844 1941 899 orientem
1996 838 2261 914 ejusdem
2317 841 2536 902 emboli

193 941 517 1000 secundum
574 941 722 999 duas
784 954 998 1018 partes
1068 942 1343 1002 humilem
1402 939 1869 1002 domunicullam
1932 960 2064 1000 cum
2127 941 2316 1000 aclini
2379 953 2528 1002 tecto

194 1038 458 1129 ejusdem
500 1045 873 1109 monasterii,
921 1053 977 1101 et
1019 1060 1129 1122 que
1174 1047 1238 1103 in
1283 1043 1510 1122 equalli
1552 1041 1732 1117 hujus
1779 1055 1896 1108 est,
1943 1042 2233 1102 modicam
2277 1046 2527 1111 curiam,

194 1159 304 1219 que
341 1142 573 1201 dicitur
619 1142 903 1210 Aristiui,
973 1154 1032 1202 ee
1089 1143 1258 1204 babet
1307 1144 1741 1222 longitudinem
1787 1143 2173 1204 brachiorum
2221 1156 2349 1204 octo
2399 1163 2532 1205 cum

197 1241 467 1309 dima'dim
528 1253 583 1305 et
640 1241 1017 1303 latitudinem
1076 1256 1300 1323 septem
1358 1264 1489 1306 cum
1540 1251 1747 1306 tercia.
1840 1243 2056 1304 Preter
2099 1261 2187 1313 ea,
2234 1264 2343 1322 que
2389 1256 2530 1304 sunt

195 1359 414 1402 versus
463 1346 750 1403 orientem
795 1344 1136 1405 habitacula
1182 1346 1462 1408 diacone⁰
1510 1346 1919 1416 Precursoris,
1968 1344 2311 1405 debentibus
2350 1346 2526 1405 obtu-

197 1446 340 1502 rari
369 1440 584 1517 ,ianuis
631 1442 978 1520 hujusmodi
1018 1446 1536 1516 habitaculorum,
1588 1465 1697 1526 que
1742 1447 1999 1508 educunt
2042 1450 2104 1506 in
2146 1447 2535 1523 manifestam

202 1547 451 1603 curiam.
551 1543 763 1606 Versus
811 1547 1148 1625 aquilonem
1194 1552 1317 1609 tria
1362 1552 1697 1627 eryasteria
1745 1546 2218 1617 armariorum,
2288 1547 2538 1608 Ycanati

198 1646 352 1707 duas
394 1649 701 1714 stationes,
748 1649 811 1706 in
857 1648 1068 1726 quibus
1113 1667 1300 1727 panes
1331 1653 1697 1718 venduntur,
1742 1662 1800 1711 et
1838 1648 1968 1709 loca
1999 1649 2347 1709 tabularum
2378 1651 2533 1709 ‹lma-

201 1762 342 1804 rum
396 1746 945 1808 nummulariorum
1009 1749 1275 1824 ejusdem
1340 1754 1703 1837 monasterii
1758 1749 1905 1811 Mili.
1998 1749 2216 1828 Incipit
2280 1769 2534 1811 rursum

199 1848 273 1906 ab
318 1851 454 1926 ipso
498 1849 735 1924 fornice
778 1855 1042 1928 predicti
1084 1852 1434 1931 hospitalis5
1484 1862 1642 1911 tenet
1684 1851 1985 1929 publicam
2027 1854 2203 1920 viam,
2250 1870 2358 1930 que
2386 1869 2532 1911 ver-

198 1966 305 2007 sus
355 1966 627 2009 occasum
670 1958 774 2010 est
804 1950 1068 2023 ejusdem
1115 1952 1449 2030 hospitalis,
1499 1963 1554 2012 et
1593 1952 1992 2029 proyreditur
2032 1970 2220 2030 nsque
2266 1952 2344 2009 ad
2378 1969 2531 2030 por-

200 2058 344 2119 tam,
391 2067 501 2127 que
545 2062 635 2109 est
668 2048 858 2123 juxta
898 2071 1161 2130 parvum
1209 2052 1492 2131 templum
1525 2051 1939 2113 Precursoris.
2029 2052 2261 2111 Exinde
2304 2068 2532 2110 rursus

198 2150 501 2209 dimittens
540 2162 1052 2227 premonstratam
1091 2164 1340 2232 portam
1384 2155 1559 2231 quasi
1598 2169 1816 2212 versus
1849 2156 2138 2215 orientem
2169 2156 2392 2214 transit
2417 2169 2535 2230 per

196 2270 443 2313 murum
490 2255 777 2323 civitatis,
837 2264 891 2313 et
930 2258 1212 2332 pervenit
1251 2273 1438 2333 usque
1483 2256 1561 2315 ad
1605 2258 1900 2325 semitam,
1960 2271 2067 2333 que
2125 2253 2335 2314 dividit
2377 2250 2535 2327 jura

196 2357 560 2414 mortasterii
607 2352 1021 2431 Akymaerow.
1120 2355 1348 2416 Exinde
1404 2356 1671 2415 ascendit
1727 2350 2041 2415 modicum'
2078 2372 2294 2414 versus
2349 2357 2533 2414 meri-

200 2456 380 2527 diem,
444 2467 647 2516 tenens
709 2456 951 2517 eandem
1000 2456 1305 2537 publicam
1361 2461 1658 2529 semitam,
1729 2455 2037 2517 habentem
2090 2461 2157 2516 in
2214 2454 2533 2518 latitudine

201 2557 449 2617 brachia
496 2561 646 2627 tria,
709 2570 796 2627 et,
842 2570 920 2620 ut.
959 2561 1178 2620 dictum
1225 2571 1345 2629 est,
1396 2560 1749 2622 dividentem
1792 2562 2136 2618 mansiones
2179 2560 2537 2618 monasterii

202 2659 575 2735 ΑΙι-ῃιηιῖενο,
636 2671 691 2720 et
745 2665 1100 2738 perveniens
1144 2680 1331 2739 usqne
1373 2665 1437 2720 in
1482 2662 1661 2739 finem
1718 2659 2008 2721 domicilii
2060 2659 2300 2720 ecclesie
2358 2657 2534 2718 Peri-

203 2760 474 2829 vlevti¹¹,
535 2763 620 2818 ita
664 2774 733 2820 ut
777 2781 814 2821 a
856 2781 1035 2821 muro
1093 2765 1355 2822 civitatis
1407 2781 1524 2840 per
1568 2761 1945 2843 equalitatem
1989 2759 2289 2836 ejusmodi
2327 2764 2533 2821 semite

201 2879 392 2938 nsque
436 2861 514 2920 ad
555 2863 732 2937 finem
780 2863 1088 2922 domicillii
1129 2866 1252 2922 sint
1298 2862 1543 2923 brachia
1584 2866 1801 2940 ve'9inti
1842 2881 1969 2921 sex.
2061 2860 2357 2922 Flectitur
2391 2881 2533 2920 ver-

205 2980 312 3022 sus
357 2966 666 3030 orientem,
715 2971 915 3021 tenens
959 2982 1202 3023 murum
1247 2962 1485 3022 ecclesie
1523 2967 1726 3044 ‚sancti
1769 2961 2060 3028 Nicleolai,
2108 2960 2453 3039 relinquens
2496 2980 2535 3022 a
2602 3023 2621 3038 „

209 3063 441 3120 «temris
488 3064 720 3139 quidem
761 3066 1197 3124 monasterium
1241 3066 1444 3123 sancti
1484 3061 1790 3135 Nickolai‚
1835 3081 1869 3121 a
1914 3065 2188 3123 sinistris
2234 3078 2379 3120 vero
2427 3063 2533 3121 do-

203 3161 492 3222 micilium
549 3166 908 3224 monasterii
963 3162 1320 3234 Periclevti,
1379 3172 1436 3222 et
1475 3164 1868 3241 proyrediens
1924 3181 2112 3240 usque
2158 3162 2235 3220 ad
2276 3159 2535 3221 alteram

205 3267 473 3324 seuu‘tam
518 3281 732 3323 versus
782 3267 1068 3323 orientem
1119 3269 1287 3324 muri
1337 3267 1535 3323 sancti
1590 3248 1879 3324 Niclmlai.
1967 3262 2209 3358 Ruvjsus
2263 3263 2536 3340 flectitur

204 3377 262 3427 et
305 3366 572 3425 ascendit
609 3383 949 3445 parumper
978 3384 1194 3426 versus
1223 3366 1528 3426 meridiem
1561 3366 1805 3425 eandem
1836 3368 2120 3433 semitam,
2168 3374 2224 3424 et
2267 3363 2538 3423 ascendit

203 3484 424 3527 versus
483 3469 804 3537 orientem,
862 3468 1130 3528 dividens
1189 3465 1487 3528 domicilia
1543 3470 1742 3526 sancti
1797 3464 2100 3537 Nicliolai,
2168 3486 2205 3525 a
2262 3468 2536 3527 sinistris

196 3570 558 3647 pistoricnm
605 3573 1005 3645 eryasterium
1049 3572 1248 3627 sancti
1303 3567 1629 3637 Marciani,
1689 3570 1845 3646 quod
1899 3578 1990 3629 est
2032 3566 2317 3643 junctum
2358 3586 2537 3628 mau-

202 3668 474 3729 sionibus
520 3672 720 3729 sancti
761 3668 1056 3730 Nicloolai.
1146 3669 1626 3748 Superqreditur
1666 3688 1890 3730 rursus
1921 3668 2105 3730 aliam
2149 3674 2391 3729 tertiam
2434 3688 2533 3729 se-

200 3774 434 3838 mitam,
484 3780 539 3829 et
581 3773 857 3848 pervenit
899 3788 1085 3848 usque
1128 3772 1205 3831 ad
1248 3789 1397 3850 aque
1444 3788 1719 3840 cursum,
1767 3788 1875 3849 que
1920 3789 1956 3829 a
2012 3769 2169 3847 Viqla
2216 3771 2534 3839 descendit,

205 3870 555 3949 relinquens
613 3888 649 3929 a
708 3870 940 3929 dem-tris
995 3871 1119 3929 alia
1177 3869 1519 3931 habitacula
1572 3874 1769 3928 sancti
1810 3869 2114 3936 Nicliolai,
2173 3888 2209 3928 a
2265 3873 2537 3931 sinistris

208 3971 570 4034 domicilium
615 3973 815 4031 sancti
856 3968 1158 4031 Marciani
1199 3981 1255 4031 et
1293 3968 1681 4049 pensionales
1720 3972 1922 4030 domos
1951 3972 2311 4031 monasterii
2339 3968 2537 4031 Para·-

204 4071 556 4149 lcymomeui.
645 4071 877 4132 Iterum
926 4071 1326 4148 progreditur
1367 4089 1585 4131 versus
1628 4072 1961 4139 meridiem,
2031 4070 2531 4148 comprehendens

275 4225 326 4230 ,Ὦ
353 4227 440 4232 ,ᾅ-ο
503 4229 520 4233 -
545 4228 764 4234 ——-——
805 4225 912 4233 —...—-

341 4301 363 4326 ''
403 4304 554 4365 Lege:
596 4310 796 4357 diaconi.
981 4302 1016 4328 '⁰
1055 4305 1151 4354 Lib.
1189 4315 1467 4368 pactorum.
1522 4307 1869 4369 Aepnitorum,
1907 4307 1935 4354 i.
1975 4322 2016 4354 e.
2056 4304 2166 4354 τῶν
2200 4299 2528 4374 ἇκοιμήτων.

207 4389 235 4416 ”
279 4387 372 4448 τῆς
405 4384 770 4452 περιβλέπτου.
