2900 4950
336 300 387 342 vt
1319 294 1674 356 prolegomena.

339 456 398 510 et
420 445 763 509 ”editiones³
805 444 1072 517 indicavi,
1119 445 1192 505 de
1238 453 1504 524 tempore
1548 443 1740 521 legum
1787 441 2093 521 disputavi,
2141 440 2430 501 variantes
2473 439 2675 500 lectio·

340 568 449 611 nes
505 568 576 610 ex
621 546 932 608 Codicibus
973 546 1152 606 MSS:
1196 553 1257 606 et
1311 545 1484 605 editis
1537 543 1700 604 libris
1756 541 2024 604 adnotavi
2081 552 2140 602 et
2187 560 2349 603 meas
2394 541 2468 601 de
2515 550 2673 601 textu

340 649 751 714 anstituendo
795 647 1233 727 qualescunque
1275 645 1646 725 conjecturas
1687 643 1967 724 proposui
1983 642 2023 703 ⁴.

514 748 974 811 Constitutiones
1028 767 1059 808 a
1116 765 1209 808 me
1266 746 1539 807 collectas
1595 745 1916 807 secundum
1975 744 2251 823 periodos
2308 742 2367 803 iu
2430 743 2672 804 historia

343 850 572 930 imperii
604 849 808 910 Graeci
854 858 912 910 et
952 846 1298 928 praesertim
1341 847 1400 907 in
1445 845 1706 908 historia
1728 844 1881 926 juris
1914 844 2413 906 Graeco-Romani
2461 844 2678 905 lacien-

343 952 449 1012 das
492 951 552 1012 in
600 949 861 1029 quinque
904 948 1243 1010 collationes
1287 947 1524 1027 digessi.

511 1051 760 1113 Collatie
802 1051 990 1131 prima
1031 1048 1297 1110 Novellas
1337 1047 1624 1109 Justini
1671 1056 1728 1108 et
1773 1065 2177 1109 successorum
2223 1044 2354 1124 ejus
2384 1065 2570 1124 usque
2601 1045 2675 1105 ad

346 1150 708 1213 Basilium
754 1150 1219 1212 Macedonem
1251 1150 1638 1223 (566-866)
1684 1148 1964 1209 continet.
2034 1148 2226 1219 Quum
2262 1147 2678 1207 iconomacho-

345 1272 473 1313 rum
519 1252 936 1332 imperatorum
982 1261 1108 1313 acta
1154 1259 1213 1312 et
1254 1245 1414 1329 g'esta
1463 1255 1571 1322 (—
1615 1243 1734 1324 τὰς
1778 1245 1964 1330 παρὰ
2005 1249 2137 1311 τῶν
2184 1243 2470 1330 ἰσαύρων
2509 1246 2679 1332 φλη-

344 1356 591 1437 ναφίας
648 1349 1061 1433 ἕκτεθείσας,
1120 1358 1182 1415 ut
1241 1350 1323 1415 ait
1365 1351 1717 1433 Epanagoge
1762 1349 1820 1413 in
1867 1351 2170 1430 prooemio
2217 1358 2319 1425 —)
2367 1351 2678 1428 posteritas

345 1454 633 1534 rejecerit,
679 1453 757 1514 ita
801 1463 868 1514 ut
909 1473 1041 1513 cum
1088 1452 1378 1513 volumine
1421 1451 1541 1526 illo,
1587 1471 1704 1531 quo
1748 1452 1907 1531 leges
1937 1450 2299 1530 antiquiores
2330 1470 2360 1512 a
2394 1451 2677 1511 Basilio

346 1554 656 1633 abrogatae
714 1553 1210 1627 continerentur⁵,
1273 1554 1513 1614 omniuo
1570 1553 1931 1625 interierint,
1994 1552 2266 1613 Novellae
2311 1551 2487 1632 hujus
2531 1561 2680 1613 tein-

348 1655 509 1735 poris
539 1673 867 1734 perpaucae
897 1663 1122 1715 tantum
1155 1663 1495 1734 supersunt.
1541 1654 1616 1715 Et
1646 1654 1757 1714 hae
1787 1654 2022 1733 quidem
2056 1653 2225 1714 nobis
2256 1664 2516 1714 servatae
2540 1664 2681 1715 sunt

258 1750 263 1753 ’
523 1760 579 1818 1.
637 1756 695 1816 in
740 1755 1181 1817 collectionibus
1222 1755 1589 1817 Novellarum
1634 1755 1667 1815 J
1682 1756 2047 1817 ustiniani
2093 1774 2414 1835 eat-imque
2456 1772 2682 1834 appen-

326 1856 626 1925 diebus&
715 1856 1025 1919 Notissima
1087 1866 1176 1921 est
1218 1856 1482 1919 collectio
1523 1858 1620 1918 illa
1673 1860 1788 1922 168
1834 1857 2233 1930 Novellarum,
2291 1876 2464 1936 quam
2513 1873 2682 1935 prae-

348 1967 508 2021 stant
551 1958 795 2018 Codices
826 1956 1152 2019 Marcianus
1201 1960 1317 2021 179
1363 1967 1427 2019 et
1446 1958 1882 2023 Laurentianus
1913 1959 2132 2027 LXXX,
2165 1964 2225 2023 4.
2259 1966 2566 2038 'quamque
2609 1972 2679 2017 ex

350 2058 727 2123 Laui-enniani
774 2058 1131 2138 apographo,
1176 2059 1331 2137 quod
1379 2059 1439 2121 in
1488 2060 1627 2121 Cod.
1674 2060 1903 2121 Bouon.
1951 2063 2029 2134 B,
2068 2061 2153 2130 lV,
2187 2064 2265 2123 67
2315 2066 2498 2129 extat,
2547 2059 2683 2118 lla-

351 2160 668 2221 loander
719 2176 877 2221 anno
928 2161 1121 2230 1531,
1176 2170 1236 2219 et
1288 2179 1321 2218 e
1375 2160 1651 2221 Marciani
1710 2162 2083 2241 apographo.
2142 2161 2296 2240 quod
2347 2161 2568 2221 Romae
2619 2160 2678 2220 in

353 2260 494 2321 Cod.
540 2260 659 2321 Pal.
706 2261 827 2325 387
874 2258 1141 2329 habetur,
1185 2259 1650 2339 Scrimgerus
1691 2281 1745 2324 a.
1784 2266 1944 2327 1558
1991 2264 2159 2341 primi
2206 2262 2540 2327 ediderunt.
2595 2262 2680 2322 Ea

352 2361 462 2425 sul)
508 2361 769 2425 numeris
818 2363 1134 2423 140.144.
1174 2362 1313 2424 148.
1354 2365 1836 2428 149.161.163.
1876 2367 1990 2428 164
2035 2364 2323 2425 Justiui
2370 2363 2684 2425 Tiberii-

352 2481 468 2544 que
511 2462 779 2524 Novellas
819 2460 1239 2526 Justiniani
1285 2460 1536 2524 Novellis
1579 2465 1968 2546 interspersas
1997 2465 2220 2539 ·lialtet;
2266 2476 2325 2527 et
2368 2463 2680 2544 appendix,

353 2584 504 2645 quae
547 2564 783 2643 quidem
828 2564 888 2626 in
932 2563 1227 2626 Marciano
1272 2563 1525 2637 aceedit,
1568 2565 1887 2638 Justini,
1935 2567 2251 2628 Tiberii.
2297 2557 2681 2639 Mauricii,

354 2666 632 2727 Leonis
677 2673 736 2727 et
780 2664 1295 2736 Constantini,
1342 2664 1736 2743 Irenaeque
1768 2667 2213 2729 constitutiones
2246 2669 2330 2727 vel
2361 2669 2681 2729 etiamnum

353 2776 643 2846 praestat,
711 2765 801 2826 vel
857 2775 1170 2844 antequam
1234 2765 1571 2828 ultimorum
1633 2759 1929 2826 soliorum'
1952 2766 2181 2845 jactura
2240 2771 2434 2843 fleret,
2492 2770 2724 2830 iudice‘

355 2877 504 2934 teste
533 2866 840 2947 praestitit.
887 2866 1075 2928 Etiam
1110 2866 1204 2928 illa
1235 2866 1605 2927 Novellarum
1636 2866 2055 2929 lastiniani
2087 2870 2371 2942 collectio,
2403 2869 2480 2930 ad
2508 2890 2682 2950 quam

354 2968 849 3034 Athanasius⁷
893 2967 1375 3032 commentarium
1420 2986 1592 3028 suum
1637 2968 1998 3046 composuit,
2063 2969 2342 3033 Justini
2400 2972 2683 3052 quasdam

357 3069 625 3134 Novellas
669 3070 933 3158 amplexa
979 3080 1088 3145 est,
1134 3071 1372 3131 easdem
1419 3068 1670 3142 scilieet,
1717 3088 1867 3148 quae
1911 3070 1970 3130 in
2016 3071 2358 3133 collectione
2404 3077 2523 3136 168
2570 3074 2687 3136 Νο-

355 3169 633 3234 vellerum
702 3172 964 3234 numeris
1037 3177 1172 3236 140.
1223 3175 1343 3234 144
1388 3179 1447 3231 et
1499 3173 1614 3235 148
1679 3170 1989 3232 habentur.
2080 3172 2342 3250 Denique
2402 3172 2685 3234 Juliani

356 3270 662 3351 Epttomae
691 3272 1057 3335 Novellarum
1104 3273 1163 3334 in
1198 3272 1509 3333 Codicibus
1551 3271 1772 3351 passim
1817 3272 2175 3349 appendices
2211 3272 2514 3346 accedunt,
2557 3276 2689 3353 qui-

358 3372 467 3434 bus
536 3371 761 3450 aliquot
827 3372 1109 3435 Justini
1190 3372 1605 3451 Tiberiique
1675 3370 2124 3432 constitutiones
2194 3372 2447 3434 insertae
2522 3394 2689 3454 tepe-

354 3473 607 3538 riuntur.

489 3640 509 3671 ⁸
546 3644 721 3693 ludicia
757 3643 824 3692 vel
863 3644 1132 3693 testimonia
1168 3640 1483 3702 Novellarum,
1519 3640 1677 3704 qualia
1714 3641 1986 3691 Bonetldius
2024 3658 2076 3691 ex
2113 3643 2426 3706 scriptoribus
2465 3645 2690 3695 historiae

356 3729 641 3792 Byzantinae
689 3728 982 3791 compilavit,
1028 3729 1076 3777 in
1129 3728 1254 3775 notis
1291 3725 1509 3789 allegavi,
1565 3734 1611 3775 et
1647 3729 1750 3790 ipse
1787 3742 1980 3791 quoque
2017 3728 2241 3778 nonnulla
2280 3729 2512 3793 ejusmodi
2550 3743 2577 3777 a
2614 3744 2691 3778 me

358 3820 552 3876 excepto
586 3812 779 3862 addidi:
818 3825 1108 3876 quamquam
1146 3811 1307 3859 dicere
1342 3825 1435 3859 non
1474 3811 1654 3873 ausim,
1694 3812 1819 3859 hunc
1855 3811 2034 3861 sontem
2069 3828 2097 3862 a
2131 3827 2210 3861 me
2247 3815 2527 3864 exhaustum
2566 3828 2689 3863 esse.

360 3925 411 3933 --
459 3899 589 3950 luter
633 3896 840 3945 editores
877 3896 1162 3956 Mem-sium,
1211 3896 1291 3958 qui
1342 3897 1388 3944 in
1436 3897 1563 3958 Opp.
1601 3896 1899 3946 Constantini
1952 3898 2336 3960 ron-ptiyrogeniu
2387 3897 2553 3957 (bugd.
2591 3897 2689 3947 But.

366 3982 511 4032 1617.
547 3981 614 4040 8.)
664 3996 707 4043 p.
737 3981 827 4030 175
865 3987 911 4029 et
948 3995 995 4043 p.
1014 3980 1112 4029 253
1132 3995 1239 4043 sqq.
1290 3980 1432 4044 liujus
1473 3984 1776 4044 imperatoris
1813 3981 2029 4030 Novellas
2077 3997 2132 4030 ex
2172 3981 2451 4030 Leunclavio
2489 3991 2537 4029 et
2573 3983 2691 4030 Luh-

357 4066 479 4116 baeo
517 4065 679 4115 recudi
717 4065 909 4126 curavit,
944 4065 1149 4127 allegare
1185 4079 1589 4129 supervacaneum
1627 4065 1755 4116 duxi.
1891 4064 1912 4092 ⁴
1950 4068 2128 4115 Graeca
2167 4066 2312 4115 latina
2343 4067 2561 4115 ventione
2586 4066 2693 4116 illu-

354 4157 509 4199 strare
545 4147 705 4208 nolui,
738 4164 802 4198 ne
838 4150 957 4198 liber
991 4151 1038 4199 in
1076 4150 1268 4199 nimiam
1305 4150 1478 4200 molem
1517 4158 1832 4199 excresceret.
1903 4151 2208 4213 Antiquiores
2245 4151 2455 4200 editores
2489 4152 2591 4200 sere
2628 4151 2694 4199 la-

356 4235 504 4284 tinam
551 4233 814 4284 versionem
864 4241 1134 4297 praestnnt:
1187 4247 1271 4284 eos
1307 4236 1475 4295 adeat,
1523 4235 1603 4298 qui
1643 4233 1875 4299 ejusmodi
1915 4235 2133 4283 subsidio
2171 4234 2365 4296 indiget.
2567 4231 2585 4258 ⁵
2621 4235 2692 4283 Cl'.

350 4311 406 4368 Ὀ
442 4310 733 4382 πρόχειρος
766 4315 936 4385 νόμος
970 4335 1014 4383 p.
1045 4319 1102 4368 to
1137 4326 1237 4369 not.
1258 4319 1339 4369 29.
1473 4316 1499 4345 ⁸
1536 4317 1910 4400 evelinentio
1947 4317 2200 4368 mentun.
2237 4315 2288 4382 fi.
2314 4318 2428 4368 ’1.9.
2566 4314 2585 4341 ⁷
2621 4317 2693 4368 Cl'.

362 4403 514 4452 neuin.
551 4401 601 4466 ς.
627 4402 702 4451 19.
