2900 4950
304 270 474 314 xxvm
1303 265 1663 326 Proiegomena.

306 412 508 485 αὑτὸν
561 419 880 500 γενέσθαι
931 410 1098 478 θεὸν
1141 409 1257 477 διὰ
1297 413 1416 476 τοῦ
1463 410 1662 489 ξύλου
1701 412 1819 495 τῆς
1862 409 2167 494 γνώσεως
2207 407 2660 491 ὑποσκελίσας

307 519 580 603 ε’ῤῥιψεν
625 515 719 593 εἰς
760 517 897 601 γῆν.
963 515 1076 579 καὶ
1118 507 1155 576 ὁ
1200 510 1427 578 πεσὼν
1473 511 1753 578 ἐλεεινὸν
1786 510 1993 577 ἔκειτο
2007 513 2273 633 ςπτῶαα
2301 513 2409 578 καὶ
2442 511 2660 597 λύπης

307 616 494 700 ἄξιον
551 611 628 684 οῦ
687 617 995 700 σμικρᾶς,
1057 608 1147 691 ὥς
1200 610 1413 698 τούτῳ
1469 611 1635 697 μήτε
1680 606 1953 695 δύναμις
1997 600 2073 698 ἦν
2118 610 2661 697 ἔπανορθώσεώς

306 745 490 787 ποτε.
580 721 783 802 τριῶν
825 716 948 801 γάρ
995 714 1207 780 ἐδεῖτο
1259 718 1481 796 μέσων
1526 713 1753 781 ἐλθεῖν
1799 712 1893 791 εἰς
1936 710 2014 777 τὸ
2059 716 2328 798 πρῶτον
2374 710 2656 797 ἀξίωμα,

303 819 773 897 ταπεινώσεως
804 819 926 900 μὲν
956 810 1105 881 ἀντὶ
1136 820 1540 899 προτεραίας
1569 809 1972 895 ἀλαζονείας,
2019 810 2317 901 ὑπακοῆς
2348 817 2418 881 δὲ
2448 815 2657 882 πάλιν

305 918 454 990 ἀντὶ
497 923 907 1005 προτεραίας
950 919 1311 1002 παρακοῆς,
1358 919 1469 981 καὶ
1513 916 1890 982 τελευταῖον
1935 919 2053 980 τοῦ
2097 923 2336 982 θανεῖν
2372 916 2658 1001 ἑτοίμως

304 1021 473 1108 ὑπὲρ
517 1025 635 1088 τοῦ
677 1025 922 1106 γένους,
967 1011 1119 1084 καθ’
1173 1007 1250 1082 οὗ
1295 1016 1622 1102 πρότερον
1672 1012 1871 1094 αὗτὸς
1916 1011 2295 1103 ἀπατηθεὶς
2340 1018 2619 1103 ἔπραξεν

308 1121 343 1190 ὅ
389 1126 462 1191 δὲ
507 1125 668 1209 δρᾶν
715 1115 789 1186 οὗ
835 1118 1098 1202 μόνον“
1143 1112 1328 1197 αὗτά,
1377 1114 1517 1186 ἀλλ’
1567 1112 1713 1183 οὐδ’
1750 1112 2128 1204 ἀποστῆναι
2169 1122 2286 1205 τῆς
2329 1114 2659 1204 ἁμαρτίας

304 1221 606 1313 ἠδύνατο.
698 1217 779 1288 δι’
833 1217 1001 1306 ὅπερ
1060 1215 1096 1285 ὃ
1142 1214 1275 1285 κατ’
1328 1214 1529 1304 ἀρχὰς
1573 1215 1772 1286 αὑτὸν
1817 1219 2081 1297 πλάσας
2124 1219 2289 1298 θεὸς
2331 1220 2658 1306 τρισυπό-

308 1349 549 1404 στατος
594 1323 801 1391 πάλιν
848 1318 1050 1391 αὐτοῦ
1098 1317 1233 1399 ἐς(
1207 1317 1481 1405 ὕστερον
1527 1319 1966 1407 ἐμνημόνευσε
2010 1323 2115 1385 καὶ
2161 1322 2504 1389 κατελθών
2533 1318 2656 1389 αῦ-

303 1428 418 1508 τὸς
464 1423 499 1492 ὃ
544 1430 661 1493 τοῦ
708 1427 874 1519 θεοῦ
917 1420 1275 1508 μονογενὴς
1322 1422 1465 1501 υἱὸς
1506 1421 1574 1487 ἐκ
1603 1425 1735 1487 τῶν
1765 1426 2105 1507 πατρικῶν
2137 1416 2653 1508 ἆπεριγράπτων

303 1529 570 1597 κόλπων
628 1522 796 1610 ὑπὲρ
856 1519 1240 1608 ἀνθρώπιον
1292 1521 1661 1607 ἄνθρωπος
1701 1528 2006 1612 γίνεται.
2060 1511 2116 1609 ᾦ
2159 1527 2264 1590 καὶ
2312 1528 2515 1591 παντὶ
2556 1529 2653 1612 τῷ

305 1625 683 1714 εῦσεβοῦντι
722 1630 913 1710 χρέος
957 1625 1134 1691 ἐστὶν
1181 1619 1637 1710 ἀπαραίτητον
1680 1623 1798 1712 τὴν
1842 1625 2261 1711 λατρευτικὴν
2292 1620 2654 1711 ἀπονέμειν

304 1730 748 1816 προσκύνησιν
804 1729 909 1792 καὶ
969 1732 1323 1805 παντοίαις
1378 1721 1784 1810 ἀμείβεσθαι
1843 1727 2123 1810 δωρεαῖς
2166 1725 2331 1794 κατά
2376 1728 2656 1813 δύναμιν

305 1831 588 1916 στόματι
630 1833 734 1895 καὶ
787 1830 960 1915 ψυχῇ
1006 1830 1113 1893 καὶ
1157 1829 1425 1914 καρδίᾳ·
1473 1828 1755 1911 στόματι
1798 1828 1918 1911 μὲν
1965 1822 2285 1913 ὁσημέραι
2327 1832 2652 1919 καὶκοινῇ

302 1936 411 2001 καὶ
460 1934 598 2019 ἰδίᾳ
642 1927 886 2014 ὑμνεῖν,
938 1924 1227 2014 εὐλογεῖν
1270 1932 1376 1995 καὶ
1425 1929 1720 2010 δοξάζειν
1765 1928 1882 2014 τὴν
1913 1927 2084 2012 πρὸς
2111 1929 2189 1994 τὸ
2221 1925 2654 2016 ἀνθρώπειον

303 2036 513 2123 φῦλον
570 2037 1039 2118 μακροθυμίαν
1082 2055 1154 2096 τε
1197 2033 1303 2097 καὶ
1349 2030 1769 2114 κηδεμονίαν,
1839 2034 2016 2116 ψυχῇ
2064 2031 2135 2097 δὲ
2177 2034 2414 2099 τοῦτον
2458 2027 2657 2099 ἀδια-

303 2139 593 2213 λείπτως
649 2130 739 2213 ῶς
795 2132 959 2199 θεὸν
1005 2131 1379 2219 λατρεύειν,
1429 2135 1537 2199 καὶ
1584 2134 1821 2219 καρδίᾳ
1864 2129 1942 2196 τὸ
1986 2131 2335 2198 κάλλιστον
2382 2123 2474 2199 ὧν
2519 2133 2655 2217 ἐ’χει

300 2240 409 2304 καὶ
453 2234 856 2320 τιμιώτατον
900 2229 1077 2320 αὗτῷ
1124 2228 1706 2318 αὖτοπροαιρέτως
1749 2230 2131 2318 προσάγειν,
2180 2228 2270 2312 ὦς
2311 2238 2442 2301 τῶν
2489 2230 2655 2320 άγα-

300 2342 451 2405 θῶν
498 2333 812 2403 ἁπάντων
854 2335 1037 2421 μόνῳ
1082 2336 1275 2422 αἰτίῳ
1320 2337 1427 2401 καὶ
1470 2338 1744 2422 χορηγῷ.
1816 2332 1928 2400 διὰ
1971 2337 2168 2401 τοῦτο
2213 2339 2321 2402 καὶ
2367 2332 2403 2401 ό
2436 2337 2655 2424 σοφὸς

300 2442 417 2507 τοῦ
464 2439 679 2506 πάλαι
726 2436 1023 2524 ἰσραὴλ
1067 2436 1243 2522 ἔλεγε
1287 2442 1691 2525 νομοθέτης·
1750 2435 1864 2518 ,,έν
1908 2439 2001 2521 τῷ
2046 2437 2332 2521 στόματί
2375 2461 2494 2513 σου
2538 2442 2652 2507 καὶ
2691 2515 2714 2520 ,

304 2541 372 2609 ἐν
430 2545 509 2627 τῇ
567 2542 805 2627 καρδίᾳ
860 2563 980 2606 σου
1040 2544 1148 2605 καὶ
1207 2539 1275 2606 ἐν
1330 2547 1483 2617 ταῖς
1533 2544 1719 2624 χερσί
1774 2544 1952 2604 σου“
1998 2540 2105 2604 καὶ
2150 2538 2356 2606 πάλιν
2400 2536 2536 2620 ,,ὦς
2580 2542 2654 2609 ἑκ

301 2642 676 2727 προσώπου
721 2644 838 2706 τοῦ
883 2644 1050 2707 θεοῦ
1096 2635 1210 2706 οὐκ
1257 2635 1530 2727 όφθησῃ
1578 2638 1869 2706 ἐνώπιόν
1911 2663 2041 2721 μου
2084 2640 2385 2721 κενὸς““,
2434 2644 2651 2729 δηλῶν

304 2741 394 2822 ὥς
440 2743 551 2810 διὰ
594 2742 844 2808 τούτων
891 2737 1130 2827 ἀνάγκη
1176 2740 1290 2807 τὸν
1334 2740 1500 2808 θεὸν
1547 2741 1983 2822 δοξάζεσθαι,
2045 2741 2189 2808 ἐπεὶ
2245 2745 2351 2808 καὶ
2397 2743 2651 2810 τούτων

302 2843 502 2925 αὐτὸς
542 2843 745 2929 μόνος
790 2839 1130 2929 ἆλάθητος
1176 2842 1541 2927 ἐξεταστής.
1601 2847 1952 2928 τοιγαροῦν
2000 2843 2189 2928 εἴπερ
2233 2848 2415 2911 τουτὶ
2457 2851 2651 2929 χρέος

303 2941 637 3029 εὐσεβέων
696 2942 952 3011 ἅπασιν
1008 2939 1494 3031 ἀπαραίτητον,
1554 2946 1784 3031 πολλῷ
1828 2946 2080 3028 μᾶλλον
2124 2955 2268 3022 τοῖς
2313 2940 2394 3011 δι’
2445 2942 2649 3012 αὐτοῦ

297 3046 821 3133 βεβασιλευκόσι,
860 3048 973 3112 ,καὶ
1016 3050 1223 3112 ταῦτα
1270 3048 1454 3114 δυοῖν
1501 3046 1702 3125 ἕνεκα,
1748 3050 1842 3132 τῷ
1873 3047 1993 3129 μὲν
2023 3040 2114 3123 ὦς
2144 3048 2652 3127 πολυπλασίους

301 3145 649 3236 ὀφείλουσι
689 3147 961 3233 χάριτας
1004 3152 1097 3235 τῷ
1140 3152 1274 3215 τῶν
1317 3144 1633 3215 ἁπάντων
1679 3147 1991 3233 δεσπότῃ,
2041 3143 2159 3214 ἅτε
2202 3149 2308 3213 καὶ
2352 3150 2485 3214 τῶν
2528 3145 2652 3214 ἄλ-

299 3252 433 3317 λων
490 3249 585 3328 εἷς
639 3249 896 3329 πλάτος
951 3244 1105 3334 παρ’
1156 3244 1356 3315 αὐτοῦ
1416 3252 1891 3333 τιμωμένοιςω,
1947 3251 2041 3335 τῷ
2099 3249 2171 3315 δὲ
2226 3251 2331 3315 καὶ
2379 3243 2469 3327 ὦς
2510 3253 2650 3318 τῶν

298 3349 520 3417 ἄλλων
567 3351 908 3433 ἐσομένοις
952 3345 1183 3435 ἀρετῆς
1212 3350 1479 3429 κανόνες
1508 3353 1614 3417 καὶ
1648 3348 1983 3435 εὐσεβείας
2012 3346 2453 3436 ὑπογραμμοί.
2500 3361 2653 3432 τοῖς

298 3448 531 3528 αὐτοῖς
589 3452 661 3517 δὲ
714 3453 849 3516 καὶ·
878 3450 994 3535 τὴν
1039 3445 1240 3516 αὐτοῦ
1285 3447 1655 3537 ὖπεράγνον
1698 3457 1946 3540 μητέρα
1989 3454 2099 3518 καὶ
2142 3457 2485 3537 παρθένον
2529 3452 2649 3538 τὴν

297 3549 621 3622 θεοτόκον
662 3557 967 3635 μαρίαν
1011 3553 1347 3634 τιμᾶσθαι
1387 3554 1613 3638 χρεῶν,
1665 3549 1754 3632 (ὃς
1788 3552 2059 3620 πάντων
2091 3542 2294 3620 οὖσαν
2326 3552 2649 3639 πρόξενον

298 3657 659 3738 σωτηρίας·
719 3646 886 3717 ἀλλὰ
944 3651 1021 3740 δὴ
1080 3656 1187 3718 καὶ
1242 3648 1380 3737 μετ’
1432 3649 1634 3742 αὐτὴν
1691 3654 1769 3721 τὸ
1813 3657 1930 3720 τοῦ
1978 3654 2312 3735 ζωοποιοῦ
2357 3659 2650 3740 σταυροῦ

298 3752 804 3840 πανσεβάσμιον
862 3752 1053 3832 ξυλον
1096 3761 1403 3840 τιμητέον
1446 3781 1520 3822 τε
1561 3759 1669 3822 καὶ
1715 3760 2232 3842 προσκυνητέον·
2292 3760 2447 3842 περὶ
2492 3756 2651 3823 τοὺ-

294 3880 413 3922 του
470 3858 577 3922 καὶ
635 3855 757 3941 γάρ
817 3878 1021 3943 φησιν
1067 3851 1103 3920 ὃ
1149 3856 1590 3944 προφητάναξ
1633 3858 1877 3924 δαυῖδ
1918 3851 2219 3941 ,,ῦψοῦτε
2262 3856 2486 3943 κύριον
2529 3856 2649 3925 τὸν

294 3957 460 4023 θεὸν
518 3955 700 4040 ὑμῶν
755 3956 863 4024 κἀὶ
922 3968 1355 4043 προσκυνεῖτε
1409 3962 1504 4046 τῷ
1559 3955 1919 4046 ὑποποδίῳ
1961 3961 2095 4025 τῶν
2139 3959 2370 4026 ποδῶν
2415 3955 2647 4042 αὐτοῦ,

299 4053 405 4125 ότι
448 4053 637 4142 ἅγιόν
682 4057 983 4125 gamm&

428 4294 473 4324 ⁴⁶
505 4297 703 4346 Videtur
736 4295 1007 4346 addendum
1044 4311 1153 4347 esse
1187 4289 1301 4346 οῦκ.
1400 4296 1442 4325 ¹²
1477 4300 1624 4350 Exod.
1659 4300 1921 4362 xxm,15.
1957 4300 2253 4363 xxxw,20.
2357 4297 2404 4326 ⁴⁶
2442 4300 2641 4351 Mffller:

292 4378 661 4449 ιιμουμένοις.
805 4379 848 4408 ⁴⁹
886 4382 1055 4432 Psnhn.
1095 4383 1292 4446 cxvnl,
1317 4384 1364 4433 5.
