2900 4950
346 234 464 296 124
1079 247 1198 298 eon.
1237 249 1293 297 n.
1366 243 1478 297 Nov.
1517 247 1706 324 xxm.
1743 247 1955 297 xxxvii.

339 394 669 476 σκευάζειν
724 389 922 461 αὐτὸν
976 393 1148 479 πρὸς
1204 394 1282 460 τὸ
1338 390 1515 479 ὑγιὲς
1539 392 2154 481 ιπροεθυμήθημεν.
2247 389 2355 460 ὅτι
2395 393 2519 479 γὰρ
2565 389 2690 463 οὐκ

338 496 604 574 ἐνδίκως
641 499 851 562 ταῦτα
896 493 1129 582 ὁρίζει,
1200 490 1275 562 οὗ
1317 495 1609 578 χαλεπὸν
1656 495 1962 562 συνιδεῖν.
2051 501 2201 562 τίνα
2242 493 2365 580 γὰρ
2412 494 2596 579 ἰσχὺν
2643 491 2684 583 ἥ

334 600 467 664 τῶν
509 596 739 664 τόπων
786 595 1037 685 ἰδιότης
1081 597 1211 679 ἔχει
1241 593 1497 682 ’ὁρίζειν
1539 600 1634 682 τῷ
1679 598 1877 664 παιδὶ
1921 596 2039 684 τὴν
2080 598 2518 683 κληρονομίαν
2532 627 2554 681 ‚-
2602 593 2681 665 οὗ

332 697 453 786 γὰρ
501 698 577 786 δὴ
625 698 832 766 ἐκεῖνό
875 724 979 778 τις
1022 693 1517 786 ἀνθυποφέρει,
1581 694 1670 778 ώς
1728 697 1964 765 δούλου
2005 699 2518 784 χρηματίζοντος
2561 703 2683 766 τοῦ

331 806 573 885 γονέως
617 799 729 867 διὰ
772 800 850 866 τὸ
896 799 1196 867 δουλικὸν
1243 803 1458 888 σχῆμα
1515 795 1551 866 ό
1595 810 1762 879 παῖς
1818 795 2194 886 ἀπόκληρος
2238 801 2442 868 ἔσται.
2532 805 2685 881 πῶς

329 901 452 988 γὰρ
501 898 537 967 ὃ
580 902 782 985 νόμος
822 905 939 987 τῆς
981 904 1345 981 πολιτείας,
1396 899 1469 979 ὃς
1515 900 1573 968 εἰ
1616 904 1710 987 τῷ
1755 901 2146 989 αἰχμαλώτῳ
2179 901 2366 981 λύσις
2398 902 2683 989 ἐγεγόνει

332 1006 451 1090 τῆς
496 1003 978 1086 αἰχμαλωσίας,
1039 1003 1388 1088 ἐλεύθερον
1432 1005 1667 1068 τοῦτον
1714 1002 2081 1089 ἐγνώριζεν,
2140 998 2216 1070 οὗ
2278 1004 2684 1093 συγχωρήσει

330 1107 425 1192 τῷ
473 1104 562 1189 ἐξ,
593 1103 838 1172 ἐκείνου
894 1104 1092 1193 φύντι
1147 1103 1477 1191 ἐλευθέρῳ
1533 1105 1988 1189 κληρονομεῖν,
2050 1100 2219 1172 ἀλλὰ
2273 1109 2352 1193 τῇ
2411 1106 2479 1173 ἐν
2533 1117 2681 1186 τοῖς

329 1206 686 1289 πολέμοις7
732 1207 998 1294 δουλείᾳ
1040 1205 1157 1293 τὴν
1202 1209 1355 1291 περὶ
1401 1205 1673 1272 τούτου“
1718 1205 2087 1295 ἐπιτροπὴν
2132 1206 2370 1290 δώσεις
2426 1213 2561 1274 τίνι
2605 1209 2678 1275 δὲ

329 1310 441 1375 καὶ
486 1309 826 1397 διαφέρειν
874 1307 1172 1375 οἰίσεταί
1212 1333 1316 1387 τις
1357 1307 1441 1375 τὰ
1481 1311 1599 1374 τοῦ
1632 1305 2085 1391 αἰχμαλώτους
2128 1319 2273 1387 τοῖς
2301 1314 2676 1394 συγγενέσις

327 1408 439 1476 καὶ
482 1413 632 1489 πῶς
676 1405 792 1476 οὐκ
837 1404 1205 1476 ἀπαντῶσα
1247 1405 1286 1494 ἦ
1336 1410 1603 1476 δουλεία
1644 1408 1906 1488 τούτοις
1950 1410 2045 1490 εἰς
2086 1409 2204 1498 τὴν
2237 1403 2676 1497 κληρονομίαν

325 1509 443 1597 τήν
489 1512 752 1578 εἴσοδον
799 1504 1140 1578 ἀποκλείει
1153 1540 1175 1593 ‚·
1232 1505 1275 1599 ἢ
1319 1514 1468 1589 πῶς
1512 1505 1807 1602 ούὶπολὺ
1852 1511 2179 1598 πρότερον
2223 1512 2492 1602 ἐξέσται,
2520 1513 2676 1601 κλη-

326 1623 634 1697 ρονομεῖν
678 1612 1209 1700 συγκεχώρηταιζ
1258 1605 1428 1677 ἀλλὰ
1471 1615 1564 1697 τῷ
1597 1613 1893 1699 δημοσίῳ
1927 1614 2328 1701 δοθήσεται,
2350 1617 2480 1689 ,καὶ
2523 1618 2674 1694 πῶς

325 1707 401 1779 ού
447 1715 814 1801 περιφανὲς
855 1714 934 1780 τὸ
981 1709 1301 1801 ἀδίκημα,·
1348 1712 1407 1780 εἰ
1447 1712 1572 1798 γὰρ
1619 1712 1688 1780 ἐκ
1727 1717 1845 1780 τοῦ
1878 1715 2198 1802 δημοσίου
2229 1714 2495 1801 εὔλογόν
2526 1715 2674 1783 ἐστι

321 1814 477 1893 τοὺς
521 1814 950 1899 αἰχμαλώτων
984 1813 1304 1903 ἒκφύντας
1344 1820 1670 1903 βοηθείας
1698 1815 2052 1901 τυγχάνειν,
2100 1820 2249 1896 πῶς
2293 1812 2435 1901 ούχὶ
2475 1841 2672 1904 περι-

323 1914 538 2005 φανής
582 1913 835 1998 ἀδικία,
896 1916 1012 1984 τὸν
1055 1919 1173 1983 τοῦ
1221 1915 1639 2000 αἰχμαλώτου
1681 1919 1802 2001 μὲν
1844 1917 2063 1984 παῖδα
2116 1922 2234 2005 τῆς
2276 1926 2670 2005 περιουσίας

324 2013 740 2104 ἀποστερεῖν,
787 2024 1186 2104 προσνέμειν
1232 2018 1306 2085 δὲ
1348 2017 1589 2105 ταύτην
1632 2021 1725 2105 τῷ
1773 2020 2105 2106 δημοσίῳς
2153 2020 2212 2087 εἰ
2256 2021 2328 2088 δὲ
2361 2023 2469 2088 καὶ
2499 2023 2669 2087 πολ-

320 2119 507 2200 λάκις
565 2121 754 2189 ἐνίων
810 2125 1055 2206 γονέων
1119 2122 1392 2207 πονηρῷ
1410 2123 1451 2155 ¹⁰
1508 2113 2069 2208 ἀποχρησαμένων
2126 2121 2486 2202 συνειδότι,
2556 2126 2665 2190 καὶ

320 2221 434 2289 διὰ
474 2225 690 2296 τοῦτο
715 2228 1067 2308 τιμωρίαις
1108 2217 1662 2309 ὑποβεβλημένων
1705 2220 1816 2289 καὶ
1857 2226 2113 2309 πικρῶς
2167 2222 2240 2303 ἐξ
2280 2218 2665 2309 ἀνθρώπων

318 2317 818 2411 ἠφανισμένων,
879 2325 943 2391 οι
1002 2324 1243 2401 παῖδες
1298 2315 1372 2388 ού
1424 2322 1792 2390 κωλύονται
1833 2323 2014 2412 νόμῳ
2058 2324 2273 2411 κύριοι
2313 2329 2430 2414 τῆς
2472 2350 2664 2412 περι-

318 2430 549 2504 ουσίας
591 2430 1077 2506 καθίστασθαι,
1125 2431 1275 2492 τίνα
1319 2423 1513 2511 λόγον
1546 2424 1694 2509 ἔχει,
1743 2424 1916 2493 διότι
1961 2432 2351 2513 προαίρεσις
2394 2422 2664 2517 εὐσεβὴς

316 2526 620 2610 σεμνύνει
662 2526 816 2605 τοὺς
859 2532 1090 2613 γονέας
1135 2525 1483 2606 (πολλάκις
1527 2528 1598 2593 δὲ
1641 2526 1754 2592 καὶ
1779 2536 2140 2614 μαρτυρίου
2178 2525 2344 2613 αἷμα
2371 2530 2449 2595 τὸ
2494 2533 2662 2617 λαμ-

313 2628 486 2714 πρὸν
542 2635 663 2695 τοῦ
726 2627 1147 2716 φρονήματος
1217 2624 1435 2695 αὐτῶν
1499 2632 1607 2695 καὶ
1669 2628 1736 2695 ἐν
1792 2624 2022 2710 αύτοῒς
2075 2635 2662 2737 θαυμαστωθῆναι

312 2740 459 2809 τοῖς
503 2725 775 2866 ἀσεβέσι
817 2736 1199 2817 πεποίηκε),
1264 2729 1353 2816 μὴ
1413 2740 1766 2815 συγχωρεῖν
1810 2742 1955 2811 τοῖς
2010 2732 2083 2812 ἐξ
2123 2732 2385 2801 ἐκείνων
2430 2745 2660 2822 φυεῒσι

312 2836 631 2916 κυρίους“
702 2827 873 2900 εἶναι
929 2836 1061 2899 τῶν
1119 2828 1580 2918 ύπαρχόντωνς
1653 2827 1960 2917 οὐδαμῶς
2026 2858 2141 2901 ουν
2201 2837 2297 2922 τῷ
2363 2831 2653 2924 ἡμετέρῳ

309 2933 536 3020 κράτει
578 2929 777 3019 ὖγιῶς
823 2934 1060 3018 έχουσα
1102 2929 1141 3019 ἡ
1189 2932 1489 3012 διάταξις
1534 2940 1861 3020 φαίνεται.

479 3034 619 3102 Δια
636 3039 676 3071 ¹²
718 3036 914 3103 τοῦτο
956 3036 1372 3118 θεσπίζομεν
1418 3029 1558 3101 ἀπὸ
1586 3038 1704 3100 τοῦ
1736 3039 1868 3115 νῦν,
1916 3033 1997 3105 άν
2025 3062 2098 3104 τε
2126 3041 2244 3103 τοῦ
2272 3041 2389 3125 τῆς
2419 3038 2656 3124 αἰχμα-

310 3138 560 3217 λωσίας
618 3136 824 3226 ζόφου
883 3141 1388 3225 περικεχυμένου
1445 3146 1590 3216 τοῖς
1643 3140 1906 3223 γονεῦσι
1967 3138 2140 3224 πρὸς
2199 3133 2402 3224 αὐγὰς
2462 3136 2652 3227 ἡλίου

305 3226 513 3326 ἦλθεν
560 3234 596 3305 ὃ
642 3250 808 3318 παῖς
851 3237 931 3306 α’ν
962 3266 1035 3306 τε
1077 3236 1213 3305 ὑπὸ
1246 3263 1422 3327 φωτι
1453 3238 1836 3326 ελευθερίας
1860 3238 1980 3319 τὰς
2010 3234 2253 3317 ὠδῖνας
2282 3234 2646 3313 dammam.

304 3339 389 3406 τὰ
431 3343 565 3407 τῶν
608 3345 852 3425 γονέων
896 3342 1410 3428 κληρονομείτω,
1470 3339 1588 3408 κόἱν
1633 3368 1705 3408 τε
1747 3337 2150 3429 ἀμφοτέροις
2203 3351 2347 3419 τοῖς
2388 3346 2653 3426 γονεῦσι

303 3444 436 3507 τῶν
480 3443 598 3526 τῆς
643 3440 1095 3524 αἰχμαλωσίας
1141 3443 1398 3527 δεσμῶν
1442 3438 1482 3529 ἡ
1529 3442 1715 3521 λύσις
1757 3447 2105 3528 περιέσται
2152 3435 2196 3529 ἢ
2236 3441 2356 3528 μὴ,
2414 3440 2534 3510 κάν
2577 3470 2652 3513 τε

305 3541 451 3620 ἑνὸς
501 3541 929 3631 τετυχηκότος
945 3545 984 3575 “
1048 3546 1163 3631 τῆς
1217 3542 1468 3623 λύσεως
1524 3545 1810 3629 θάτερος
1865 3542 1932 3610 ἐν
1987 3554 2132 3622 τοῖς
2199 3545 2469 3628 δεσμοῖς
2501 3550 2650 3634 ,τῆς

302 3644 652 3731 συμφορᾶς
695 3650 1141 3729 καταστρέψει
1182 3644 1297 3712 τὸν
1326 3653 1477 3733 βίον
1517 3643 1637 3714 κόἱν
1680 3671 1753 3713 τε
1796 3639 2167 3733 ἀμφότεροι
2211 3647 2278 3714 οἱ
2320 3658 2535 3733 γονεῖς
2579 3648 2646 3716 ἐν

432 3863 451 3890 ⁷
486 3866 752 3921 Emendant
785 3862 1079 3933 πολεμίοις.
1156 3870 1260 3919 Non
1297 3885 1435 3934 opus.
1579 3868 1600 3895 ⁸
1637 3872 1835 3934 Scrimg.
1872 3866 2100 3929 ῑούτων.
2179 3871 2275 3921 Sed
2312 3871 2371 3920 de
2405 3871 2552 3921 tutela
2589 3872 2646 3921 Ιί-

299 3951 524 3999 berorum
563 3965 865 4015 nequaquam
904 3968 1062 4003 sermo
1101 3962 1189 4004 est.
1329 3951 1350 3980 ⁹
1386 3956 1543 4004 Locus
1580 3964 1850 4020 corruptus.
1924 3957 2090 4020 Steph.
2112 3965 2156 4006 et
2181 3956 2306 4021 Agyl.
2346 3941 2428 4010 οἷς
2461 3969 2645 4022 συγκε-

288 4025 544 4099 χώρηται
578 4035 829 4096 legendum
869 4039 1161 4102 conjiciunt:
1202 4039 1327 4089 Beck
1365 4024 1447 4092 οἷς
1479 4034 1617 4088 πολὺ
1651 4034 1811 4104 πρότ.
1851 4042 1980 4103 legit.
2034 4042 2265 4091 Neutrum
2303 4040 2474 4104 placet.
2529 4043 2645 4091 For-

297 4126 426 4168 tasse
461 4111 697 4181 έξωτικῷ
734 4134 820 4182 pro
857 4115 1069 4177 ἐξέσται
1106 4124 1373 4185 tegendum.
1429 4124 1772 4186 Osenbriiggen
1797 4126 1934 4188 plura
1962 4126 2198 4176 excidisse
2219 4126 2458 4189 opinatur,
2494 4141 2642 4191 quum

298 4202 505 4251 filiorum
541 4217 815 4267 expressam
851 4205 1143 4256 mentionem
1181 4207 1438 4257 desideret.
1577 4206 1617 4234 ¹⁰
1652 4210 1850 4272 Sci-img.
1886 4208 2157 4276 πονηρῶς.
2299 4208 2330 4236 ¹¹
2369 4212 2508 4261 Forte
2554 4225 2643 4260 κυ-

300 4281 457 4352 ρίοις.
590 4318 605 4336 x
651 4283 690 4312 ¹²
727 4288 824 4337 luc.
858 4289 959 4341 Ecl.
1158 4287 1190 4316 ¹³
1226 4293 1391 4355 Steph.
1430 4300 1475 4341 et
1515 4292 1641 4358 Agyl.
1679 4293 1899 4357 supplent
1939 4287 1969 4353 ἦ
2005 4286 2208 4361 μήτηρ,
2248 4295 2378 4359 quod
2416 4311 2506 4345 nec
2541 4296 2641 4346 Eci.

300 4372 531 4433 agnoseit.
668 4366 708 4395 ¹⁴
744 4370 843 4420 Eci.
879 4363 1246 4438 εύτυχηκότος.
