2900 4950
1302 216 1660 279 Prolegomena.
2573 223 2647 265 vu

482 371 543 431 2.
613 365 887 433 Collectio
931 365 1415 427 constitutionum
1461 365 2018 441 ecclesiasticarum,
2072 387 2248 448 quam
2290 380 2526 445 vocant,
2582 372 2642 432 in

316 467 558 529 Voelli
606 476 666 529 et
690 467 723 527 J
742 465 997 528 ustelli
1042 465 1391 528 bibliotheca
1418 465 1573 547 juris
1604 467 1870 529 canonici
1900 468 2156 548 primum
2184 470 2333 532 edita
2347 471 2390 545 ⁸,
2432 470 2493 534 in
2525 474 2642 534 [ine

314 579 566 648 quatuor
608 566 874 629 Novellas
918 567 1251 628 Heraclii
1295 567 1554 647 adjectas
1599 567 1794 628 habet.

481 673 542 735 3.
606 667 873 729 Novellas
939 669 1225 748 quasdam
1292 668 1362 729 ad
1430 668 1577 729 haec
1632 677 1895 745 tempora
1952 668 2319 749 pertinentes
2374 690 2642 735 earumve

316 772 635 849 fragmenta
688 768 813 831 sive
858 769 918 830 in
964 778 1183 830 textum
1230 779 1460 848 recepta
1507 769 1626 830 sive
1673 787 1779 848 per
1822 770 2181 848 appendices
2224 771 2491 851 dispersa
2537 772 2647 835 Co-

314 871 472 933 dices
516 869 781 932 nonnulli
829 870 1282 932 enchiridiorum
1321 869 1475 950 juris
1520 878 1840 949 praestant,
1884 888 2035 949 quos
2078 888 2188 933 suo
2218 891 2489 952 quosque
2518 871 2645 935 loeo

312 972 374 1034 in
419 972 579 1033 notis
618 970 912 1031 indicabo.

486 1072 645 1132 llaec
688 1090 842 1143 vero,
887 1090 1037 1150 quae
1081 1071 1138 1132 in
1184 1071 1435 1151 primam
1482 1071 1848 1133 collationem
1891 1071 2182 1149 congessi,
2229 1072 2301 1133 ab
2336 1073 2648 1135 Haloan·

313 1173 482 1247 dro,
541 1171 994 1249 Scrimgero‚
1050 1172 1364 1245 Minoo,
1424 1170 1882 1253 Leunclavio
1937 1171 2182 1251 aliisque
2223 1174 2445 1235 dudum
2490 1174 2644 1237 edita

313 1282 487 1345 sunt,
544 1281 609 1333 ut
664 1291 782 1333 uno
825 1271 955 1333 loco
999 1282 1242 1351 excepto
1287 1271 1511 1349 (Coll.l
1559 1271 1698 1332 Nov.
1729 1274 1836 1347 30)
1881 1271 2086 1333 inediti
2130 1272 2274 1333 nihil
2317 1273 2483 1346 insit,
2540 1275 2644 1336 sed

315 1383 515 1435 nostra
558 1391 735 1453 opera
781 1372 840 1433 in
887 1373 1234 1453 colligendo,
1281 1373 1656 1453 disponendo¹
1696 1382 1754 1434 et
1797 1373 2136 1451 castigando
2183 1380 2299 1434 tota
2345 1373 2645 1437 consistat.

484 1474 730 1537 Collatia
774 1476 1033 1539 secunde
1090 1474 1356 1534 Novellas
1413 1474 1790 1554 Imperatoris
1846 1471 2116 1535 Leonis
2162 1472 2552 1553 Sapientis
2595 1495 2644 1538 s.

314 1575 651 1657 Philosophi
698 1575 977 1637 continet.
1067 1574 1482 1635 Collectionem
1527 1593 1747 1645 earum,
1801 1592 1951 1652 quae
1996 1574 2418 1652 praefationem
2462 1575 2648 1656 impe-

314 1679 585 1739 ratoriam
644 1686 704 1738 et
762 1680 879 1740 113
936 1675 1384 1737 constitutiones
1418 1672 1876 1755 complectitur,
1933 1674 2178 1735 servavit
2236 1675 2405 1736 nobis
2451 1676 2647 1739 Codex

312 1778 644 1839 Marcianus
694 1779 811 1840 179
857 1777 1032 1838 modo
1077 1777 1364 1848 laudatus,
1417 1783 1477 1835 et
1519 1773 1761 1835 Codices
1807 1773 2078 1835 nonnulli
2118 1794 2185 1835 ex
2232 1795 2304 1835 eo
2348 1774 2644 1856 descripti,

314 1878 490 1940 veluti
556 1877 734 1939 Palat.
782 1880 940 1951 387,
1000 1878 1380 1947 ZuicheinuS‚
1454 1873 1957 1944 Merrninnianus,
2025 1874 2644 1954 Montispessulanuffl.

316 1979 587 2057 Singulas
631 1979 913 2057 quasdam
958 1975 1406 2038 constitutiones
1450 1991 1522 2033 ex
1566 1973 1769 2032 eadem
1803 1973 2146 2035 collectione
2178 1978 2476 2037 desnmtas
2507 1976 2645 2038 varii

318 2080 560 2141 Codices
598 2079 833 2160 juridici
880 2084 1197 2157 praestant,
1245 2092 1395 2152 quos
1439 2093 1549 2133 suo
1594 2071 1723 2133 loeo
1770 2074 2037 2135 reseram.
2116 2075 2200 2137 Ex
2244 2074 2505 2137 Palatino
2537 2076 2647 2138 Co-

314 2182 440 2242 dice
497 2180 759 2242 collectio
815 2180 921 2239 ista
983 2175 1235 2255 primurn
1295 2193 1504 2252 graece
1562 2174 1716 2235 edita
1773 2184 1865 2234 est
1919 2195 1949 2233 a
1999 2175 2424 2253 Scrimgero
2467 2195 2642 2256 supra

315 2282 547 2344 laudato
603 2277 1038 2353 (accedentibus
1094 2276 1167 2336 H.
1226 2276 1597 2355 Stephani
1669 2274 2203 2352 castigationibus),
2271 2286 2328 2337 et
2385 2294 2518 2337 mox
2572 2277 2645 2341 ab

314 2362 631 2462 Agylaeo
675 2400 726 2439 a.
780 2380 940 2441 1561»
986 2377 1165 2437 latine
1208 2377 1456 2438 reddita.
1533 2377 1613 2438 lta
1665 2376 1893 2438 tmnsiit
1937 2377 1993 2438 in
2039 2377 2395 2457 appendices
2441 2375 2647 2439 editio—

314 2504 453 2546 num
502 2480 775 2559 Corporis
813 2478 1001 2559 juris;
1047 2478 1303 2539 editores
1347 2489 1563 2549 tamen,
1614 2490 1846 2558 praeter
1876 2479 2645 2558 spangenbergiumw,

312 2587 385 2646 ad
433 2580 903 2644 emendationem
946 2591 1136 2642 textus
1180 2598 1298 2640 non
1332 2580 1411 2641 ita
1442 2581 1685 2642 multum
1720 2579 2112 2641 contulerunt.
2141 2614 2227 2624 —
2274 2580 2443 2640 Extat
2470 2580 2644 2641 etiam

318 2686 530 2762 Ecloga
556 2680 915 2743 collectionis
944 2686 963 2742 ¹
984 2684 1060 2744 13
1083 2680 1450 2742 Novellarutn
1470 2681 1515 2744 L
1532 2702 1563 2741 e
1581 2703 1616 2742 o
1631 2700 1667 2742 n
1683 2682 1746 2743 is
1762 2728 1779 2754 ,
1802 2680 2090 2760 capitibus
2119 2680 2234 2740 LV}
2257 2690 2554 2753 constans,
2571 2680 2644 2741 ab

315 2795 550 2846 auctore
595 2781 930 2862 synopseos
976 2782 1351 2843 Basilieoruin
1399 2784 1662 2844 confecta
1709 2793 1767 2845 et
1809 2782 1944 2842 huic
1987 2781 2151 2860 operi
2197 2780 2443 2859 adjecta.
2527 2781 2649 2846 Hac

313 2908 346 2944 e
396 2883 704 2944 Codicibus
748 2883 1085 2960 Synopseos
1134 2883 1610 2944 parisiensibus¹¹
1659 2882 1948 2961 descripta
2001 2900 2120 2942 non
2164 2881 2294 2943 sine
2340 2883 2526 2944 lructu
2572 2883 2645 2944 ad

315 2993 536 3047 textum
593 2982 992 3060 castigandum
1052 3001 1192 3043 usus
1245 3002 1397 3044 suin.
1441 3016 1530 3028 --
1583 2981 1740 3043 Alias
1783 2984 2064 3059 quasdam
2111 2982 2387 3043 Leonis
2430 2983 2650 3044 consti-

314 3086 575 3149 tutiones
639 3091 797 3142 extra
856 3080 1259 3141 collectionem
1322 3085 1438 3144 113
1487 3080 1852 3140 Novellarum
1910 3083 2255 3159 superstites
2310 3085 2647 3145 continuata

315 3202 695 3248 numerorum
750 3184 903 3244 serie
948 3181 1202 3242 subdidi.
1292 3180 1509 3240 Earum
1558 3190 1751 3240 tamen
1798 3199 1937 3261 pars
1978 3180 2053 3240 ab
2097 3180 2225 3241 aliis
2267 3202 2404 3260 pars
2449 3204 2480 3242 a
2527 3202 2650 3244 me-

314 3295 435 3349 met
475 3287 605 3366 ipso
647 3284 876 3365 pridem
921 3285 1114 3345 furiat
1154 3282 1330 3355 edita,
1376 3290 1441 3343 ut
1485 3282 1742 3342 secunda
1790 3301 2024 3361 quoque
2071 3279 2298 3341 collatio
2336 3274 2668 3346 ἀνέκδοτα·

316 3407 436 3449 non
497 3395 787 3466 praestet,
844 3386 957 3448 nisi
1013 3403 1166 3464 quae
1225 3383 1443 3464 passim
1491 3383 1550 3444 in
1599 3383 1784 3457 notis,
1845 3382 2015 3444 veluti
2061 3401 2121 3461 p.
2154 3383 2298 3454 225,
2341 3401 2376 3442 a
2422 3400 2516 3443 me
2557 3402 2652 3445 re-

314 3488 429 3549 lata
474 3487 669 3548 sint¹².

452 3720 474 3748 ⁸
510 3722 581 3772 Cl.
618 3721 773 3772 Belin.
810 3718 963 3785 §.22
1117 3718 1139 3746 ⁹
1176 3721 1246 3770 Cf.
1285 3722 1436 3770 Delin.
1474 3719 1627 3784 §.31.
1786 3719 1822 3746 ¹⁰
1858 3722 1901 3770 ls
1939 3721 2239 3784 potissimum
2279 3721 2324 3768 in
2362 3735 2420 3768 eo
2457 3734 2651 3782 operam

318 3822 452 3858 suam
491 3806 751 3868 collocavit,
789 3814 839 3855 ut
873 3805 1118 3856 Zuichemi
1157 3813 1204 3854 et
1239 3805 1575 3855 Meermaniani
1605 3806 1795 3855 Codicis
1833 3805 2063 3854 lectiones
2101 3805 2352 3865 diligenter
2386 3804 2651 3852 adnotaret.

316 3889 352 3919 ¹¹
388 3891 461 3942 Cf.
496 3890 650 3940 Delin.
687 3887 836 3954 §.aa
988 3887 1028 3915 ¹²
1062 3891 1129 3939 De
1166 3888 1342 3950 indole,
1380 3889 1578 3937 historia
1617 3897 1659 3936 ct
1697 3889 1980 3938 anctoritate
2016 3887 2313 3936 collectionis
2355 3887 2447 3935 113
2486 3881 2652 3936 Novel-

316 3976 472 4026 larum
509 3975 681 4025 Leonis
729 3975 967 4024 disserere
1016 3974 1075 4024 ab
1124 3973 1215 4022 hoc
1251 3973 1357 4021 loco
1394 3972 1604 4021 alienum
1641 3981 1772 4034 poto.
1843 3974 1966 4020 Fuse
2002 3971 2062 4020 de
2099 3972 2173 4020 his
2210 3974 2352 4021 rebus
2387 3972 2653 4034 disput-ive-

316 4068 431 4110 runt
467 4059 519 4109 C.
554 4062 608 4109 Δ.
646 4059 768 4108 Beck
806 4059 865 4108 de
902 4058 1106 4109 Novellis
1145 4056 1319 4105 Leonis
1355 4056 1433 4108 ed.
1470 4057 1522 4106 C.
1562 4057 1608 4105 F.
1644 4054 1907 4118 Zeperniclt
1943 4056 2109 4104 (Halae
2148 4056 2292 4107 1779»
2329 4065 2374 4104 ot
2413 4054 2651 4104 Mortreuil

320 4145 431 4194 hist.
468 4144 532 4193 du
569 4144 696 4193 droit
732 4144 837 4205 Byz.
878 4144 915 4192 ll
955 4157 999 4204 p.
1022 4142 1121 4191 290
1144 4156 1251 4204 sqq.
1322 4140 1564 4190 Mortreuil
1616 4147 1771 4189 tumen
1809 4139 1855 4187 in
1894 4145 2136 4203 tempore,
2184 4155 2280 4203 quo
2317 4140 2538 4189 collectio
2575 4140 2654 4188 illa

320 4228 561 4293 publicata
605 4228 698 4290 sit,
749 4225 1021 4276 definiendo
1057 4226 1275 4275 Novellae
1311 4226 1389 4275 XC
1436 4227 1667 4274 rationem
1706 4238 1800 4271 non
1840 4224 2031 4285 babuit,
2079 4239 2133 4273 ex
2171 4239 2263 4288 qua
2302 4234 2457 4274 tamen
2495 4221 2651 4282 colligi

321 4320 507 4378 potest,
556 4314 767 4364 Leonem
813 4317 914 4359 tum
962 4310 1191 4374 temporis
1236 4309 1477 4359 secundas
1512 4306 1722 4357 nondum
1760 4308 2056 4357 contraxisse
2091 4309 2296 4371 nuptias.
2368 4306 2498 4355 idem
2532 4305 2655 4356 Mot-
