2900 4950
314 212 438 275 328
1209 221 1329 272 con.
1367 221 1438 271 iv.
1511 221 1625 270 Nm.
1662 220 1736 270 vt.

313 371 499 458 παρὰ
540 373 659 436 τοῦ
704 369 850 447 ἑνὸς
878 374 1118 454 μέρους
1145 371 1254 435 καὶ
1288 368 1591 434 δοθῶσιν
1620 367 1695 433 αἱ
1721 365 1974 433 τούτων
2005 369 2243 454 φωναὶ,
2292 364 2669 455 ἀδιάβλητα

313 475 387 541 δὲ
428 478 708 558 μείνωσι
749 469 835 536 τὰ
877 473 995 534 τοῦ
1038 468 1370 556 μάρτυρος
1414 459 1615 554 αὐτοῦ
1662 465 1744 535 δι’
1782 463 2327 556 ἀντιπαραγωγῆς
2355 462 2398 556 ἢ
2429 470 2665 556 διαβο-

313 576 430 662 λῆς
469 572 558 660 μὴ
605 570 1165 657 περιτρεπόμενα,
1203 565 1418 666 ρὅκος
1474 565 1736 649 τούτοις
1781 568 2114 656 ἐπάγεται.
2207 565 2664 651 ἀπειθοῦντος

323 675 395 741 δὲ
447 675 564 740 τοῦ
624 667 1009 761 ὀφείλοντος
1066 671 1394 751 δέξασθαι
1449 669 1565 737 τὸν
1625 663 1846 757 ὅρκον,
1907 671 2021 737 διὰ
2061 670 2139 736 τὸ
2181 669 2269 759 μή
2315 671 2433 759 τὴν
2480 674 2665 762 δίκην

320 776 486 854 ἴσως
529 774 787 842 ἐθέλειν
830 777 1064 840 τοῦτον
1107 779 1318 859 πέρας
1357 775 1606 860 λαβεῖν,
1655 774 1720 840 οἱ
1761 775 1881 857 μὲν
1915 776 2047 839 τῶν
2079 773 2406 839 δικαστῶν
2435 775 2658 861 λέγου-

316 900 443 957 σιν,
493 871 599 942 ὅτι
642 874 1122 963 ἐπιφωνήσεων
1169 873 1430 941 ἐποένω5
1473 880 1834 961 γενομένων
1878 877 1987 940 καὶ
2031 877 2233 959 τριῶν
2262 882 2663 963 τριακονθη-

318 985 535 1064 μέρων
580 981 1103 1063 παρερχομένων,
1148 976 1315 1059 μετὰ
1356 975 1476 1063 τὴν
1519 973 1770 1043 τούτων
1816 974 2192 1060 διάρῤευσιν
2240 971 2392 1063 ὁμὴ
2422 976 2663 1062 βουλό-

320 1103 516 1165 μενος
570 1078 684 1146 τὸν
743 1073 934 1163 ὅρκον
985 1078 1312 1156 δέξασθαι
1357 1078 1578 1144 ἔκτοτε
1618 1080 1854 1143 τοῦτον
1898 1073 2385 1144 ἀνακαλεῖσθαι
2428 1071 2504 1143 ού
2550 1076 2665 1144 δύ·

319 1207 530 1250 ναται.
622 1180 836 1265 ἕτεροι
881 1180 953 1245 δέ
997 1202 1238 1266 φασιν,
1287 1175 1393 1245 ὅτι
1437 1178 1549 1245 ἐὰν
1594 1173 1633 1264 ἦ
1677 1184 2004 1263 μαρτυρία
2048 1178 2223 1265 δοθῇ
2265 1182 2662 1265 χρηματικῆς

321 1280 521 1369 οὔσης
561 1284 678 1369 τῆς
723 1276 1136 1360 ὗποθέσεως,
1183 1279 1329 1347 ἐπεὶ
1375 1278 1447 1345 αἱ
1486 1281 1887 1367 χρηματικαὶ·
1926 1279 2106 1346 δίκαι
2150 1278 2334 1358 ἐντὸς
2374 1285 2664 1366 τριετίας

320 1379 672 1471 ὀφείλουσι
722 1387 1117 1466 τέμνεσθαι,
1185 1380 1471 1448 δυνατὸν.
1519 1383 1629 1448 καὶ
1686 1380 1801 1448 τὸν
1858 1378 2052 1465 ὅρκον
2102 1386 2667 1467 παρεκτείνεσθαι

322 1484 473 1571 ἄχρι
525 1487 643 1571 τῆς
684 1486 816 1550 τῶν
859 1487 1061 1567 τριῶν
1106 1482 1421 1550 ἐνιαυτῶν
1466 1486 1931 1569 παραδρομῆς·
1996 1481 2249 1548 τούτων
2293 1484 2366 1549 δὲ
2409 1482 2666 1567 διερχο-

322 1591 536 1673 μένων
593 1579 670 1652 ού
726 1583 898 1670 πρὸς
953 1583 1175 1668 ἰσχύος
1231 1584 1369 1651 ἐστὶ
1413 1588 1509 1671 τῷ
1553 1583 1669 1651 τὸν
1715 1580 1907 1669 ὅρκον
1954 1577 2293 1671 ὀφείλοντι
2337 1583 2667 1662 δέξασθαι

325 1682 654 1755 ἀνακινεῖν
695 1690 806 1754 καὶ
851 1675 1056 1765 αὖθις
1096 1685 1213 1774 τὴν
1258 1688 1475 1773 δίκην·
1520 1685 1838 1771 ἐπάγεται
1880 1685 2002 1771 γὰρ
2047 1688 2143 1772 τῷ
2171 1691 2670 1770 παρεκτείνοντι

325 1790 600 1876 δικαστῇ
658 1787 772 1856 ἐπὶ
817 1790 1021 1855 πλέον
1063 1791 1196 1855 τῶν
1239 1790 1441 1873 τριῶν
1488 1787 1802 1856 ἐνιαυτῶν
1846 1781 1985 1853 ἀπὸ
2027 1790 2145 1852 τοῦ
2191 1785 2394 1869 νόμου
2438 1785 2663 1873 ποινή.

325 1889 518 1958 ἄλλοι
560 1891 634 1958 δὲ
676 1890 882 1958 πάλιν
925 1893 1058 1956 τῶν
1103 1889 1448 1970 δικαστῶν,
1495 1892 1604 1956 καὶ
1649 1887 1800 1973 ἄχρι
1826 1894 2359 1973 τριακονταετίας
2388 1887 2669 1956 δυνατὸν

324 1988 496 2061 εἶναι
539 1988 967 2060 ἀνατιθέναι“
1006 1995 1139 2057 τῶν
1182 1990 1530 2077 μαρτύρων
1574 1989 1688 2056 τὸν
1749 1987 1973 2076 ὅρκον,
2035 1987 2138 2057 ὅτι
2181 1998 2290 2055 καὶ
2338 1989 2406 2055 αἱ
2449 1991 2666 2076 διηνε-

322 2103 460 2173 κεῖς
522 2088 770 2179 ἀγωγαὶ
835 2096 916 2180 τῇ
980 2099 1477 2178 τριακονταετίᾳ
1539 2090 1904 2173 παύονται,
1972 2094 2083 2158 καὶ
2137 2091 2415 2157 δυνατὸν
2470 2086 2666 2176 ὅρκου

326 2190 579 2282 ἀγωγὴν
636 2197 792 2280 περὶ
849 2193 1086 2260 τούτου
1148 2195 1314 2277 ἔχειν
1359 2193 1510 2279 ἄχρι
1550 2189 2083 2280 τριακονταετίας
2129 2190 2268 2273 [τὸν
2314 2186 2670 2280 ὀφείλοντα

326 2297 655 2376 δέξασθαι
698 2291 923 2375 αὐτὸν]
940 2298 980 2376 ⁷,
1030 2295 1095 2361 εἴ
1132 2319 1204 2381 γε
1249 2295 1312 2361 οἱ
1355 2295 1678 2382 μάρτυρες
1704 2296 1883 2376 ζῶσι,
1929 2294 2182 2362 καὶτὸν
2214 2291 2406 2380 ὅρκον
2434 2296 2670 2362 τοῦτον

329 2399 558 2488 ζητεῖν.
648 2398 765 2486 τὴν
823 2387 937 2463 οὖν
994 2396 1301 2486 τοιαύτην
1361 2392 1769 2486 ἀμφιβολίαν
1829 2395 1942 2463 διὰ
1983 2395 2192 2485 τὸμὴ
2242 2392 2671 2484 εὖρίσκεσθαι

325 2500 440 2569 τὸν
485 2501 687 2585 νόμον
735 2494 824 2578 ῶς
867 2501 1387 2588 προδιείληπται
1427 2500 1543 2567 τὸν
1588 2498 1829 2587 ταύτην
1876 2500 2324 2584 διατέμνοντα,
2388 2498 2469 2586 τῇ
2512 2522 2670 2585 κρα-

327 2606 485 2690 ταιᾷ
527 2606 638 2668 καὶ
682 2596 836 2688 ἆγίᾳ
878 2602 1186 2689 βασιλείᾳ
1231 2622 1351 2669 σου
1397 2598 1729 2689 ἀναφέρω,
1776 2597 1857 2669 ἵν’
1909 2597 2069 2689 αὕτη
2108 2597 2198 2679 ῶς
2227 2597 2367 2667 ἀπὸ
2396 2603 2530 2666 τῶν
2559 2599 2671 2666 νό-

326 2730 470 2791 μων
527 2704 764 2787 ἴχουσα
817 2702 935 2790 τὴν
992 2703 1293 2783 ἐξουσίαν
1350 2704 1432 2771 τὰ
1479 2702 2099 2790 διαμφιβαλλόμενα
2140 2713 2285 2782 τοῖς
2329 2703 2673 2793 δικασταῖς

328 2811 617 2890 τέμνειν,
679 2801 846 2892 ὅπερ
892 2799 1164 2885 εὐδοκεῖ,
1212 2802 1617 2891 διορίσηται,
1662 2808 1769 2872 καὶ
1815 2798 1964 2871 ἀντὶ
2006 2803 2210 2888 νόμου
2254 2801 2395 2870 ἀπό
2436 2828 2510 2889 γε
2549 2805 2670 2869 τοῦ

329 2910 442 2974 νῦν
495 2903 532 2993 ἡ
593 2906 956 2993 πρόσταξις
1000 2905 1161 2994 αὕτη
1205 2908 1442 2995 κρατῇ,
1507 2906 1571 2972 οἱ
1616 2906 1688 2973 δὲ
1732 2905 1902 2991 πρὸς
1943 2905 2185 2992 ταύτην
2230 2900 2320 2984 ὥς
2365 2905 2671 2992 στάθμην

331 3003 610 3096 δρῶντες
665 3012 796 3076 τῶν
852 3011 1121 3075 πολλῶν
1178 3005 1335 3075 ὅσον
1392 3004 1469 3073 τὸ
1518 3006 1626 3074 ἐπὶ
1674 3007 1885 3094 τούτῳ
1930 3006 2291 3095 κεφάλαιον
2338 3007 2672 3088 διενέξεων

332 3105 824 3199 ἀπαλλαγῶσιν.
915 3107 1005 3190 (ὗς
1051 3111 1286 3190 δοῦλος
1331 3103 1599 3189 ἀνάξιος
1642 3108 1974 3195 τολμήσας
2018 3103 2379 3196 ὗπέμνησα.

1195 3275 1348 3285 η.-

336 3388 436 3461 Ή
458 3382 692 3479 νεαρὰ
726 3390 862 3456 τοῦ
898 3380 1248 3475 ἀοιδίμου
1281 3381 1910 3478 βασιλέωςκυροῦ
1950 3379 2222 3476 μιχαὴλ.
2255 3387 2390 3453 τοῦ
2430 3376 2676 3455 δούκα

337 3505 380 3603 ἡ
448 3502 611 3598 περὶ
675 3508 803 3596 τῆς
864 3501 1510 3598 τριακονθημέρου
1577 3497 2043 3594 προθεσμίας
2106 3502 2243 3572 τοῦ
2309 3497 2536 3596 ὅρκου
2600 3491 2680 3582 ἐξ

336 3620 728 3718 ἀναφορᾶς
790 3616 1349 3692 κωνσταντίνου
1415 3614 2035 3715 πρωτοπροέὃρου
2101 3624 2237 3691 τοῦ
2289 3614 2679 3719 γεγονότος

342 3736 672 3842 μεγάλου
721 3736 1228 3837 δρουγγαρίου
1279 3745 1409 3832 τῆς
1458 3738 1719 3838 βίγλης
1768 3739 2272 3832 ἐξενεχθεῖσα,
2326 3735 2491 3830 περὶ
2540 3742 2678 3808 τοῦ

290 3847 780 3933 ’παύσασθαι
830 3853 966 3952 τὴν
1017 3854 1232 3951 δίκην
1281 3855 1409 3930 καὶ
1465 3855 1802 3945 λύεσθαι,
1858 3855 2015 3944 ἐὰν,
2072 3850 2519 3952 ἀποφάσεως
2544 3866 2678 3955 ’γε-

333 3977 646 4072 νομένης
697 3973 1121 4070 δικαστικῆς
1171 3980 1549 4072 προβῆναι
1604 3975 1828 4072 ὅρκον
1842 4031 1866 4063 ,
1940 3975 2301 4076 γίνωνται
2353 3970 2679 4068 διαμαρ-

475 4176 496 4204 ⁸
531 4178 648 4227 Cod.
682 4171 1077 4244 ἐπιφωνητέων
1110 4171 1343 4227 ladrum.
1423 4181 1733 4245 conjeceram
1768 4181 1881 4230 olim
1918 4173 2256 4246 ἐγγράφων,
2308 4192 2436 4227 nunc
2470 4168 2680 4249 ἐπιφαι-

334 4255 546 4322 νιὶσεων
583 4254 764 4310 ἐπάνω
801 4263 993 4325 scripsi.
1064 4263 1160 4311 Sed
1196 4272 1246 4313 et
1278 4256 1358 4313 ἐπ’
1398 4258 1547 4327 αὐτῷ
1583 4264 1671 4325 legi
1709 4264 1898 4328 polerit.
2103 4262 2126 4291 ⁸
2173 4264 2293 4313 Cod.
2329 4254 2673 4311 ἀνατιθέασι.

334 4344 353 4371 ⁷
391 4348 440 4396 in
480 4347 596 4396 Cod.
634 4345 806 4395 lacuna
842 4346 1065 4396 dimidiae
1103 4347 1275 4411 lineae,
1314 4356 1363 4397 et
1397 4349 1538 4411 paulo
1576 4355 1686 4397 anie
1722 4341 1952 4395 δύναται
1992 4349 2223 4412 scriptum
2262 4354 2353 4398 eut.
2412 4404 2433 4417 ..
