2900 4950
1069 288 1183 351 Ιιιψ,
1220 286 1392 337 isacii
1429 286 1610 348 Augen.
2387 275 2501 336 5ss

173 432 511 521 ,,μούλ.η,
571 440 956 519 ορισθέντες
1011 431 1200 517 παρὰ
1237 436 1355 498 τοῦ
1401 432 1908 519 παναγιωτάτου
1954 429 2136 520 ήμῶν
2180 435 2512 501 δεσπότου

175 537 328 614 »καὶ
373 535 824 620 οὶκουμενικοῦ
866 534 1296 619 πατριάρχου,
1342 532 1592 620 εἰδήσει
1617 537 1724 600 καὶ
1757 538 1874 600 τοῦ
1914 534 2319 618 τιμιωτάτου
2358 526 2517 620 χαρ-

177 635 595 723 ,,τοφύλακος
637 641 754 724 τῆς
797 633 1163 723 ἁγιωτάτης
1203 637 1324 701 τοῦ
1365 638 1537 702 θεοῦ
1589 633 1872 721 μεγάλης
1926 635 2265 723 ἐκκλησίας
2318 640 2515 721 κυροῦ

177 731 682 816 ,,εὗσταθίου
723 742 866 805 τοῦ
894 739 1384 823 χανδρηνοῦ,
1428 736 2014 820 μετακαλέσασθαι
2039 734 2154 803 τὸν
2186 737 2517 822 πανιερώ-

177 862 422 918 ,,τατον
463 842 953 926 μητροπολίτην
995 837 1324 918 κυζίκου
1366 840 1561 920 κῦρον
1610 836 1963 925 ίωάννην
2008 832 2316 906 ἀνελθεῖν
2349 839 2519 905 κατὰ

180 938 342 1025 ,,τὴν
387 937 615 1022 αὔριον
658 940 753 1018 εἰς
792 938 909 1026 τὴν
948 944 1145 1006 θείαν
1188 942 1292 1005 καὶ
1342 937 1521 1022 ἱερὰν
1566 937 1861 1017 σύνοδον,
1906 942 2014 1005 καὶ
2060 940 2519 1024 παρουσιάσαι

181 1038 340 1117 „gni
404 1045 552 1117 ταῖς
592 1038 988 1123 μελλούσαις
1028 1045 1343 1124 γενέσθαι
1389 1038 1646 1125 ψήφοις
1688 1042 1821 1107 τῶν
1862 1045 2273 1126 χηρευουσῶν
2316 1039 2518 1127 ἆγιω-

181 1140 443 1219 ,,τάτων
487 1135 924 1262 ἐκκλησιῶν
882 1167 920 1226 η
963 1139 1224 1261 γνώμην
1267 1139 1627 1220 ἐκθέσθαι,
1673 1143 1781 1207 καὶ
1827 1136 2221 1220 ἀναδιδάξαι
2259 1146 2515 1222 τοῦτον,

185 1236 323 1319 ,,ιῦς
367 1267 423 1308 ει
465 1241 554 1326 μὴ
602 1238 775 1307 ου’τω
817 1241 1107 1329 ποιήσει,
1152 1242 1505 1325 μέλλουσιν
1550 1242 1620 1308 αἱ
1662 1244 1970 1308 τοιαῦται
2012 1244 2235 1328 ψῆφοι
2262 1247 2521 1329 προβῆ-

184 1368 342 1424 ,,ναι
384 1344 492 1408 καὶ
537 1337 835 1430 ἀπουσίᾳ
880 1338 1099 1422 αὐτοῦ,
1148 1340 1260 1409 διὰ
1302 1341 1380 1407 τὸ
1423 1347 1578 1427 περὶ
1622 1342 1873 1409 τούτων
1914 1346 2293 1430 μηνυθῆναι
2322 1339 2521 1411 αὐτὸν

185 1442 575 1531 ,,διαφόρως
614 1446 721 1510 καὶ
767 1444 954 1530 παρὰ
994 1447 1112 1510 τοῦ
1158 1438 1473 1528 εὖλαβοῦς
1515 1444 2050 1524 ἐπισκοπειανοῦ,
2095 1447 2292 1527 κυροῦ
2336 1469 2526 1511 κων-

187 1551 680 1626 ,,σταντίνόυ
734 1548 877 1611 τοῦ
930 1544 1461 1629 χειρομάχου,
1521 1544 1633 1611 καὶ
1683 1543 1772 1632 μή
1831 1547 2118 1632 θελῆσαι
2159 1544 2245 1611 τὰ
2284 1545 2523 1612 τούτου

187 1645 577 1732 ,,μηνύματα
631 1645 1082 1734 ἐκπληρῶσαι·
1140 1641 1529 1733 ἀφικόμεθα
1584 1644 1706 1731 τὴν
1757 1646 2040 1731 σήμερον
2083 1645 2151 1713 ἐν
2194 1657 2338 1725 τοῖς
2376 1648 2524 1713 κελ-

189 1745 409 1827 „lions
449 1750 568 1813 τοῦ
613 1749 935 1835 ῥηθέντος
978 1745 1479 1831 πανιερωτάτου
1520 1749 2047 1834 μητροπολίτου,
2089 1757 2233 1826 τοῖς
2280 1750 2523 1815 διακει-

188 1856 459 1933 ,,μένοις
494 1851 780 1935 πλησίον
807 1848 916 1914 καὶ
963 1847 1267 1932 σύνεγγυς
1307 1851 1425 1934 τῆς
1469 1846 1833 1931 σεβασμίας
1872 1852 2076 1935 μονῆς
2117 1852 2250 1915 τῶν
2296 1872 2519 1916 στου-

190 1952 456 2029 ,,δίου,
501 1951 609 2015 καὶ
656 1948 1025 2031 ἐντυχόντες
1065 1948 1280 2034 τούτῳ
1305 1947 1515 2015 ἐκεῖσε
1544 1947 1661 2013 ἐπὶ
1700 1950 1918 2035 κλίνης
1960 1954 2231 2034 κειμένῳ
2278 1945 2368 2027 ιῦς
2411 1945 2528 2036 ἀῤ-

190 2050 512 2137 »ῥώσεως
541 2050 769 2132 ἔχοντι,
819 2051 1096 2134 εἴπομεν
1141 2048 1311 2132 πρὸς
1355 2043 1554 2114 αὐτὸν
1586 2047 1817 2127 καθώς
1847 2049 2032 2134 παρὰ
2058 2053 2173 2135 τῆς
2202 2075 2528 2134 πατριάρ-

192 2156 419 2238 ,,χικῆς
461 2154 566 2217 καὶ
613 2156 810 2229 θείας
851 2149 1354 2236 μεγαλειότητος
1399 2145 1800 2234 ῶρίσθημεν,
1871 2146 1997 2216 ὅσα
2040 2146 2077 2215 ὁ
2124 2149 2314 2234 λόγος
2357 2145 2529 2217 ἀνω-

191 2260 406 2337 ,,τέρω
462 2252 780 2340 ἐδήλωσε,
856 2249 1461 2338 παρεγγυησάμενοι
1515 2250 1758 2336 τούτῳ,
1829 2246 1919 2329 ὥς
1984 2251 2172 2336 εἴπερ
2229 2250 2393 2329 ἰ’σως
2450 2245 2527 2318 οὗ

193 2354 514 2442 ,,θελήσει
569 2343 764 2433 οὗτος
816 2348 860 2441 ἢ
903 2352 1361 2439 παρουσιάσαι
1401 2352 1568 2419 κατὰ
1609 2351 1725 2439 τὴν
1770 2349 2000 2436 αὔριον
2047 2353 2142 2431 είς
2183 2351 2302 2430 τὰς
2343 2377 2531 2441 γενη-

191 2463 521 2542 ,,σομένας
576 2452 692 2535 (ὥς
734 2456 1016 2543 εἴρηται)
1059 2453 1329 2544 ψήφους
1371 2458 1504 2522 τῶν
1545 2457 1954 2542 χηρευουσῶν
1998 2450 2380 2540 ἁγιωτάτων
2427 2453 2529 2522 ἐκ·

192 2559 522 2644 ,,κλησιῶν
578 2554 619 2644 ἢ
672 2558 929 2646 γνώμην
975 2557 1086 2624 ἐπὶ
1133 2557 1403 2635 ταύταις
1448 2556 1777 2634 ἐκθεῖναι,
1836 2556 2290 2643 προβήσονται
2335 2547 2532 2623 αὗται

193 2663 346 2740 „zai
393 2655 688 2746 ἀπουσίᾳ
733 2655 951 2726 αὐτοῦ.
1014 2656 1050 2723 ὁ
1096 2661 1168 2726 δὲ
1213 2658 1382 2742 πρὸς
1427 2654 1596 2745 ἡμᾶς
1641 2653 1974 2745 ἀπεκρίθη
2019 2661 2254 2723 ταῦτα·
2302 2654 2393 2736 ώς
2420 2661 2530 2724 καὶ

195 2758 479 2841 ,,όὲλλοτε
523 2767 900 2847 προέβησαν
939 2764 1159 2846 ψῆφοι
1191 2760 1544 2847 ἐκκλησιῶν
1574 2756 1760 2842 παρά
1787 2763 1920 2824 τῶν
1949 2758 2184 2825 τούτου
2216 2762 2532 2827 συναδελ-

196 2865 392 2947 ,,φῶν
437 2857 591 2926 ἄνευ
635 2867 1007 2944 παρουσίας
1051 2856 1250 2925 αὐτοῦ
1294 2863 1401 2926 καὶ
1445 2859 1735 2945 γνώμης,
1795 2863 1992 2924 τοῦτο
2035 2863 2190 2945 γοῦν
2231 2866 2529 2945 γενέσθω

197 2956 402 3046 „aad
451 2956 667 3026 αὐτῶν
709 2960 819 3026 καὶ
862 2960 978 3028 ἐπὶ
1019 2972 1190 3039 ταῖςχ
1209 2964 1321 3026 νῦν
1362 2960 1790 3047 χηρευούσαις
1834 2960 2232 3045 ἐκκλησίαις·
2288 2955 2361 3025 οὗ
2406 2961 2531 3047 γὰρ

198 3062 520 3144 ,,δύναται
564 3056 871 3129 ἀνελθεῖν
915 3062 1010 3139 εἷς
1051 3059 1167 3148 τὴν
1213 3067 1409 3128 θείαν
1452 3065 1561 3127 καὶ
1609 3059 1787 3146 ἱερὰν
1832 3060 2110 3127 σύνοδον
2139 3063 2245 3127 καὶ
2279 3086 2532 3147 παρου-

197 3163 479 3245 ,,σιάσαι
524 3162 636 3229 ἐπὶ
681 3173 829 3242 ταῒς
877 3162 1129 3249 ψήφοις
1173 3161 1286 3228 διὰ
1327 3161 1404 3226 τὸ
1450 3164 1680 3241 δεινῶς
1724 3162 2221 3248 νοσηλεύεσθαι.
2312 3163 2533 3231 πολλὰ

197 3269 399 3351 ,,γοῦν
435 3265 891 3350 παρακληθεὶς
920 3259 1073 3347 παρ’
1105 3259 1290 3351 ἡμῶν
1320 3258 1438 3330 κᾶν
1467 3263 1726 3351 γνώμην
1758 3263 2106 3342 ἐκθέσθαι,
2153 3258 2305 3331 οὐδὲ
2335 3268 2532 3330 τοῦτο

196 3370 529 3453 ,,ποιῆσαι
580 3361 923 3453 ἠθέλησεν.
1015 3366 1108 3445 εἷς
1164 3365 1450 3452 δήλωσιν
1515 3354 1629 3432 οὖν
1692 3363 1942 3431 τούτων
2005 3364 2122 3450 τὴν
2186 3370 2531 3452 παροῦσαν

198 3474 604 3556 ,,σημείωσιν
648 3466 1039 3551 ἐξεθέμεθα,
1085 3467 1163 3553 ἢν
1205 3467 1729 3554 παρεκβαλόντες
1772 3470 1879 3533 καὶ
1927 3465 2235 3554 συνήθως
2276 3493 2535 3536 πιστω-

201 3569 521 3652 ,,σάμενοι
566 3568 1054 3652 ἐπιδεδώκαμεν
1097 3574 1248 3658 μηνὶ
1294 3572 1401 3636 καὶ
1447 3568 2012 3656 ἐπινεμήσειτοῒς
2040 3578 2537 3656 προγεγραμμέ-

201 3696 403 3751 „roaga
445 3751 454 3761 ι
497 3666 533 3735 ὁ
590 3665 850 3758 εὐτελὴς
906 3671 1206 3750 διάκονος
1261 3674 1379 3758 τῆς
1433 3667 1801 3758 ἁγιωτάτης
1855 3674 1972 3736 τοῦ
2029 3676 2196 3738 θεοῦ
2251 3673 2536 3760 μεγάλης

200 3771 585 3860 ,,ἐκκλησίας
612 3775 720 3839 καὶ
751 3771 1221 3856 πατριαρχικὸς
1241 3771 1546 3856 νοτάριος
1573 3777 1983 3856 στέφανος
2015 3768 2051 3836 ὅ
2081 3779 2531 3858 ναρσίτηςιί.

199 3884 346 3951 τοῖς
387 3864 503 3940 οὖν
544 3873 794 3961 ῥήμασι
834 3876 951 3938 τοῦ
995 3871 1299 3938 τοιούτου
1343 3871 1804 3959 σημειώματος
1833 3867 2296 3958 ἀποχρώμενοι
2326 3872 2389 3938 οἱ
2418 3877 2535 3938 τοῦ

202 4001 288 4041 κυ
303 3976 342 4055 ζ
352 3973 525 4042 ι’κου
571 3970 934 4053 ἀντίθετοι,
982 3974 1200 4058 ἔλεγον
1246 3972 1314 4039 ἓν
1357 3974 1611 4051 πάσαις
1651 3983 1802 4051 ταῖς
1850 3972 2107 4059 ψήφοις
2132 3972 2535 4061 μετάκλητον

202 4081 520 4163 γενέσθαι
559 4080 671 4144 καὶ
711 4075 828 4143 τὸν
870 4071 1048 4157 κυζί
1059 4098 1230 4153 κου,
1287 4077 1395 4140 καὶ
1442 4068 1629 4139 αὐτοὶ
1674 4075 1793 4156 μὲν
1836 4071 1916 4139 τὸ
1961 4072 2203 4141 οἰκεῖον
2246 4076 2538 4162 ποιήσα-

205 4182 397 4255 σθαι,
442 4179 676 4246 τοῦτον
721 4179 792 4246 δὲ
832 4175 922 4264 μὴ
965 4178 1254 4263 θελῆσαι
1296 4174 1785 4262 παρουσιάσαι·
1844 4180 2385 4260 προστιθέμενοι,
2435 4173 2540 4244 ὅτι

201 4280 311 4347 καὶ
359 4277 859 4346 ἐπισκοπειανοὶ
900 4273 1035 4345 κατ’
1086 4278 1456 4367 ἐπιτροπὴν
1499 4281 1616 4346 τοῦ
1646 4276 2178 4363 θεοφιλεστάτου
2203 4277 2536 4367 χαρτοφύ-

201 4381 406 4458 λακος
447 4377 614 4447 κατὰ
654 4378 731 4443 τὸ
776 4380 936 4458 ἔθος
980 4376 1446 4466 ἀπεστάλησαν
1491 4380 1584 4459 εἰς
1626 4378 1709 4448 τὰ
1754 4379 1822 4447 ἐν
1866 4374 1969 4459 οἷς
2007 4386 2357 4466 καταμένει
2396 4383 2535 4449 κελ-
