2900 4950
1186 263 1302 326 lmp.
1339 262 1530 312 Leonis.
2403 247 2524 310 159

187 415 306 479 τοῦ
352 410 622 499 φόρτου,
669 412 776 477 καὶ
823 410 888 478 εἰ’
925 434 998 495 γε
1039 406 1127 497 μὴ
1174 409 1352 476 πάνυ
1397 406 1653 495 ἀπορία
1694 411 1947 491 πιέζοι,
1993 411 2099 475 καὶ
2142 417 2367 495 τρίτην
2410 413 2527 498 τῆς

190 511 391 600 ἄλλης
432 519 825 598 περιουσίας
864 515 959 599 τῷ
1006 513 1302 599 δημοσίῳ
1347 511 1809 596 καταβαλλέτω
1852 521 2113 596 μοῖραν.
2174 510 2528 595 εἰδὲπρὸς

187 615 343 693 τοὺς
405 615 647 693 ναύτας
711 613 788 680 τὸ
851 615 1187 700 τολμηθὲν
1253 608 1478 700 ἀφορᾷ
1534 608 1671 691 (οἷα
1728 612 1950 680 πολλὰ
2009 609 2354 698 συμβαίνει
2410 612 2528 697 τὴν

189 723 516 803 πονηρίαν
558 711 1190 800 ἀποκρυψαμένων),
1252 710 1287 780 ὁ
1328 716 1448 797 μὲν
1494 708 1781 798 ἀμείνων
1825 715 1994 781 ἔστω
2037 718 2296 802 ποινῆς,
2345 715 2411 781 οἱ
2456 716 2529 781 δὲ

189 816 308 904 τὴν
350 818 533 905 δίκην
578 815 653 885 οὗ
701 816 1177 896 διαλύσουσινθ,
1224 810 1393 882 ἀλλὰ
1435 819 1704 902 πρῶτον
1746 819 1867 901 μὲν
1909 826 2059 895 ταῖς
2103 816 2198 895 εἷς
2225 814 2304 882 τὸ
2334 819 2530 900 σῶμα

189 921 478 1005 πληγαῖς
517 924 625 987 καὶ
670 924 748 1007 τῇ
787 919 855 986 ἐν
880 921 1016 1004 χρῷ
1045 923 1601 1003 τιμωρείσθωσαν
1630 912 1912 1007 κουρείᾳ,
1948 919 2181 986 ἔπειτα
2213 919 2287 985 δὲ
2315 941 2529 1002 προσ-

190 1020 392 1108 ούσης
458 1017 777 1107 εὐπορίας
841 1019 1295 1104 τετραπλάσια
1349 1017 1863 1107 ζημιούσθωσαν
1924 1009 2014 1086 ὧν
2072 1020 2525 1106 εἰσαγωγίμων

189 1121 627 1210 ἐποιήσαντο·
684 1122 742 1189 εἰ
797 1116 860 1188 δ’
923 1116 1051 1190 εἷεν
1107 1119 1358 1207 ἄποροί
1407 1146 1482 1187 τε
1534 1123 1647 1186 καὶ
1700 1124 2007 1207 πένητες,
2070 1121 2365 1187 ἔστωσαν
2410 1120 2525 1187 ἐπὶ

186 1233 341 1302 ταῖς
381 1223 655 1308 μάστιξι
694 1226 801 1290 καὶ
844 1226 922 1310 τῇ
969 1218 1182 1310 ἀτίμῳ
1226 1226 1357 1289 τῶν
1400 1225 1640 1306 τριχῶν
1684 1216 1987 1309 ἀποβολῇ
2032 1224 2141 1289 καὶ
2186 1221 2303 1308 τὴν
2347 1221 2528 1289 ἐλευ-

187 1330 432 1411 θερίαν
488 1319 1005 1410 ἀποβάλλοντες,
1068 1323 1180 1392 διὰ
1233 1327 1388 1390 τοῢΒ
1441 1322 1615 1408 πρὸς
1658 1323 1960 1391 δουλείαν
2005 1322 2310 1400 ἐκδότους
2352 1327 2529 1408 γενέ-

191 1433 384 1493 σθαι.
471 1425 623 1505 τοὺς
663 1426 804 1511 γὰρ,
854 1422 1012 1494 ὅσον
1055 1421 1160 1492 ἐπ’
1211 1421 1448 1503 αὐτοὺς
1488 1414 1668 1510 ἧκεν,
1718 1420 1795 1491 οὗ
1837 1424 2041 1507 μόνον
2087 1424 2183 1503 εἷς
2224 1424 2528 1490 δουλείαν

190 1528 547 1605 πλείστους
590 1525 867 1613 ἄγοντας
911 1522 1084 1593 ἀλλὰ
1121 1528 1229 1594 καὶ
1272 1532 1421 1612 βίον
1466 1528 1722 1611 πικρῶς
1765 1525 2130 1611 ἐξάγοντας,
2175 1528 2285 1592 καὶ
2328 1527 2525 1591 τοῦτο

193 1628 715 1715 φιλάνθρωπονΊ
756 1632 866 1695 καὶ
905 1634 1188 1713 μετρίως
1231 1628 1469 1710 ἔχουσα
1513 1628 1878 1714 εἴσπραξις,
1924 1626 2002 1693 τὸ
2048 1627 2214 1714 ζωῆς
2257 1626 2528 1693 οἰκετῶν

189 1723 544 1817 ἠξιῶσθαι.
633 1727 801 1799 ἀλλὰ
842 1732 1052 1798 ταῦτα
1092 1732 1213 1813 μὲν
1255 1729 1515 1817 γνώμης
1555 1733 1776 1817 κοινῆς
1826 1725 1943 1796 οὐκ
1988 1726 2179 1807 ὄντος
2218 1731 2334 1794 τοῦ
2382 1722 2530 1794 ἀδι-

193 1830 495 1918 κήματος.
588 1834 647 1900 εἰ
703 1833 775 1900 δὲ
830 1832 1012 1920 κοινὴ
1077 1837 1310 1916 σκέψις
1365 1834 1473 1898 καὶ
1531 1838 1818 1917 πονηρία
1860 1834 2056 1896 τοῦτο
2100 1830 2525 1912 κατέπραξεν,

195 1928 423 2020 ῶσπερ
482 1928 646 2018 ὁμοῦ
702 1937 820 2001 τοῦ
884 1936 1083 2001 κακοῦ
1141 1933 1409 2018 ἐργάται
1463 1929 1637 2000 οὕτω
1689 1935 1802 1998 καὶ
1853 1931 1969 2019 τὴν
2027 1926 2208 2017 δίκην
2264 1930 2530 1996 ἔσονται

192 2027 612 2117 ὖποσχόντες,
661 2031 764 2115 οἷς
805 2033 1275 2121 διωρισάμεθα
1316 2033 1599 2118 τρόποις
1642 2033 1948 2117 ἑκατέρου
1991 2037 2231 2118 μέρους
2258 2030 2530 2110 κολαζο-

193 2140 411 2219 μένου.

1423 2266 1661 2275 ..ᾑ---σ-φ

1149 2425 1321 2490 NOV.
1365 2423 1560 2488 LXIV.

533 2544 617 2607 De
660 2564 853 2626 poena
898 2564 1122 2620 eorum,
1167 2544 1269 2625 qui
1312 2544 1679 2624 naufragium
1726 2542 2183 2625 suppresserint.

1020 2712 1528 2793 ΔΙΛΤΑΞΙΣ
1572 2707 1701 2796 ξδ’.

717 2859 774 2915 ‘0
811 2858 1022 2920 αὗτὸς
1056 2861 1386 2930 βασιλεὺς
1421 2862 1692 2929 στυλιανῷ
1727 2864 1806 2929 τῷ
1841 2857 2007 2927 αὗτῷ.

359 2959 599 3032 Ἐκεῖνο
646 2964 716 3030 δὲ
760 2965 908 3030 λίαν
950 2963 1309 3047 θαυμάζω,
1355 2966 1506 3042 πῶς
1550 2960 1593 3028 ὅ
1629 2961 1714 3029 τὰ
1757 2961 1828 3029 ἐκ
1868 2961 2272 3030 θαλαττίου1
2315 2961 2533 3028 κινδύ-

190 3088 310 3133 νου
359 3059 948 3148 ἀποκρυπτόμενος
989 3068 1306 3131 τοσοῦτον
1352 3063 1571 3142 ἔδοξεν
1615 3058 1964 3147 ἁμαρτεῖν,
2022 3058 2196 3129 ὥστε
2236 3063 2533 3130 θάνατον

192 3165 468 3252 ἐπάγειν
525 3159 702 3253 αὐτῷ
759 3164 876 3253 τὴν
931 3163 1241 3250 τοιαύτην
1297 3160 1641 3249 ἁμαρτίαν.
1734 3159 1839 3230 ὅτι
1879 3164 2000 3249 μὲν
2042 3162 2165 3250 γὰρ
2209 3159 2535 3248 ἁμαρτίαν

192 3263 270 3337 οὗ
312 3272 587 3354 μετρίαν
629 3269 862 3356 τολμᾷ,
908 3266 1193 3345 ἐκείνους
1236 3261 1627 3351 ἀποστερῶν
1669 3266 1801 3332 τῶν
1847 3260 2055 3345 ἰδίων,
2103 3259 2204 3343 οἷς
2234 3264 2397 3342 ἰ’σως
2426 3266 2537 3330 καὶ

195 3364 351 3456 παρ’
403 3370 639 3438 ἑαυτοῦ
685 3370 1026 3457 ἐπαρκῶν’
1066 3393 1169 3448 τις
1213 3369 1308 3447 εἰς
1353 3367 1535 3435 ἔλεον
1576 3366 1907 3447 καταστὰς
1951 3361 2067 3435 οὐκ
2110 3360 2190 3433 ἂν
2233 3364 2313 3453 ἣν
2343 3390 2536 3451 περι-

196 3478 477 3561 φέρουσι
530 3472 646 3539 διὰ
699 3476 832 3539 τῶν
887 3471 1172 3558 ἐγκάτων
1227 3465 1462 3558 ὀδύνην
1516 3469 1996 3556 καταπραΰνων
2042 3464 2293 3557 ὀφθείη
2340 3466 2536 3547 (εἰκὸς

192 3574 316 3662 γάρ
360 3574 614 3660 πολλὴν
659 3571 891 3662 ζημίαν
933 3576 1043 3641 καὶ
1085 3576 1218 3640 τῶν
1263 3569 1471 3639 ὄντων
1515 3567 1856 3659 ἀποβολὴν
1886 3567 2289 3656 ὑπομεῖναι),
2334 3573 2534 3637 τοῦτο

192 3680 327 3743 τῶν
382 3683 799 3764 φαινομένων
855 3676 1050 3744 ἐστίν.
1143 3671 1249 3742 ὅτι
1305 3675 1377 3741 δὲ
1426 3674 1547 3761 χρὴ
1593 3675 1763 3762 ζωῆς
1802 3671 2339 3759 ἀποστερεῖσθαι
2379 3672 2536 3750 τοὺς

194 3775 348 3845 καθ’
408 3767 498 3845 ῶν
552 3775 591 3864 ἡ
651 3778 958 3862 ἔκπληξις
1013 3777 1144 3861 ἔχει
1184 3775 1301 3864 τὴν
1341 3776 1591 3862 χώραν,
1648 3780 1846 3842 τοῦτο
1892 3777 2181 3843 συνιδεῖν
2227 3769 2343 3840 οὐκ
2387 3773 2530 3855 ἔχω.

194 3967 456 4017 Μιιῑειὶοιιε
490 3982 584 4017 non
621 3982 776 4032 opus:
813 3962 908 4017 καὶ
938 3960 1024 4016 ἔτι
1058 3973 1133 4016 est
1167 3968 1426 4017 etiamnum.
1567 3961 1588 3989 ⁵
1621 3965 1787 4028 Steph.
1826 3964 1951 4028 conj.
1989 3956 2317 4018 διαλῦξουσι,
2358 3961 2532 4028 Spang·

196 4045 569 4118 διαφεύξουσι.
734 4049 756 4080 ⁸
792 4052 992 4114 Scrimg.
1031 4050 1209 4100 τοῦτο.
1284 4048 1560 4100 Emendavit
1596 4050 1761 4111 Steph.
1911 4045 1930 4073 ⁷
1964 4048 2133 4109 steph.
2170 4053 2217 4094 et
2252 4046 2378 4111 Agyl.
2415 4046 2535 4095 haec

197 4143 422 4200 corrupta
458 4152 565 4186 esse
601 4143 815 4186 censent.
886 4137 1028 4200 Atqui
1065 4136 1218 4186 oratio
1256 4135 1328 4186 sic
1362 4133 1613 4199 procedit:
1652 4126 1716 4181 τὸ
1744 4165 1757 4179 .
1778 4164 1791 4178 .
1813 4165 1824 4179 .
1868 4123 2139 4192 ἠξιῶσθαι
2172 4123 2299 4184 τοὺς
2336 4165 2348 4177 .
2370 4163 2382 4176 .
2406 4165 2417 4177 .
2457 4123 2536 4186 ἐξ·

197 4213 452 4285 ἄγοντας,
490 4215 584 4269 καὶ
615 4220 779 4269 τοῦτο
816 4213 1223 4288 φιλάνθρωπον
1255 4215 1367 4268 κτλ.

332 4303 346 4331 ¹
387 4306 585 4367 Scrimg.
621 4299 913 4365 θαλάττης.
1089 4303 1110 4330 ²
1144 4306 1212 4356 lta
1249 4314 1379 4354 recte
1415 4304 1543 4368 conj.
1583 4299 1951 4365 Osenbrfiggen,
2004 4309 2059 4353 ut
2086 4302 2185 4367 jam
2222 4300 2453 4366 Stephani
2491 4306 2539 4348 et

196 4389 384 4454 Agylaei
422 4391 712 4455 conjecturis
748 4404 843 4440 non
883 4391 946 4440 sit
981 4404 1118 4454 opus.
1190 4389 1340 4440 codd.
1375 4382 1644 4455 ἐπαρκεῖν.
1720 4387 1823 4438 Mox
1860 4402 1946 4452 pro
1984 4377 2080 4436 οὐκ
2114 4378 2188 4434 ἄν
2222 4385 2325 4447 lege
2358 4378 2468 4434 καί.
