2900 4950
1182 162 1299 225 lmp.
1338 162 1520 211 Irenae.
2436 152 2518 214 57

156 332 348 430 φησι,
399 307 572 394 μήτε
616 302 1017 396 ὀργισθῆναι
1063 307 1229 396 εἰκῆ·
1276 307 1580 388 ἐκείνοις,
1629 305 1706 374 οὗ
1749 307 2151 391 μοιχεύσεις·
2210 306 2368 397 ἡμῖν
2410 315 2519 379 καὶ

156 411 325 499 μήτε
372 412 636 495 γυναικὶ
684 410 1016 502 ἐμβλέψαι
1058 409 1229 494 πρὸς
1270 408 1349 474 τὸ
1385 409 1836 495 ἐπιθυμῆσαι·
1883 410 2175 489 ἐκείνοις,
2224 409 2340 478 οὐκ
2371 412 2522 480 ἐπι-

161 512 508 599 ορκήσεις·
577 507 735 597 ἡμῖν
794 512 897 591 δὲ,
960 505 1111 577 οὐδὲ
1165 510 1242 576 τὸ
1302 505 1581 595 ὀμόσαι’
1638 507 1825 588 ὅλως.
1915 509 2074 596 περὶ
2132 501 2210 576 οὗ
2257 508 2421 597 ἡμῖν
2478 512 2519 598 ἡ

160 616 487 696 παροῦσα
530 618 953 698 πραγματεία
996 611 1393 697 πεπόνηται,
1442 611 1589 676 διόι3
1631 615 1749 677 τοῦ
1797 608 1992 696 ὅρκου
2023 618 2374 679 τίκτεσθαι
2402 613 2519 698 τὴν

162 715 554 798 ἐπιορκίαν,
614 709 758 799 ἥτις
819 712 957 779 ἐστὶ
1000 716 1167 779 θεοῦ
1213 711 1501 798 α’ρνησις.
1591 711 1916 799 συνήθεια
1962 714 2034 779 δέ
2085 739 2190 792 τις
2234 708 2311 779 ού
2356 714 2518 801 καλὴ

160 819 261 882 καὶ
316 811 569 900 ἀρεστὴ
614 820 836 899 κυρίῳ,
884 814 1098 881 εἰπεῖν
1144 815 1215 880 δὲ
1259 814 1512 897 μᾶλλον
1558 809 1647 891 ῶς
1690 812 1774 880 τὰ
1817 812 2038 881 πολλὰ
2081 813 2345 901 ἑβραῑκὴ
2396 816 2521 895 ε’ως

162 921 275 982 τοῦ
326 919 447 982 νῦν
492 914 856 999 κεκράτηκε,
900 914 1020 993 τὰς
1064 913 1500 1001 στραγγαλιὰς
1542 918 1674 981 τῶν
1721 916 2141 1001 φιλονεικιῶν
2189 910 2269 982 δι
2321 912 2518 1000 ὅρκου

163 1016 477 1085 λύεσθαι.
526 1019 645 1081 τοῦ
673 1015 795 1100 γὰρ
829 1019 1121 1102 σωτῆρος
1147 1020 1253 1082 καὶ
1278 1019 1445 1082 θεοῦ
1477 1012 1661 1101 ἡμῶν
1695 1015 1772 1101 ἷη
1793 1019 1933 1082 σοῦ
1977 1021 2351 1099 χριστοῦ,
2399 1021 2517 1084 τοῦ

162 1123 267 1185 καὶ
314 1117 405 1184 τὰ
454 1115 671 1183 πάλαι
712 1116 1304 1203 νομοθετήσαντος,
1354 1116 1711 1202 διαῤῥήδην
1757 1117 2155 1202 φάσκοντος,
2205 1115 2295 1196 ῶς
2341 1120 2514 1207 εἴρη-

164 1245 307 1297 ται,
363 1217 459 1305 μὴ
523 1212 767 1300 ὀμόσαι
823 1214 1021 1296 ὅλως·
1081 1217 1422 1301 ἑπομένως
1481 1218 1550 1283 δὲ
1600 1220 1894 1300 βοῶντος
1936 1221 2053 1282 τοῦ
2101 1224 2294 1285 θείου
2342 1215 2519 1286 άπο-

166 1319 414 1386 στόλου
448 1318 841 1403 ἰακώβου,
888 1318 1021 1403 πρὸ
1051 1317 1321 1385 πάντων
1354 1313 1638 1405 αδελφοί
1669 1342 1798 1400 μου
1830 1318 1916 1406 μὴ
1951 1313 2251 1402 ὀμνύετε·
2300 1315 2518 1386 ῶσαύ-

163 1448 295 1500 τως
340 1423 419 1488 δὲ
463 1420 575 1487 καὶ
618 1425 751 1487 τῶν
797 1420 1075 1500 ἐνδόξων
1120 1422 1224 1485 καὶ
1276 1426 1616 1504 μακαρίων
1660 1415 1845 1504 ἡμῶν
1890 1425 2198 1505 πατέρων
2243 1414 2517 1488 ἀκολού-

163 1528 313 1601 θως
356 1526 468 1589 καὶ
520 1520 893 1608 συμφώνως
936 1521 1502 1606 παραδεδωκότων
1547 1520 1799 1598 παντὸς
1857 1515 2052 1605 ὅρκου
2104 1516 2513 1604 ἀπέχεσθαι·

166 1624 367 1711 ταύτῃ
430 1627 513 1711 τῇ
568 1629 731 1710 θείᾳ
775 1629 1145 1709 νομοθεσίᾳ
1186 1621 1302 1688 τὸν
1347 1617 1584 1705 αὐχένα
1636 1625 1754 1689 τοῦ
1799 1621 2075 1707 κράτους
2116 1620 2300 1710 ἡμῶν
2345 1620 2519 1692 ὓπο-

166 1725 537 1808 κύπτομεν,
596 1727 703 1790 καὶ
748 1723 867 1811 τὴν
911 1723 1095 1810 παρὰ
1137 1722 1376 1807 ταύτην
1422 1723 1840 1810 κρατήσασαν
1886 1723 2274 1807 παράνομον
2320 1725 2517 1813 συνή-

168 1833 367 1893 θειαν
416 1821 1012 1910 άποπεμπόμεθα,
1075 1820 1191 1891 οὐκ
1246 1823 1514 1910 εὔλογον
1557 1823 1852 1907 οἰόμενοι
1894 1831 2096 1907 μέσον
2140 1829 2258 1891 τοῦ
2317 1826 2518 1909 ἐμπι-

168 1934 574 2006 στευθέντος
616 1922 773 2014 ἡμῖν
813 1924 1437 2011 χριστιανικωτάτου
1483 1932 1800 2007 ποιμνίου
1830 1925 1907 1991 τὸ
1949 1930 2069 1992 τοῦ
2117 1922 2312 2012 ὅρκου
2358 1921 2556 2013 ἄγος

168 2028 764 2111 ἐμπολιτεύεσθαι.
856 2029 916 2094 εἰ
978 2026 1098 2113 γὰρ
1164 2022 1200 2091 ό
1255 2025 1888 2112 μεγαλοφωνότατος
1953 2026 2301 2114 προφήτης
2364 2032 2514 2116 βοᾷ,

168 2128 864 2216 ἓξολεθρευθήσονται
893 2129 957 2195 οἱ
987 2131 1337 2206 ποιοῦντες
1373 2125 1680 2193 τὸν·λαόν
1709 2151 1840 2209 μου
1870 2128 1936 2194 ἐν
1969 2129 2189 2212 λόγοις
2219 2125 2516 2215 ἁμαρτά-

164 2252 336 2297 νειν·
384 2231 703 2322 πόσῳγε
743 2232 993 2313 μᾶλλον
1030 2230 1097 2296 ἐν
1144 2226 1349 2316 ὅρκῳ,·
1396 2229 1541 2296 ἐπεὶ
1575 2230 1683 2295 καὶ
1730 2221 1929 2307 αὐτὸς
1974 2224 2009 2293 ὁ
2050 2233 2331 2317 μωσῆς
2371 2240 2517 2309 τοῖς

166 2326 464 2415 ἆκριβῶς
518 2330 638 2410 τὰς
690 2339 889 2411 θείας
946 2332 1258 2398 ἐθέλουσι
1312 2330 1572 2419 γραφὰς
1629 2331 1893 2415 ἐρευνᾶν
1938 2323 2319 2416 ἀναφανδὸν
2362 2335 2511 2421 βοᾷ,

166 2427 582 2517 ἀποτρέπων
622 2432 737 2500 τὸν
784 2431 1007 2519 ὅρκον·
1062 2428 1177 2500 οὐκ
1221 2428 1570 2517 ὂμνεῒσθε,
1617 2432 1739 2519 γάρ
1785 2456 1981 2520 φησι,
2029 2430 2105 2499 τὸ
2151 2428 2361 2518 ὄνομα
2404 2460 2516 2501 κυ-

167 2542 319 2619 ρίου
362 2537 485 2599 τοῦ
529 2539 697 2602 θεοῦ
742 2530 923 2618 ὑμῶν
969 2534 1081 2603 ἐπὶ
1124 2542 1404 2621 ματαίῳ.
1497 2534 1566 2600 αἱ
1611 2524 1725 2600 οὖν
1769 2535 2017 2618 κόσμου
2051 2533 2287 2600 τούτου
2319 2558 2517 2619 στρο-

170 2635 301 2723 φαὶ
366 2633 483 2700 καὶ
545 2639 678 2701 τῶν
742 2636 1145 2721 πραγμάτιον
1211 2637 1585 2721 συμπλοκαὶ
1654 2631 1755 2702 ἐπ’
1819 2631 2023 2722 ἀδίκῳ
2080 2634 2349 2715 πάντως
2405 2638 2513 2703 καὶ

170 2743 441 2822 ματαίῳ
489 2735 634 2816 εἰσὶ,
680 2735 847 2804 κατὰ
889 2736 1003 2803 τὸν
1036 2737 1312 2805 εἰπόντα
1342 2737 1555 2824 σοφὸν
1599 2739 2121 2821 σολομῶντα·
2166 2736 2251 2805 τὰ
2294 2737 2515 2805 πάντα

172 2836 563 2924 ματαιότης.
648 2834 806 2925 ἡμῖν
852 2840 942 2919 δὲ,
990 2834 1090 2917 οἷς
1135 2839 1407 2906 ε’παθλα
1458 2838 1806 2925 πρόκειται
1851 2832 2274 2923 εὖαγγελικῶς
2317 2841 2518 2906 πολι-

174 2943 561 3022 τευομένοις
610 2934 650 3025 ἦ
705 2943 836 3005 τῶν
891 2934 1184 3025 οὐρανῶν
1241 2941 1549 3025 βασιλεία
1603 2937 1713 3004 καὶ
1767 2934 1807 3023 ἡ
1850 2962 1971 3022 μετ
2036 2935 2322 3024 ἀγγέλων
2369 2941 2516 3007 δια-

178 3040 373 3126 γωγή,
422 3035 676 3125 ὑψηλαὶ
723 3040 985 3119 εἰκότως
1026 3040 1137 3107 καὶ
1181 3042 1251 3108 αἱ
1282 3046 1700 3123 νομοθεσίαι.

354 3139 435 3212 α’.
527 3135 634 3207 Δι’
699 3138 734 3204 ὃ
790 3143 1228 3226 θεσπίζομεν,
1286 3145 1513 3208 πᾶσαν
1571 3142 1752 3227 δίκην
1807 3141 1916 3205 καὶ
1974 3138 2356 3223 συμπλοκὴν
2402 3139 2515 3206 διὰ

182 3242 533 3325 μαρτύρων
592 3244 906 3329 λυομένην
965 3243 1304 3330 ἐγγράφως
1351 3269 1424 3310 τε
1480 3245 1587 3309 καὶ
1647 3238 1989 3364 &79:72wa
2049 3242 2517 3324 περατοῦσθαι

186 3337 272 3421 ὥς
312 3370 349 3408 v
326 3339 788 3409 επ·οτέτακται
836 3343 949 3409 ἐπὶ
976 3347 1096 3427 μὲν
1123 3349 1238 3429 τῆς
1263 3339 1673 3430 βασιλίδοςζ
1639 3347 1822 3431 ημῶν
1853 3341 2115 3421 πόλεως
2141 3346 2512 3428 μνηστείας,

184 3448 520 3530 προικῷα,
579 3444 1042 3531 ἔμφυτευτικὰ,
1091 3446 1550 3532 ἒμπερίγραφα
1595 3455 1916 3525 παντοῖα,
1975 3439 2360 3529 αναγραφὰς
2404 3435 2517 3525 69-

185 3549 480 3631 φανικῶν
510 3544 935 3630 πραγμάτων,
963 3545 1285 3633 σύμφωνα
1316 3544 1415 3633 ἐφ’
1452 3547 1704 3634 ἑκάστῳ
1735 3545 2093 3633 πράγματι,
2128 3542 2490 3622 διαλύσεις
2492 3593 2511 3622 ,

186 3646 450 3733 δωρεὰς,
501 3645 804 3732 πράσεις,
853 3641 1238 3733 άγορασίας,
1287 3649 1547 3730 δάνεια,
1594 3646 2025 3735 παραθήκας,
2076 3646 2402 3732 διαθήκας
2443 3669 2517 3710 τε

184 3751 281 3815 καὶ
342 3749 765 3835 ἐλευθερίας,
823 3750 930 3815 καὶ
988 3749 1052 3816 εἲ
1101 3775 1168 3814 τι
1223 3746 1382 3816 ἄλλο
1440 3747 1923 3835 παρατυγχάνει
1985 3746 2247 3823 τούτοις
2302 3744 2516 3821 ἐοικὸς

183 3851 561 3939 κεφάλαιον,
608 3851 1165 3938 προσκληθέντων
1209 3851 1379 3917 ἑπτὰ
1421 3845 1464 3939 ἢ
1506 3856 1703 3916 πέντε
1750 3848 1886 3923 (ἐπὶ
1920 3849 1990 3913 δὲ
2022 3848 2361 3932 διαθηκῶν
2404 3844 2514 3910 καὶ

183 3948 579 4039 ἒλευθεριῶν
644 3955 754 4018 καὶ
818 3951 1037 4036 μόνων
1098 3954 1207 4020 καὶ
1274 3953 1398 4031 ἕως
1459 3954 1591 4016 τῶν
1646 3951 1870 4033 τριῶν)
1930 3946 2274 4032 μαρτύρων
2332 3942 2514 4027 ἀξιο-

306 4191 327 4219 ²
359 4194 564 4244 Leuncl.
602 4183 829 4259 ὄμῶσαι
861 4193 1042 4243 scribit.
1178 4190 1197 4218 ³
1232 4191 1479 4254 Legerim:
1521 4184 1613 4239 διὰ
1650 4182 1711 4238 τὸ
1749 4179 1911 4259 ὅρκῳ.
2071 4184 2092 4213 ⁴
2127 4187 2331 4238 Verbum
2369 4180 2508 4235 διαλ.

176 4276 222 4324 in
252 4277 383 4342 Lips.
422 4279 544 4329 Cod.
582 4277 738 4327 deest.
