2900 4950
1035 234 1152 298 imp.
1189 232 1434 284 memus
1472 235 1754 298 ranfflnogi.
2417 228 2558 290 ‘579

211 394 349 446 octo
393 382 633 446 Nobiles
671 392 736 445 et
779 383 1106 448 Commune
1147 384 1410 458 ianuae,
1456 395 1522 447 ut
1563 385 1927 466 adimpleant
1963 386 2105 458 ista,
2151 399 2210 450 et
2250 409 2360 469 per
2395 391 2560 471 jua-

213 495 481 548 mentum
527 486 881 548 confirment
920 495 980 547 et
1021 485 1315 547 ratiflcent
1356 485 1760 566 infrascripta:

388 585 666 666 lnprimis
722 585 877 665 quod
926 586 1249 648 Commune
1291 586 1520 650 «ianuae
1576 587 1813 650 habebit
1857 589 1930 649 de
1974 601 2207 652 caetero
2251 611 2455 671 pacem
2496 603 2559 657 et

209 706 474 749 autorem
533 695 882 766 perpetuum
936 706 1070 748 cum
1113 687 1367 766 Imperio
1423 697 1626 752 nostro
1681 707 1749 750 ac
1793 692 2237 754 successorihus
2278 692 2439 773 ejus,
2500 705 2559 757 et

212 809 336 852 non
383 788 552 850 saciet
597 806 823 867 pacem,
871 796 1131 867 treugam
1177 805 1290 848 nec
1334 790 1708 850 concordiam
1753 809 1887 852 cum
1923 793 2336 855 communibus
2363 796 2559 858 inimi·-

211 892 302 953 eis
348 899 583 952 nostrae
629 888 1000 950 communiae
1041 889 1276 950 Venetis
1321 890 1452 951 sine
1495 890 1737 953 scientia
1785 901 1844 953 et
1888 893 2181 954 voluntate
2227 897 2411 957 nostri
2443 896 2558 959 lm·

210 992 393 1072 perii,
447 991 600 1052 sicut
644 989 960 1070 Imperium
1006 999 1272 1052 nostrum
1317 978 1554 1052 tenetur
1598 1011 1717 1060 non
1762 995 1953 1055 facere
1996 1003 2292 1073 treugam,
2350 1016 2557 1077 pacem

143 1158 164 1175 l
210 1110 407 1170 neque
461 1090 838 1152 concordiam
892 1110 1026 1152 cum
1082 1092 1495 1154 communibus
1551 1092 1805 1154 inimicis
1862 1095 2078 1156 nostris
2136 1096 2372 1159 Venetis
2425 1099 2556 1162 sinc
2630 1155 2638 1180 ,

210 1192 509 1254 voluntate
553 1199 612 1252 et
655 1192 1011 1253 conscientia
1059 1191 1195 1256 dicti
1243 1192 1585 1254 Connnunis
1626 1194 2033 1256 Januensium.

386 1293 527 1355 item
574 1293 731 1371 quod
778 1291 1113 1364 salvabunt,
1149 1293 1487 1356 custodient
1528 1301 1589 1354 et
1633 1295 1954 1358 ‹lesendeat
1997 1296 2057 1356 in
2099 1297 2287 1360 Janua
2334 1308 2393 1360 et
2436 1301 2556 1362 dis-

211 1395 386 1456 trictu
436 1394 681 1466 «lanuae,
729 1407 902 1472 quem
949 1393 1166 1466 habent
1208 1405 1268 1454 et
1310 1395 1384 1455 de
1428 1405 1660 1455 caetero
1705 1396 2107 1475 adquisierint,
2155 1417 2365 1460 omnes
2404 1420 2558 1461 nun-

216 1497 331 1557 tios
375 1505 433 1556 et
478 1494 680 1555 fideles
725 1494 996 1555 homines
1040 1494 1224 1554 nostri
1273 1494 1527 1573 Imperii,
2482 1491 2487 1494 ’

387 1596 530 1656 ltem
574 1595 730 1674 quod
776 1613 983 1656 omnes
1026 1594 1415 1657 mercationes
1460 1606 1512 1657 et
1560 1615 1769 1682 omnes
1813 1605 1873 1657 et
1900 1595 2135 1676 singuli,
2180 1600 2278 1678 qui
2312 1613 2452 1663 sunt
2481 1601 2555 1663 de

210 1708 366 1758 terra
413 1695 600 1758 inosti-i
644 1691 914 1774 lmperii‚
971 1696 1200 1774 possint
1244 1697 1332 1756 ire
1369 1696 1619 1758 Januam
1677 1705 1737 1758 et
1792 1699 1983 1758 facere
2030 1701 2440 1771 mercantiam,
2497 1713 2557 1766 et

211 1808 400 1859 totum
444 1795 769 1857 districtum
816 1795 965 1876 ejuS,
1011 1814 1184 1875 quem
1231 1796 1410 1857 habet
1450 1805 1507 1858 et
1552 1797 1626 1857 de
1669 1806 1902 1858 caetero
1946 1800 2309 1879 adquisierit,
2355 1813 2416 1864 et
2456 1821 2556 1864 ex-

210 1900 450 1962 trahere
493 1898 566 1957 de
600 1893 790 1960 Janua
835 1905 894 1958 ct
937 1896 1204 1958 districtu
1248 1895 1378 1976 ejus
1421 1897 1497 1958 de
1541 1897 1815 1958 omnibus
1860 1900 2316 1964 mercationibus
2358 1912 2422 1964 et
2461 1922 2557 1964 ar·

211 1999 325 2061 mis
370 2007 428 2059 et
471 1997 639 2077 equis
683 1997 865 2059 libere
898 1997 1041 2076 ⁸sine
1082 1996 1276 2075 aliqua
1322 1997 1510 2060 (latita
1555 1996 1643 2056 vel
1688 2000 2068 2074 commercio,
2128 2011 2185 2063 et
2231 2003 2389 2081 quod
2434 2004 2555 2065 sint

210 2099 380 2162 liberi
425 2108 482 2161 et
526 2098 750 2166 franchi
779 2098 854 2158 in
884 2098 1071 2159 Janua
1117 2107 1177 2158 et
1221 2097 1487 2159 districtu
1531 2095 1679 2178 ejus,
1727 2117 1901 2177 quem
1946 2100 2126 2162 habet
2167 2111 2231 2163 et
2257 2103 2551 2182 adquisie-

210 2202 305 2275 rit,
351 2201 548 2261 eundo
591 2210 651 2262 et
693 2200 1015 2274 redeundo,
1061 2208 1119 2259 et
1163 2199 1318 2278 quod
1364 2199 1647 2260 custodiri
1691 2200 1944 2262 debeant
1986 2202 2115 2262 sani
2160 2211 2220 2262 et
2262 2204 2550 2282 naufragi.

385 2301 586 2364 ltem¹⁰
629 2300 786 2380 quod
831 2318 952 2360 non
998 2299 1339 2378 permittent
1380 2299 1634 2379 aliquam
1680 2309 1961 2362 armatam
1992 2302 2119 2362 fieri
2152 2303 2210 2363 in
2236 2303 2429 2366 Janua
2461 2304 2550 2366 vel

211 2404 480 2468 districtu
521 2402 650 2482 ejus
695 2399 893 2462 habito
939 2400 1025 2461 vel
1070 2400 1342 2462 habendo
1388 2419 1496 2481 per
1538 2399 1765 2481 aliquos
1792 2402 2065 2464 inimicos
2096 2403 2331 2484 Imperii
2364 2406 2569 2489 nostri*

211 2517 274 2568 et
314 2525 423 2585 per
463 2505 693 2584 aliquos
736 2502 882 2564 alios
920 2512 1121 2564 contra
1169 2503 1385 2565 dictum
1431 2502 1751 2582 Imperium
1796 2502 2132 2583 vetgeutes
2177 2525 2283 2567 seu
2327 2507 2550 2575 insulas

213 2607 454 2686 Imperii
495 2604 702 2667 nostri.
1954 2658 1957 2665 .

383 2709 525 2768 ltem
568 2705 725 2784 quod
773 2723 979 2765 omnes
1018 2703 1351 2765 Januenses
1395 2713 1454 2765 et
1497 2705 1571 2766 de
1615 2705 1881 2767 districtu
1921 2704 2165 2779 Januae,
2210 2708 2311 2786 qui
2355 2708 2556 2768 volue-

209 2809 334 2869 rint
389 2806 586 2867 venire
641 2805 699 2863 in
755 2803 1053 2865 servitium
1101 2803 1286 2864 nostri
1331 2802 1599 2881 Imperii,
1659 2806 1890 2882 possint
1929 2807 2127 2867 venire
2170 2826 2303 2869 cum
2347 2806 2548 2887 galeis,

159 2931 176 2947 ·
214 2906 414 2977 armis,
461 2903 702 2965 navibus
736 2913 806 2980 “et
848 2902 1036 2981 cquis,
1082 2913 1142 2965 et
1188 2903 1342 2980 quod
1391 2903 1609 2964 dictum
1656 2904 1998 2979 Commune,
2045 2906 2310 2967 Potestas
2354 2914 2414 2968 et
2444 2910 2552 2968 Ca·

213 3007 485 3089 pitaneus
530 3022 647 3064 non
695 3003 925 3083 possint
967 3003 1129 3082 ipsos
1175 3002 1457 3064 detinere.
1572 2988 1586 3000 ’

385 3106 528 3166 Item
575 3104 730 3184 quod
778 3122 984 3164 omnes
1011 3102 1344 3175 Januenses
1388 3113 1447 3165 et
1492 3104 1566 3163 de
1611 3103 1876 3165 districtu
1921 3114 1981 3164 et
2022 3105 2121 3182 qui
2152 3123 2261 3184 pro
2289 3104 2552 3166 Januen-

214 3209 377 3275 sibus
422 3226 485 3268 se
530 3204 941 3285 appellabunt,
999 3202 1096 3283 qui
1145 3201 1362 3264 fuerint
1404 3203 1465 3263 in
1510 3203 1764 3283 Imperio
1810 3214 2043 3279 nostro,
2093 3215 2153 3266 et
2194 3204 2554 3284 adjuvabunt

213 3310 285 3372 ad
331 3306 766 3371 defendendum
812 3313 871 3366 et
913 3304 1229 3367 defendent
1277 3313 1491 3365 terram
1528 3305 1709 3365 nostri
1744 3304 1975 3382 Imperii
2009 3314 2063 3365 et
2096 3303 2369 3367 homines
2395 3305 2550 3368 bona

216 3412 360 3475 fide:
410 3427 529 3469 non
576 3417 771 3469 tamen
817 3405 1048 3484 possint
1090 3414 1404 3485 propterea
1451 3403 1705 3466 detineri
1748 3405 2138 3484 personaliter
2181 3405 2269 3466 vel
2298 3405 2550 3479 realiter,
2652 3436 2667 3445 -

215 3511 354 3592 quin
401 3526 638 3589 semper
679 3509 750 3567 ad
797 3525 1001 3568 eorum
1048 3506 1404 3569 voluntatem
1460 3508 1534 3568 de
1581 3516 1783 3568 nostro
1824 3505 2079 3585 Imperio
2124 3507 2282 3569 exire
2325 3509 2555 3588 possint

216 3623 276 3674 et
316 3611 592 3675 recedere
636 3608 1026 3688 personaliter
1068 3618 1128 3670 et
1168 3607 1422 3671 realiter.

381 3712 526 3773 ltem
559 3710 730 3788 -quod
776 3710 826 3770 si
871 3709 1061 3787 aliqua
1109 3709 1270 3770 navis
1302 3718 1693 3770 mercatorum
1720 3708 2109 3771 Januensium
2138 3708 2401 3769 fueritin
2438 3709 2554 3773 lin-

217 3814 380 3892 perio
424 3821 648 3883 nostro,
693 3820 754 3871 et
797 3809 1258 3871 tuncacciderit
1300 3810 1511 3887 quod¹⁷
1558 3808 1743 3873 stolus
1789 3808 2133 3870 Pisandrum
2178 3809 2266 3869 vel
2304 3809 2553 3870 Veneto-

217 3933 352 3977 rum
400 3913 489 3973 vel
531 3911 810 3984 aliorum,
870 3909 972 3989 qui
1016 3908 1236 3970 habent
1275 3927 1549 3987 guerram
1594 3928 1726 3971 cum
1773 3908 2025 3988 Imperio
2071 3918 2294 3983 nostre,
2341 3919 2403 3971 et
2444 3911 2553 3971 Ca-

220 4015 488 4093 pitaneus
531 4031 636 4075 seu
681 4011 874 4072 Ducas
918 4009 1006 4073 vel
1053 4010 1417 4072 Castettanus
1464 4009 1609 4083 loci,
1663 4008 1760 4070 ubi
1800 4009 1924 4087 jam
1971 4009 2123 4071 dicta
2168 4009 2331 4071 navis
2374 4021 2565 4084 esset,-

349 4260 390 4289 ’ὓ
425 4263 675 4327 Ducangez
711 4269 795 4315 ito.
933 4261 967 4289 ¹²
1004 4265 1136 4321 Quod
1173 4262 1431 4312 delendum
1471 4274 1579 4310 esse
1613 4261 1823 4323 videtur,
1861 4261 1953 4310 nisi
1988 4261 2181 4310 verbum
2216 4265 2447 4313 advenerit
2483 4264 2553 4312 vel

217 4347 452 4413 ejusmodi
490 4349 604 4411 quid
642 4350 882 4399 exciderit.

2032 4428 2140 4478 37*
