2900 4950
378 179 461 241 98
1273 190 1390 240 eon.
1427 190 1485 239 n.
1556 189 1669 239 Nov.
1706 188 1820 238 xxi.

1368 405 1541 467 Nov,
1585 405 1735 466 XXI.

474 528 547 589 Ut
589 526 929 588 observetur
972 523 1286 604 promissio
1331 522 1486 584 dotis
1528 531 1629 584 aut
1671 541 1740 583 ex
1784 521 2046 601 paternis
2090 530 2192 583 aut
2233 541 2307 584 ex
2351 524 2641 585 maternis

1332 623 1507 684 bonis
1550 621 1752 683 faota¹.

1198 807 1704 886 ΔΙΑΤΛΞΙΣ
1743 798 1884 878 κα’.

385 943 574 1038 Περὶ
642 950 778 1016 τοῦ
846 937 1364 1038 φυλάττεσθαι
1429 939 1568 1033 τὴν
1632 938 2076 1038 ἐπαγγελίαν
2139 946 2270 1033 τῆς
2318 938 2620 1034 προικὸς
2663 935 2746 1035 ἢ

781 1062 861 1132 ἐκ
911 1054 1264 1154 πατρῴας
1311 1053 1360 1152 ἢ
1413 1052 1766 1152 μητρῴας
1817 1055 2240 1153 περιουσίας
2264 1062 2316 1129 2.

422 1223 480 1274 Ὁ
518 1203 727 1281 αὑτὸς·
759 1223 1092 1291 βασιλεὺς
1126 1223 1397 1291 στυλιανῷ
1433 1224 1511 1291 τῷ
1546 1219 1978 1292 ὑπερφυεστάτῳ
2012 1220 2305 1292 μαγίστρῳ
2341 1225 2456 1275 τῶν
2489 1222 2674 1275 θείων

1391 1301 1698 1375 ὂφφικίων.

530 1405 785 1493 (Ὠσπερ
833 1406 946 1473 ἐπὶ
991 1410 1124 1473 τῶν
1169 1408 1589 1491 πλαστίγγων
1622 1403 1894 1493 ὁρῶμεν,
1944 1402 2102 1472 ὅταν
2133 1400 2284 1472 οὐδὲ
2313 1407 2479 1474 κατὰ
2504 1408 2732 1494 βραχὺ

377 1508 778 1594 τυγχάνωσιν
827 1508 1300 1594 ἑτεροῤῥεπεῒς,
1346 1505 1498 1574 τότε
1528 1505 1699 1592 πρὸς
1727 1507 1842 1594 τὴν
1872 1510 2002 1573 τῶν
2036 1513 2536 1592 σταθμωμένων
2568 1508 2735 1575 διά,-

377 1634 592 1693 κρισιν
649 1610 1064 1694 ἐπιτηδείους
1120 1605 1325 1685 οὔσας
1378 1605 2062 1692 παραλαμβάνεσθαι,
2130 1605 2301 1674 οὕτω
2359 1610 2468 1674 καὶ
2511 1608 2733 1692 νόμον

380 1706 491 1777 ὅτε
543 1709 709 1795 μηδὲ
766 1707 966 1793 βραχὺ
1027 1712 1445 1793 παρατρέπει
1498 1707 1575 1773 τὸ
1633 1709 1918 1790 δίκαιον,
1976 1708 2127 1776 τότε
2171 1708 2340 1795 πρὸς
2386 1709 2733 1796 διαίτησιν

376 1813 509 1877 τῶν
555 1807 960 1894 πραγμάτων
1007 1807 1165 1875 ὄντα
1208 1813 1662 1894 προέρχεσθαι
1706 1806 1919 1890 ἄξιον·
1981 1811 2052 1875 αἱ
2092 1812 2213 1895 μὲν
2255 1810 2377 1896 γὰρ
2422 1809 2500 1876 τὸ
2543 1811 2729 1893 ἰ’σον,

381 1907 417 1977 ὃ
464 1911 534 1976 δὲ
577 1909 655 1976 τὸ
701 1911 956 1976 δίκαιον
1002 1903 1285 1995 ἆῤῥεπὲς
1330 1904 1679 1995 ὀφείλουσι
1725 1910 2088 1992 διασώζειν.
2163 1917 2230 1977 τί
2271 1914 2467 1978 τοῦτο
2513 1911 2728 2000 ἔφηνς

381 2010 449 2078 ἓν
492 2021 635 2090 τοῖς
677 2010 903 2089 κώδιξι
950 2009 1246 2089 διάταξις
1290 2005 1797 2095 ἀναγέγραπται,
1843 2010 1883 2099 ἢ
1927 2011 2082 2090 τοὺς
2123 2011 2294 2096 πρὸς
2322 2011 2531 2097 γάμον
2562 2037 2732 2080 συν-

380 2111 715 2189 άπτοντας
770 2116 962 2176 τέκνα
1015 2116 1246 2196 γονέας
1296 2110 1414 2188 τὰς
1472 2106 1892 2193 ὑποσχέσεις,
1957 2108 2113 2179 ὅσαι
2170 2117 2451 2199 προῖκας
2494 2109 2537 2203 ἢ
2579 2116 2731 2200 πρὸ

376 2212 589 2298 γάμου
635 2210 886 2294 δωρεὰς
931 2211 1319 2289 ἐκτελοῦσιν,
1367 2206 1784 2279 ἀπαιτοῦσα3
1829 2207 1942 2280 οὐκ
1989 2208 2119 2280 οἶδ’
2174 2209 2247 2279 ὅν
2280 2211 2430 2280 τινα
2460 2215 2726 2301 τρόπον

381 2311 577 2398 φύρει
611 2309 690 2376 τό
723 2311 994 2377 δίκαιον.
1040 2310 1352 2396 βούλεται
1379 2310 1502 2396 γὰρ
1533 2320 2116 2400 καθυπεσχημένον
2148 2315 2438 2401 παιδίῳ*
2468 2322 2727 2402 προῖκα

378 2405 423 2498 ἢ
463 2409 598 2497 πρὸ
641 2410 853 2497 γάμου
901 2411 1151 2498 δωρεὰν
1193 2411 1309 2478 τὸν
1353 2417 1641 2497 πατέρα,
1710 2408 2105 2500 ἀδιορίστως
2145 2417 2265 2499 μὲν
2310 2415 2547 2504 ταύτην
2593 2443 2725 2485 πε-

377 2518 773 2600 ποιημένον,
833 2516 1059 2579 πᾶσαν
1119 2512 1188 2580 ἐκ
1230 2516 1362 2580 τῶν
1407 2513 1665 2580 οἰκείων
1709 2518 2001 2603 πληροῦν
2045 2516 2161 2603 τὴν
2204 2513 2562 2599 ὑπόσχεσιν
2605 2524 2723 2585 καὶ

380 2614 449 2681 ἐκ
502 2619 620 2701 τῆς
676 2608 879 2679 αὑτοῦ
939 2612 1147 2700 μόνης
1216 2619 1605 2697 περιουσίας
1674 2610 1828 2701 ὅλην
1886 2611 2084 2704 αὐτὴν
2140 2618 2719 2703 καταβάλλεσθαι·

380 2713 842 2801 διορισάμενον
888 2716 960 2781 δὲ
1002 2717 1109 2780 καὶ
1158 2710 1368 2792 οὕτως
1413 2714 1689 2782 εἰπόντα
1733 2712 1824 2795 ὥς
1869 2717 1937 2783 ἕκ
1980 2744 2051 2785 τε
2080 2722 2210 2785 τῶν
2242 2712 2551 2803 ἐμῶν’καὶ
2581 2723 2719 2788 τῶν

376 2817 493 2880 τοῦ
538 2814 785 2895 παιδὸς
829 2814 912 2882 τὰ
952 2810 1414 2897 ὑποσχεθέντα
1459 2818 1745 2901 παρέξω,
1804 2812 2089 2902 ἀπορίας
2131 2820 2250 2902 μὲν
2320 2815 2517 2887 αὐτὸν
2559 2847 2719 2891 κατ-

380 2915 649 3002 εχούσης
690 2916 892 3002 μηδὲν
940 2915 1185 2982 ἐκεῖνον
1231 2915 1325 2994 εἰς
1366 2914 1483 3000 τὴν
1515 2912 1872 3001 ὑπόσχεσιν
1904 2920 2253 2998 συντελεῖν,
2300 2924 2417 2986 τοῦ
2451 2923 2522 2988 δὲ
2550 2946 2716 2988 παι-

381 3012 496 3093 δὸς
549 3015 753 3101 μόνην
807 3016 924 3102 τὴν
980 3012 1267 3099 ὕπαρξιν
1323 3015 1759 3104 ἐκπληροῦν
1732 3017 1775 3084 ά
1818 3014 2138 3102 ὑπέσχετο
2182 3025 2365 3108 κοινῇ
2412 3024 2716 3109 συμπλη-

380 3114 619 3200 ρώσειν
665 3111 700 3181 ὃ
745 3115 988 3203 γονεὺς,
1038 3111 1323 3201 εὐπόρου
1374 3117 1534 3199 [δὲ]5
1575 3120 1691 3184 τοῦ
1737 3118 1991 3242 πατρὸς
2036 3144 2225 3199 οντος
2266 3121 2343 3187 τὸ
2381 3116 2712 3190 ἀνάπαλιν

375 3221 719 3302 γίνεσθαι,
763 3216 970 3301 μόνου
1016 3211 1216 3283 αὐτοῦ
1263 3216 1331 3283 ἐκ
1373 3222 1506 3284 τῶν
1552 3219 1881 3286 οἰκείων
1855 3220 1898 3288 ἀ
1939 3217 2258 3305 ὑπέσχετο
2303 3223 2713 3309 πληροῦντος

376 3319 489 3382 καὶ
540 3320 656 3381 τοῦ
713 3316 961 3394 παιδὸς
1017 3312 1093 3382 οὗ
1137 3321 1640 3396 κοινωνοῦντος·
1700 3346 1820 3386 καν
1861 3322 1951 3410 μὴ
1996 3322 2199 3406 μόνος
2243 3317 2410 3389 ἀλλὰ
2455 3322 2572 3390 σὺν
2615 3329 2710 3412 τῷ

379 3415 574 3481 παιδὶ
619 3414 734 3501 τὴν
779 3410 1136 3496 ὑπόσχεσιν
1182 3416 1628 3502 ἔκπληρώσειν
1673 3418 2134 3507 ἐπηγγείλατο,
2181 3418 2300 3490 οὖκ
2341 3422 2531 3503 ἄξιον
2575 3426 2711 3493 οιέ-

378 3538 491 3579 ται
532 3512 646 3579 τὸν
691 3515 908 3579 παῖδα
951 3521 1257 3600 παρέχειν
1290 3516 1403 3583 διὰ
1430 3518 1508 3583 τὸ
1535 3518 1626 3606 μὴ
1656 3524 1762 3587 καὶ
1796 3518 1993 3589 αὐτὸν
2024 3520 2468 3608 ὑποσχέσθαι.
2513 3529 2707 3592 τοῦτο

514 3767 527 3795 “
565 3769 661 3819 Eoi.
698 3769 808 3819 Nov.
852 3769 927 3820 13.
999 3772 1157 3820 Hann-
1195 3773 1264 3835 w,
1306 3775 1384 3836 10,
1421 3774 1503 3826 30.
1673 3775 1694 3804 ²
1742 3779 1793 3828 In
1832 3780 2022 3830 Meet-m.
2061 3789 2109 3830 et
2141 3782 2309 3831 Zuich.
2350 3783 2587 3833 scholium
2622 3785 2702 3832 ed-

373 3855 555 3917 jectnm
604 3862 705 3904 est:
757 3846 889 3915 αὕτη
938 3846 1204 3922 ἀνῄρηται
1249 3852 1389 3907 διάτ.
1443 3853 1491 3917 ζ’
1543 3859 1638 3909 τοῦ
1686 3855 1759 3909 ια’
1807 3859 1874 3910 τί.
1927 3862 2026 3912 τοῦ
2061 3860 2104 3912 ε’
2136 3867 2208 3928 ,Bt-
2257 3864 2352 3913 τοῦ
2386 3862 2541 3923 κώδη
2593 3866 2701 3916 τῶν

377 3933 552 3999 βασιλ.
603 3939 675 4000 βι.
726 3934 815 3987 κθ’
862 3934 930 3987 τί.
990 3932 1040 3987 α’
1074 3954 1198 4008 κεφ.
1248 3933 1342 3989 πα’
1391 3944 1458 4003 (in
1497 3944 1608 3995 edit.
1648 3946 1831 3996 Heimb.
1870 3963 1910 3996 c.
1935 3948 2037 4006 87).
2109 3949 2275 3998 Zuich.
2326 3950 2500 4000 deinde
2536 3950 2693 4000 addit.

380 4033 513 4078 αυτη
549 4021 747 4086 κρατεῖ.
900 4019 919 4048 ³
954 4022 1152 4086 Scrimg.
1190 4016 1314 4074 οσαι
1349 4022 1574 4092 προικὸς
1608 4020 1640 4088 ἢ
1676 4022 1782 4094 πρὸ
1819 4024 2002 4096 γάμου
2039 4029 2248 4099 δωρεᾶς
2281 4027 2510 4083 ἐκτελεῖν
2544 4021 2701 4083 ουσιν

380 4093 712 4153 ἂπαιτοῦσαι
770 4106 950 4165 (Zuich.
1000 4116 1049 4157 et
1094 4108 1283 4160 Meet-m.
1330 4102 1676 4170 ἀπαιτοῦσα).
1752 4114 1916 4175 steph.
1969 4118 2234 4168 emendavit
2293 4112 2516 4172 ἐκτελεῖς
2564 4112 2699 4167 εἰσὶν

381 4175 704 4234 ἀπαιτοῦσα.
879 4187 900 4214 ⁴
949 4190 1098 4239 codd.
1143 4190 1546 4259 κατεσχημένον
1591 4190 1827 4243 παιδίον.
1905 4201 2070 4265 Stepb.
2106 4194 2498 4269 ὑπεσχημένον.
2572 4205 2695 4269 Agyl.

379 4261 563 4335 ὑπεσχ.
606 4262 738 4336 ὑπὲρ
774 4267 1027 4321 παιδιων.
1168 4272 1189 4302 ⁸
1228 4276 1295 4326 Ex
1330 4277 1608 4341 conjectura
1641 4280 1818 4332 addere
1853 4283 2002 4333 visum
2039 4294 2127 4335 est.
