2900 4950
412 253 537 314 526
1218 262 1337 312 eon.
1374 263 1446 312 W.
1517 262 1629 312 Νον.
1668 263 1938 313 Lxxxvm.

411 419 687 479 Greciam
744 427 801 476 et
859 414 1280 494 Peloponisum
1323 425 1500 486 sunt,
1559 426 1614 477 et
1669 415 1906 476 insulas
1964 425 2168 475 terras
2225 413 2480 493 Imperii
2529 420 2773 487 nostri,

412 539 521 598 que
586 522 746 579 circa
813 518 1041 577 easdem
1111 527 1313 577 terras
1381 526 1555 590 suut,
1626 516 1764 577 dum
1820 515 2157 576 sublimitas
2221 528 2439 578 nostra
2506 528 2776 577 vacaret

414 623 790 699 susceptioni
829 631 883 679 et
930 620 1179 679 ducatui
1220 634 1459 688 earum,
1505 636 1616 696 que
1653 617 1842 695 paulo
1888 627 2028 677 ante
2065 634 2182 696 per
2228 628 2457 677 terram
2503 616 2778 696 Imperii

410 725 615 782 nostri
669 724 1081 787 transierunt,
1151 718 1678 778 innumerabilium
1734 719 2208 796 expeditionum,
2278 717 2771 779 Alemannorum

411 821 684 883 videlicet
730 833 782 882 et
830 818 1280 888 franchorum,
1335 829 1396 881 et
1434 817 1762 898 paratum*
1805 837 1937 879 cum
1978 822 2128 897 ipsis
2171 829 2331 879 esset
2375 829 2601 880 contra
2644 823 2769 879 im-

406 927 542 1003 pios
602 926 908 999 Ayarenos
963 922 1044 982 ad
1102 921 1537 998 expeditionem
1590 920 1935 997 faciendum
1984 938 2133 997 per-
2166 919 2335 980 stolii
2385 923 2763 990 missionem,

411 1023 713 1099 ejusmodi
753 1027 1053 1100 re92'onem
1100 1019 1474 1081 celsitudinis
1522 1033 1747 1090 nostre,
1798 1022 2122 1081 secundum
2168 1022 2324 1101 quod
2370 1025 2425 1081 ei
2458 1022 2765 1100 possibile

410 1126 554 1203 fuit,
602 1122 1000 1203 depopulatus
1046 1133 1167 1196 est‚·
1214 1140 1457 1201 cumque
1503 1101 1660 1202 quod
1687 1122 1917 1197 sactum
1950 1132 2039 1182 est
2069 1123 2148 1183 ad
2184 1123 2611 1201 predictorum
2652 1122 2801 1195 l'e-,

410 1231 748 1287 neticorum
792 1242 974 1284 aures
1016 1227 1412 1302 pervenisset,
1461 1225 1548 1282 ten·
1587 1222 1694 1283 hoc
1740 1236 2021 1301 tanquam
2059 1228 2389 1302 proprium
2424 1225 2761 1302 dampnum

411 1310 884 1407 reputaverunt,
943 1335 1000 1385 et
1055 1325 1374 1402 confestim
1430 1325 1508 1384 ad
1555 1334 1881 1402 aparatum
1926 1325 2316 1402 cooperandi,
2376 1335 2442 1384 ut
2487 1324 2550 1384 id
2596 1325 2761 1405 quod

410 1430 642 1508 sactum
687 1438 774 1487 est
808 1425 1140 1486 omnimode
1169 1426 1529 1494 vindicetur,
1577 1436 2108 1486 consurrexerunt
2139 1437 2192 1486 et
2229 1444 2405 1485 suum
2433 1430 2757 1487 servitium

404 1541 684 1609 prompte
745 1527 1086 1607 celsitudini
1137 1535 1347 1586 nostre
1404 1526 1884 1603 spoponderunt.
1974 1525 2174 1587 Porro
2245 1538 2301 1589 et
2354 1529 2419 1586 in
2478 1526 2753 1607 reliquas

410 1634 682 1706 reqiones
734 1626 983 1705 Imperii
1023 1630 1230 1687 nostri
1269 1629 1767 1697 transmiserunt,
1815 1637 2128 1705 quatenus,
2176 1632 2281 1708 qui
2318 1632 2758 1689 invenirentur

412 1734 810 1810 cumpatriote
855 1747 1085 1801 eorum,
1140 1731 1414 1788 venirent
1463 1737 1518 1787 et
1566 1730 1874 1789 servirent
1918 1738 1975 1788 et
2018 1732 2139 1808 ipsi
2178 1732 2241 1788 in
2286 1727 2589 1804 ejusmodi
2628 1728 2751 1789 Ro-

408 1836 605 1893 manie
663 1841 717 1891 et
774 1829 1023 1909 Imperii
1074 1833 1280 1889 nostri
1331 1831 1582 1888 servitio
1641 1846 1825 1906 usque
1883 1829 1961 1888 ad
2015 1829 2508 1909 complementum
2553 1834 2754 1890 tocius

408 1938 628 1994 mensis
677 1931 1038 2011 Septembris
1081 1929 1321 2007 suturi⁶
1366 1948 1499 1989 cum
1545 1930 1650 1989 deo
1696 1929 2042 1989 indictionis
2074 1931 2427 1991 duodecime.
2523 1933 2617 1991 Ad
2648 1950 2755 1991 re·-

407 2037 887 2096 munerationem
932 2037 1116 2111 iyitur
1164 2029 1513 2105 hujusmodi
1551 2047 1762 2089 eorum
1806 2034 2059 2101 servitii,
2106 2033 2262 2111 quod
2304 2044 2372 2093 ut
2408 2032 2633 2093 dictum
2664 2042 2751 2093 est

406 2141 612 2216 facere
650 2137 1093 2214 promiserunt,
1140 2135 1416 2212 quoniam
1461 2129 1753 2191 maiores⁷
1796 2134 1921 2191 vice
1964 2136 2267 2205 universe,
2315 2152 2425 2212 que
2448 2152 2568 2213 per
2600 2146 2753 2194 tem-

402 2257 566 2318 pora
624 2238 735 2298 huc
793 2239 984 2307 venit,
1056 2233 1463 2294 Veneticorum
1520 2230 1925 2294 multitudinis
1982 2235 2275 2311 adauyeri
2313 2236 2430 2295 sibi
2470 2247 2529 2297 et
2574 2254 2751 2295 umn-

410 2343 610 2402 siones
658 2349 712 2399 et
758 2336 1048 2397 embolum
1092 2345 1146 2395 et
1191 2334 1407 2406 scalas,
1454 2338 1519 2394 in
1550 2334 1760 2415 quibus
1794 2352 1974 2394 naves
2007 2353 2215 2395 eorum
2245 2338 2309 2396 in
2336 2346 2525 2414 portu
2557 2346 2748 2407 stant,

413 2440 833 2520 certificantes,
883 2456 946 2498 se
989 2454 1112 2497 uon
1155 2437 1448 2498 modicum
1496 2439 1832 2513 anqustari,
1879 2445 1937 2496 et
1981 2437 2135 2517 quod
2181 2454 2305 2498 non
2346 2440 2588 2517 possint
2634 2438 2749 2499 lu‘is

408 2543 576 2612 solis,
623 2559 731 2620 que
776 2542 922 2618 ipsis
970 2539 1113 2599 data
1158 2550 1301 2599 sunt
1345 2557 1384 2597 a
1428 2539 1592 2598 beate
1636 2541 1917 2597 memorie
1963 2538 2337 2617 Imperatore
2381 2550 2433 2599 et
2471 2557 2587 2599 avo
2620 2538 2745 2599 Im-

403 2645 570 2721 perii
609 2639 843 2700 nostri⁸
886 2642 949 2699 in
996 2638 1104 2699 bac
1147 2641 1454 2699 civitatum
1505 2636 1917 2718 Imperatrice,
1966 2644 2423 2700 contentiesse:
2472 2639 2749 2720 largitur

406 2748 492 2803 eis
540 2741 865 2820 Imperium
910 2749 1191 2801 nostrum
1227 2758 1343 2819 per
1392 2758 1650 2819 presens
1710 2739 2136 2818 chrysobulum
2181 2760 2356 2801 suum
2403 2760 2513 2819 que
2554 2747 2746 2820 petie-

408 2856 574 2914 runt,
625 2841 965 2903 habitacula
1010 2854 1063 2904 et
1108 2840 1300 2902 libera
1348 2841 1479 2902 loca
1521 2853 1580 2903 et
1624 2839 1955 2902 littoralem
1990 2841 2257 2915 scallam,
2305 2863 2415 2923 que
2460 2862 2747 2922 expresse

405 2945 785 3006 numeranda
831 2955 882 3005 et
929 2942 1243 3004 scribenda
1274 2954 1416 3003 suut
1448 2945 1513 3003 in
1545 2961 1633 3015 eo,
1680 2944 1835 3021 qnod
1866 2940 2116 3017 jussum
2154 2955 2239 3004 est
2267 2945 2424 3024 lieri,
2465 2949 2743 3024 practico

409 3047 757 3108 traditionis
815 3063 1026 3106 eorum
1083 3043 1423 3123 corporalis
1482 3045 1554 3104 ab
1613 3045 2038 3104 aedesimotato
2093 3044 2429 3124 Epiphanio
2484 3044 2742 3124 Tuylica‚

408 3148 743 3228 certificari
796 3147 1038 3208 debente
1085 3164 1202 3226 per
1258 3147 1837 3224 superscriptionem
1878 3144 2208 3222 familiaris
2263 3145 2517 3208 hominis
2568 3148 2745 3208 celsi-

406 3250 632 3312 tudinis
678 3259 888 3309 nostre
929 3246 1229 3307 Iohannis
1276 3245 1671 3324 Pepayomeni
1710 3257 1768 3307 ot
1811 3249 2009 3307 sterni
2048 3250 2110 3306 in
2143 3251 2427 3326 couqruis
2472 3253 2747 3318 secretis,

402 3355 468 3411 in
513 3351 726 3431 quibus
772 3361 826 3410 et
866 3367 1120 3428 presens
1165 3358 1376 3407 nostre
1423 3350 1769 3408 serenitatis
1831 3346 2258 3425 chrysobulum
2315 3351 2509 3409 sterni
2548 3348 2745 3422 debet,

404 3463 695 3532 quatenus
742 3463 798 3513 et
844 3450 943 3510 hec
991 3453 1319 3527 optineant,
1365 3451 1522 3510 sicut
1566 3457 1621 3507 et
1666 3466 1774 3527 que
1810 3454 1992 3526 prius
2025 3468 2061 3509 a
2092 3461 2325 3527 semper
2354 3452 2743 3513 memorando

402 3551 785 3630 Imperatore
827 3561 885 3610 et
930 3569 1042 3610 avo
1077 3548 1326 3628 Imperii
1352 3553 1560 3609 nostri
1601 3552 1680 3610 eis
1720 3550 1860 3610 data
1893 3562 2053 3621 sunt,
2103 3553 2336 3610 servire
2369 3551 2742 3626 debentibus,

401 3664 472 3715 ut
516 3656 798 3730 superius
841 3660 1250 3711 monstratum
1293 3662 1400 3711 est.
1490 3650 1930 3713 Determinatio
1978 3655 2166 3730 iqitur
2197 3670 2423 3724 eorum,
2472 3671 2583 3732 que
2622 3672 2746 3732 per

403 3752 830 3833 chrysobulum
867 3755 1173 3831 presentis
1219 3756 1439 3832 scripti
1479 3756 1560 3813 eis
1607 3750 1829 3812 collata
1874 3762 2036 3821 sunt,
2085 3751 2257 3813 habet
2300 3756 2420 3813 sic:

575 3853 795 3935 Incipit
861 3854 932 3914 ab
992 3858 1126 3932 ipsa
1179 3853 1370 3932 Viyla,
1439 3863 1495 3913 et
1547 3854 1823 3932 procedit
1882 3872 2097 3914 versus
2158 3857 2466 3915 orientem.
2563 3853 2745 3917 Tenet

404 3957 694 4018 embolum
740 3965 794 4016 et
840 3974 949 4035 que
994 3973 1209 4015 versus
1256 3958 1737 4032 septemtrionem
1793 3967 1849 4017 et
1906 3956 2211 4016 meridiem
2268 3967 2411 4016 sunt
2459 3974 2593 4016 cum
2636 3975 2746 4018 so·-

403 4056 580 4120 lariis
628 4056 988 4130 habitacula,
1036 4067 1089 4117 et
1128 4057 1406 4134 procedit
1447 4075 1636 4135 usque
1678 4057 1758 4117 ad
1798 4058 2098 4135 fornicem
2132 4054 2519 4132 conjunctum
2562 4077 2746 4120 muro

538 4285 558 4314 ⁶
593 4289 710 4339 Scit.
752 4290 1006 4352 tmperium
1045 4299 1276 4340 nostrum.
1391 4289 1413 4317 ⁶
1452 4292 1573 4352 Lege
1606 4298 1805 4355 [utun-ae.
1910 4289 1927 4317 ⁷
1965 4292 2064 4342 Lib.
2102 4301 2380 4355 pactorum:
2418 4310 2499 4357 per
2524 4297 2748 4356 mnjores.

406 4372 540 4421 Unde
577 4373 788 4422 editores
826 4374 1166 4436 conjecerunt:
1201 4378 1429 4438 petierunt
1466 4379 1680 4437 majores.
1819 4374 1841 4401 ⁸
1878 4377 1947 4426 Cf.
1985 4391 2129 4440 supra
2166 4378 2278 4427 Nov.
2314 4377 2466 4427 xxxt.
