2900 4950
1145 242 1262 304 imp.
1302 241 1443 290 Alexii
1484 243 1662 304 Augen.
2441 233 2563 292 565

227 408 372 450 auro
429 389 719 468 signatum
780 389 1188 468 chrysobolum
1245 391 1485 452 verbum
1534 392 1734 472 jubet:
1802 393 1940 453 nulli
2000 393 2058 453 in
2118 402 2233 454 tota
2282 395 2559 456 Romania

226 490 462 571 aliquod
508 490 831 551 dominium
878 492 1189 565 exercenti,
1236 492 1354 552 sive
1398 502 1635 571 praetor
1678 492 1965 571 provintie
2009 493 2111 565 sit,
2181 494 2300 555 sive
2343 496 2565 558 villicus

226 590 555 672 personalis
598 591 684 651 vel
731 592 1069 652 monasterii
1115 602 1215 653 aut
1259 593 1519 671 ipsorum
1565 594 1904 654 intimorum
1950 605 2329 672 cognatorum
2379 596 2567 676 Impe-

179 752 196 766 ,
228 692 300 752 rii
344 693 480 766 mei,
527 702 585 754 et
627 693 889 772 ipsorum
937 693 1110 755 etiam
1144 693 1611 755 felicissimorum
1644 704 2166 756 sevastocratorum
2199 706 2257 756 et
2288 697 2563 758 Cesarum

228 795 315 854 vel
373 794 716 855 dilectorum
777 795 1092 855 liberorum
1152 795 1386 874 Imperii
1447 796 1560 855 mei
1616 805 1716 855 aut
1773 796 1956 875 ipsius
2016 796 2393 859 dilectissime
2439 818 2565 859 mee

228 900 516 973 Auguste,
571 894 748 956 licere
807 896 923 957 ullo
981 897 1156 957 modo
1202 897 1260 956 in
1307 896 1714 956 veneticorum
1761 896 2167 958 defunctorum
2214 918 2310 960 res
2357 919 2567 961 manus

231 995 557 1068 inmittere,
616 1005 674 1057 et
728 997 944 1078 aliquid
1002 1017 1072 1058 ex
1118 998 1203 1059 eis
1248 1017 1435 1076 usque
1481 998 1552 1058 ad
1601 1016 1781 1057 unum
1828 997 2061 1059 obolum
2107 1000 2404 1080 accipere,
2461 1001 2566 1062 sed

229 1096 446 1157 intacta
490 1097 732 1159 omnino
775 1098 1070 1159 custodire
1113 1109 1230 1159 tam
1280 1119 1310 1158 a
1359 1118 1534 1159 manu
1581 1098 1810 1158 dimosii
1859 1118 2032 1178 quam
2079 1119 2109 1159 a
2158 1120 2333 1162 manu
2364 1121 2569 1181 perso-

231 1216 441 1257 narum
486 1206 546 1258 et
589 1196 1109 1273 monasteriorum,
1167 1201 1440 1279 potestati
1497 1200 1753 1261 defuncti
1822 1196 1919 1261 vel'
1952 1210 2394 1280 procuratorum
2439 1203 2568 1282 ejus

232 1300 353 1359 sive
398 1299 469 1358 ab
504 1299 779 1360 intestato
824 1300 1106 1361 heredum
1153 1302 1460 1361 custodita.
1551 1302 1713 1361 Scire
1759 1311 1951 1362 autem
1999 1310 2258 1382 oportet:
2306 1300 2420 1374 ille,
2469 1304 2566 1381 qui

233 1419 413 1460 ausus
458 1400 628 1460 suerit
673 1410 872 1461 contra
920 1420 1166 1480 presens
1211 1413 1551 1481 preceptum
1598 1400 1835 1481 Imperii
1881 1400 1991 1462 mei
2042 1404 2259 1477 facere,
2306 1404 2461 1483 quod
2508 1405 2569 1464 in

232 1500 622 1580 quadruplum
671 1502 874 1564 reddet
917 1503 1192 1567 ablatum.
1240 1513 1296 1563 et
1341 1522 1449 1582 per
1478 1512 1907 1583 competentem
1941 1504 2220 1583 punietur
2248 1505 2572 1583 correptio-

231 1620 390 1675 nem,
436 1611 577 1662 tunc
618 1603 705 1664 vie
749 1604 1040 1683 logotheta
1086 1603 1371 1665 existente
1414 1624 1521 1665 seu
1567 1623 1778 1684 magno
1823 1604 2132 1682 logariasta
2168 1604 2300 1666 talis
2331 1605 2570 1684 capituli

231 1703 484 1764 vindicte
528 1705 1004 1783 superinvigilare
1049 1705 1302 1775 debente
1344 1715 1404 1765 et
1447 1705 1772 1767 secundum
1803 1724 2052 1784 presens
2082 1715 2422 1785 preceptum
2457 1706 2572 1766 lm·

231 1805 377 1884 perii
427 1804 538 1864 mei
585 1805 894 1866 vindictam
937 1809 1144 1866 facere.

404 1906 615 1965 Omnia
675 1905 878 1984 igitur,
936 1925 1050 1985 que
1109 1925 1214 1985 per
1267 1906 1562 1985 presentis
1622 1906 1949 1985 chrysoboli
1997 1906 2152 1966 verbi
2200 1907 2272 1966 ab
2319 1907 2571 1986 Imperio

231 2026 367 2067 meo
410 2005 804 2079 corroborata,
851 2004 982 2066 ex²³
1021 2007 1202 2084 gratia
1236 2007 1446 2066 donata
1481 2006 1682 2085 generi
1714 2006 2118 2067 veneticorum
2155 2007 2408 2087 Imperio
2440 2028 2571 2070 meo

232 2108 730 2181 fidelissimorum,
776 2094 1112 2189 incorrupte
1159 2117 1218 2169 et
1260 2109 1546 2168 inmutate
1590 2107 1875 2169 custodita
1924 2116 2116 2181 erunt,
2163 2128 2471 2189 quousque
2517 2121 2576 2171 et
2626 2164 2631 2171 .

229 2210 488 2270 Venetici
534 2209 604 2269 ad
656 2208 964 2287 imperium
1012 2228 1204 2269 meum
1253 2218 1312 2269 et
1357 2210 1700 2269 Romaniam
1749 2210 1920 2270 tidem
1967 2209 2291 2271 secundum
2325 2229 2413 2283 ea,
2460 2230 2574 2291 que

230 2312 306 2375 ab
351 2311 440 2375 eis
480 2320 646 2390 pacta
694 2319 749 2371 et
781 2310 981 2388 jurata
1028 2320 1169 2389 sunt
1210 2322 1269 2373 et
1313 2312 1370 2371 in
1433 2311 1881 2389 supraordinato
1926 2311 2144 2390 scripto
2189 2312 2578 2391 prudentissi-

229 2431 464 2476 morum
509 2412 831 2491 lagatorum
882 2412 1191 2489 declarata,
1237 2414 1521 2475 inmutata
1567 2422 1626 2474 et
1654 2413 1990 2492 incorrupta
2024 2412 2431 2500 custodierint.⁸
2486 2413 2570 2474 Ad

230 2516 346 2576 hoc
402 2515 557 2577 enim
615 2525 674 2575 et
731 2535 976 2596 presens
1032 2517 1444 2597 chrysobolum
1493 2515 1729 2576 verbum
1777 2514 2010 2594 Imperii
2058 2515 2172 2575 mei
2218 2514 2575 2576 fidelissimis

233 2616 488 2694 Imperio
543 2635 677 2680 meo
737 2618 1014 2680 traditum
1065 2630 1156 2679 est
1199 2618 1522 2690 veneticis,
1585 2619 1816 2678 firmum
1874 2625 1932 2678 et
1975 2616 2312 2678 inviolatum
2359 2615 2575 2678 habere

235 2716 479 2782 debens.

411 2817 648 2906 Factum
693 2836 898 2878 mense
929 2819 1236 2882 Novembri
1284 2820 1576 2898 presentis
1621 2818 1879 2880 secunde
1924 2818 2258 2880 indictionis
2304 2838 2403 2879 sex
2449 2818 2580 2879 mil-

239 2918 431 2981 lesimi
477 2917 977 2996 septingentesimi
1025 2920 1257 3002 septimi
1314 2920 1484 2991 anni,
1543 2920 1602 2979 in
1663 2938 1779 2996 quo
1824 2926 1883 2979 et
1927 2927 2191 2980 nostrum
2239 2918 2397 2996 pium
2445 2929 2505 2980 et
2546 2940 2577 2984 a

235 3022 350 3082 deo
395 3027 730 3099 promotum
777 3018 1137 3098 subsignavit
1183 3020 1517 3098 imperium.

954 3120 1253 3182 Alexius
1297 3121 1357 3180 in
1406 3120 1636 3180 Christo
1681 3120 1793 3179 deo
1838 3117 2025 3178 fidelis
2071 3117 2394 3197 Imperator
2440 3129 2498 3180 et
2589 3130 2595 3136 '

1179 3222 1513 3282 moderator
1558 3221 1954 3284 Romanorum
2001 3219 2273 3296 Angelus.

373 3404 414 3432 ²³
449 3406 603 3456 Malim
642 3415 700 3457 et.

1097 3888 1248 3900 ffl-
1263 3891 1669 3897 m-—-..W-.
1688 3891 1721 3897 .-.
