2900 4950
339 246 466 309 626
1237 247 1354 297 cnn.
1393 247 1443 295 v.
1515 244 1627 295 Nm.
1666 244 1792 293 xxv.

343 423 439 475 tur
481 418 545 470 ut
583 407 946 476 Januenses,
995 401 1321 462 libertatem
1366 406 1426 458 et
1471 394 1846 457 franchiziam
1892 401 1953 453 et
1992 388 2429 451 Immunitatem
2476 386 2559 447 de
2609 403 2727 447 ce-

347 521 471 573 terc
514 525 749 587 semper
791 514 910 567 tam
957 504 1016 565 in
1064 501 1211 563 mari
1255 518 1432 578 quam
1480 498 1536 558 in
1584 506 1760 565 terra.
1806 494 1866 555 iu
1911 491 2181 572 portibus
2224 499 2284 552 et
2327 488 2550 550 insulis
2598 507 2725 548 no-

348 610 486 674 stris
542 627 689 689 quas
739 606 1026 667 habemus
1069 611 1129 663 et
1169 599 1519 662 habebimus
1566 597 1666 657 Dei
1715 593 2113 656 misericordia
2156 601 2216 654 et
2257 610 2362 671 per
2408 590 2723 651 interces-

350 714 577 775 sionem
621 706 990 771 sa'nctIssime
1036 702 1140 764 Dei
1182 700 1516 780 genitricis,
1563 699 1639 759 ita
1686 697 1841 775 quod
1888 714 2099 757 omnes
2138 694 2475 757 Jauuenses
2522 701 2587 751 et
2635 690 2721 750 de

353 811 620 875 districtu
649 808 838 869 Janue
884 816 944 867 et
986 805 1085 884 qui
1131 813 1408 865 tenentur
1433 802 1767 862 Januenses
1812 798 1931 858 sint
1975 795 2159 859 franci
2191 805 2249 857 et
2278 793 2467 867 liberi,
2520 790 2715 852 nichil

352 913 644 975 solventes
688 910 747 970 in
794 917 910 970 tota
957 917 1110 969 terra
1144 904 1379 983 Imperii
1426 901 1610 962 nostri
1658 918 1765 978 pro
1810 896 2101 959 comercio
2148 915 2256 957 nec
2300 914 2479 957 causa
2522 893 2719 954 alicu-

348 1015 449 1095 jus
505 1010 852 1079 exactionis,
910 1009 1198 1068 intrantes
1256 1003 1521 1065 videlicet
1577 1020 1684 1080 per
1742 1010 1917 1062 totam
1962 1009 2181 1061 terram
2226 994 2461 1076 Imperii
2516 994 2717 1056 nasu-i

354 1114 445 1175 vel
487 1121 767 1174 exeuntes
811 1129 879 1170 ex
926 1109 1072 1187 ipsa,
1118 1107 1436 1168 vendentes
1482 1112 1541 1164 et
1583 1111 1949 1163 ementes-et
1994 1099 2429 1162 excambiantes
2475 1096 2571 1156 vel
2602 1095 2719 1157 ali·

359 1214 513 1295 quod
573 1212 728 1273 aliud
786 1211 1162 1288 negociantes
1208 1206 1397 1268 modis
1442 1203 1741 1265 consuetis
1786 1201 2201 1274 mercacionis,
2261 1209 2462 1280 preter
2508 1196 2603 1259 sal
2652 1204 2717 1257 et

360 1315 691 1387 masticem,
749 1321 974 1373 stantes
1032 1320 1091 1370 et
1140 1309 1213 1368 de
1258 1318 1413 1369 terra
1461 1307 1518 1366 in
1566 1314 1779 1366 terram
1825 1310 2135 1376 exeuntes,
2193 1320 2302 1381 per
2343 1311 2571 1365 terram
2622 1297 2713 1358 vet

359 1436 467 1497 per
511 1433 689 1486 mare,
735 1432 867 1474 cum
915 1409 1382 1472 mercacionihus
1425 1406 1513 1468 vel
1557 1406 1685 1467 sine
1730 1404 2213 1478 mercacionibus,
2257 1403 2329 1464 ad
2375 1402 2506 1463 loca
2546 1400 2717 1461 defe-

363 1527 559 1578 rentes
606 1513 690 1574 vel
736 1514 871 1573 inde
917 1512 1292 1572 extrahentes
1336 1527 1406 1569 ex
1451 1507 1751 1586 emptione
1794 1507 1879 1566 vel
1926 1504 2039 1566 alio
2082 1504 2246 1566 lucro
2290 1512 2350 1564 et
2393 1502 2535 1563 alibi
2583 1502 2716 1563 ‹ter-

365 1621 639 1687 l'erenteS,
685 1612 1073 1693 personaliter
1116 1629 1219 1671 seu
1267 1610 1519 1669 realiter.

531 1715 674 1776 Item
735 1714 783 1774 si
843 1712 977 1792 quis
1018 1709 1337 1772 Januensis
1394 1708 1482 1769 vel
1538 1710 1638 1789 qui
1697 1718 1931 1772 tenetur
1985 1716 2050 1770 ut
2088 1704 2407 1768 Januensis
2464 1703 2714 1765 solverit

363 1815 580 1895 aliquid
628 1813 714 1874 vel
759 1813 1208 1893 ‹lampnitleatus
1252 1813 1403 1872 soret
1443 1811 1503 1871 in
1551 1811 1743 1889 aliqua
1789 1821 1944 1871 terra
1989 1807 2252 1888 subjecta
2296 1806 2559 1886 Imperio
2602 1823 2717 1866 ne·

364 1927 518 1987 stro,
563 1923 624 1976 et
666 1914 919 1981 ablatum
966 1923 1124 1975 esset
1166 1912 1278 1973 sibi
1322 1913 1549 1972 ratione
1594 1912 1838 1973 staliana
1885 1910 1972 1971 vel
2017 1910 2270 1971 maxerie
2314 1917 2418 1969 aut
2459 1915 2716 1986 propter

365 2016 536 2079 aliam
581 2034 818 2077 causam
862 2015 950 2075 vel
995 2015 1232 2076 modum
1279 2023 1584 2093 operatum
1632 2012 1804 2075 suerit
1845 2021 2047 2073 contra
2078 2012 2291 2072 dictam
2324 2007 2711 2071 franchiziam

366 2127 425 2178 et
479 2117 806 2191 libertatem
850 2117 1110 2196 ipsorum
1155 2113 1575 2185 Januensium‚
1636 2114 1790 2192 quod
1838 2113 2154 2194 Imperium
2199 2120 2466 2173 nostrum
2516 2111 2713 2171 lacere

367 2217 579 2279 debeat
621 2217 890 2281 satisfieri
936 2226 995 2276 et
1038 2215 1473 2277 restitucionem
1520 2215 1648 2275 fieri
1694 2216 1824 2287 hiis,
1870 2214 1969 2293 qui
2016 2214 2337 2292 dampnum
2380 2211 2546 2292 passi
2585 2212 2715 2272 l'ue-

369 2319 506 2391 rint,
551 2326 737 2380 totum
781 2317 838 2377 id
886 2317 1044 2395 quod
1089 2316 1204 2395 ipsi
1249 2314 1394 2376 tales
1432 2314 1761 2393 juraverint
1802 2315 1861 2375 in
1906 2313 2212 2394 presencia
2246 2313 2559 2375 Potestatis
2602 2331 2713 2377 scu

371 2418 688 2482 Consulum
730 2416 1148 2494 Januensiunm
1206 2414 1362 2495 quod
1419 2416 1691 2478 dederint
1746 2415 1884 2477 illud
1945 2415 2042 2478 tali
2086 2416 2260 2477 modo
2302 2425 2404 2478 aut
2447 2413 2710 2476 ablamm

369 2520 546 2584 luerit
587 2518 661 2580 ab
703 2518 868 2598 ipsis,

539 2620 684 2680 Item
741 2618 896 2697 quod
957 2636 1076 2678 non
1133 2619 1393 2698 recipere
1451 2617 1660 2678 debeat
1719 2618 1791 2678 de
1832 2628 2029 2680 cetero
2074 2617 2391 2700 Imperium
2440 2625 2712 2679 nostrum

373 2719 624 2798 aliquem
679 2718 1039 2779 lanuensem
1099 2719 1183 2779 vel
1242 2719 1314 2779 (le
1371 2719 1635 2779 districtu
1677 2719 1866 2780 Janue
1922 2720 1980 2780 in
2028 2719 2367 2792 vassallum,
2416 2720 2493 2781 ita
2550 2718 2710 2799 quud

375 2820 662 2884 eximatur
705 2830 764 2879 et
807 2838 925 2880 non
970 2839 1102 2881 esse
1146 2819 1356 2881 debeat
1398 2820 1509 2882 sub
1555 2820 1820 2881 examine
1865 2831 1925 2882 et
1957 2820 2367 2900 jurisdictione
2397 2820 2711 2882 Potestatis

375 2919 462 2982 vel
510 2920 826 2982 Consulum
871 2920 1288 2995 Januensium,
1345 2922 1449 2981 sed
1507 2920 1718 2982 debeat
1758 2922 1888 3001 lpse
1934 2922 2063 2984 talis
2099 2921 2352 3001 judicari
2396 2941 2507 3001 per
2548 2921 2713 3001 ipsos

374 3031 549 3103 prout
591 3024 771 3084 ceteri
815 3022 968 3083 cives
1020 3032 1078 3113 et
1119 3022 1476 3083 habitatores
1516 3021 1727 3083 Janue.

543 3124 689 3185 Item
737 3124 891 3203 quod
938 3142 1056 3183 non
1103 3122 1493 3201 impediemus
1537 3141 1649 3185 nee
1691 3124 1959 3203 impediri
1992 3124 2272 3186 faciemus
2302 3142 2407 3185 seu
2440 3123 2713 3203 impediri

375 3224 781 3302 permittemus
823 3222 882 3283 in
929 3232 1046 3285 tota
1093 3233 1247 3285 terra
1291 3223 1480 3284 nostri
1511 3223 1764 3303 Imperii,
1812 3244 1986 3304 quam
2034 3224 2318 3287 habemus
2361 3234 2422 3286 et
2464 3225 2537 3285 de
2576 3241 2717 3303 gra·

375 3325 453 3386 tia
488 3324 590 3385 Dei
633 3323 932 3403 genitricis
976 3323 1365 3403 acquiremus,
1411 3325 1664 3403 aliquem
1696 3324 2054 3387 Januensem
2102 3335 2161 3388 et
2201 3327 2277 3389 de
2320 3324 2581 3388 districtu
2606 3324 2717 3384 Ja-

378 3442 492 3485 uue
536 3433 780 3506 propter
823 3426 1035 3487 sactum
1081 3443 1185 3485 seu
1232 3424 1507 3486 delictum
1553 3424 1640 3486 vel
1682 3426 1902 3488 furtum
1956 3446 2060 3488 seu
2104 3426 2370 3506 rapinam
2416 3426 2505 3487 vel
2549 3425 2718 3488 debi-

377 3535 502 3586 tum
558 3524 803 3586 alterum
859 3525 920 3586 iu
976 3543 1228 3604 persona
1277 3524 1363 3584 vel
1406 3543 1472 3585 re
1514 3524 1738 3605 aliqua,
1797 3528 1902 3588 sed
1948 3528 2355 3607 unusquisque
2394 3527 2717 3590 ‹lanuensis

376 3624 466 3685 vel
509 3625 607 3703 qui
652 3635 886 3688 tenetur
924 3624 1241 3686 Januensis
1285 3626 1394 3690 sub
1439 3626 1608 3705 culpa
1654 3627 1840 3706 ipsius
1884 3628 1983 3689 tali
2029 3629 2203 3692 modo
2248 3629 2571 3690 examinari
2611 3630 2720 3691 de-

379 3725 515 3787 beat
566 3724 676 3788 sub
734 3726 892 3787 curia
948 3733 1008 3785 et
1043 3723 1456 3804 jurisdictione
1504 3727 1812 3790 Potestatis
1859 3727 1945 3788 vel
1991 3729 2265 3791 Consulis
2301 3729 2717 3806 Januensium,

379 3835 441 3888 et
497 3827 653 3906 quod
709 3826 988 3905 puniatur
1043 3835 1102 3888 et
1158 3828 1365 3890 reddat
1406 3829 1704 3889 racionem
1748 3848 1857 3908 pro
1901 3829 2070 3908 culpa
2117 3839 2178 3891 et
2219 3830 2415 3892 debito
2460 3851 2602 3906 suo,
2660 3845 2719 3896 et

381 3913 535 4007 quod
580 3927 640 3988 in
686 3928 1114 3990 satisfacionem
1162 3928 1375 3991 habeat
1415 3929 1512 3990 ille
1558 3930 1656 4008 qui
1700 3929 1974 4008 injuriam
2021 3932 2109 3992 vel
2152 3931 2475 4011 dampnum
2502 3952 2719 4013 passus

381 4029 572 4102 suerit,
618 4037 678 4090 et
719 4029 875 4108 quod
921 4028 1068 4090 alius
1094 4029 1411 4092 Januensis
1453 4040 1697 4110 propter
1738 4030 1851 4092 tale
1897 4032 2112 4094 sactum
2157 4051 2277 4094 non
2320 4044 2723 4114 consequatur

385 4129 788 4192 offensionem.
830 4131 915 4190 vel
987 4129 1330 4209 dampnum.
1418 4131 1482 4191 Si
1550 4131 1683 4209 quis
1748 4148 1883 4192 vero
1953 4132 2026 4192 de
2094 4132 2266 4198 terris
2340 4134 2561 4196 uostris
2630 4136 2721 4196 vel

385 4227 459 4288 de
525 4238 690 4308 parte
755 4239 956 4290 nostra
1023 4228 1110 4290 vel
1173 4230 1385 4310 aliquis
1440 4230 1603 4305 alter,
1671 4233 1769 4311 qui
1830 4251 1946 4292 non
1996 4242 2154 4296 esset
2196 4234 2269 4295 de
2315 4234 2487 4296 terris
2530 4237 2721 4298 nostri

384 4327 619 4405 Imperii
666 4346 776 4389 nec
820 4339 1117 4390 teneretur
1161 4341 1224 4391 ut
1264 4330 1600 4409 JanuensiS,
1645 4333 1972 4395 offenderet
2010 4334 2189 4395 alium
2233 4335 2496 4414 ipsorum
2537 4336 2723 4399 Janu-
