2900 4950
1069 258 1185 350 imi.
1225 284 1394 335 tanen
1429 284 1617 346 Augen.
2387 273 2512 335 539

1150 482 1339 546 NOV,
1385 480 1532 546 XCI.

957 603 1105 685 Imp.
1150 603 1420 666 lsaaeii
1468 601 1730 681 Angeli
1988 654 1993 659 .

763 704 838 765 de
883 704 1191 785 metropoli
1235 704 1509 783 Argeos¹.
1598 706 1684 777 (Α.
1726 704 1930 777 1098.)

1163 855 1298 917 Non
1339 867 1511 917 extat.

1139 1308 1311 1370 Nov.
1360 1309 1534 1371 XCII.

950 1427 1096 1506 Imp.
1144 1428 1420 1490 Isaacii
1468 1427 1731 1506 Angeli

607 1547 784 1593 aurea
827 1527 983 1589 bulla
1029 1527 1258 1589 Pisanis
1301 1546 1582 1590 concessa
1601 1529 1637 1589 ¹.
1726 1530 1815 1601 (Α.
1868 1531 2075 1605 1192.)

344 1696 676 1777 interrupta
716 1695 1068 1777 jampridem
1117 1695 1241 1771 suit,
1286 1716 1358 1757 ex
1402 1716 1519 1776 quo
1558 1706 1841 1777 tyrannus
1871 1696 1966 1758 ille
1995 1696 2365 1759 Andronicus
2396 1697 2512 1758 Ro-

170 1815 479 1859 manorum
522 1797 734 1858 invasit
777 1796 1086 1876 imperium
1135 1807 1194 1858 et
1240 1817 1397 1858 nunc
1439 1817 1657 1876 usque,
1704 1799 1849 1858 tides
1894 1808 1953 1860 et
1996 1797 2222 1860 devotio
2267 1798 2510 1859 civitatis

169 1908 232 1960 et
273 1908 428 1960 terre
475 1899 705 1972 Pisane,
751 1918 925 1977 quam
971 1917 1105 1976 erga
1154 1894 1419 1959 nostrtim
1470 1897 1740 1958 fovebant
1774 1899 2128 1960 Romeorum
2175 1900 2506 1978 imperium.

168 1999 248 2061 Et
289 1999 405 2075 nisi
450 1999 733 2061 modestia
782 2008 839 2059 et
881 1998 1140 2059 hilaritas
1186 1998 1549 2061 celsitudinis
1605 2009 1835 2071 nostre,
1894 2010 1952 2060 et
2005 1999 2066 2060 in
2125 1999 2509 2061 effusionibus

168 2100 616 2181 appianicorum
674 2100 1023 2177 sanguinum
1084 2100 1326 2161 tarditas
1383 2111 1438 2162 et
1499 2099 1873 2179 impromptio
1920 2144 2192 2161 .....
2207 2099 2231 2130 ²
2296 2119 2326 2160 a
2387 2100 2508 2161 Deo

169 2211 366 2263 erecte
413 2210 473 2262 et
515 2200 584 2261 ad
633 2200 1029 2261 Romanorum
1076 2200 1302 2279 imperii
1349 2204 1782 2262 firmamentum
1829 2201 2065 2281 quidem
2111 2202 2356 2262 exaltate
2401 2201 2511 2262 im-

166 2302 513 2384 pedimento
557 2301 641 2362 rei
689 2302 966 2373 fuissent,
1028 2301 1066 2362 ii
1114 2301 1211 2381 qui
1257 2301 1382 2362 heri
1428 2303 1711 2364 Romanie
1757 2303 1943 2364 devoti
1994 2312 2193 2376 erant,
2239 2303 2406 2382 quasi
2452 2310 2511 2364 et

167 2404 391 2465 inimici
438 2403 625 2464 effecti
672 2402 949 2475 fuissent,
1008 2413 1067 2465 et
1120 2423 1229 2484 pro
1286 2403 1487 2465 amicis
1535 2413 1593 2465 et
1647 2405 1872 2466 utilium
1919 2404 2257 2466 allatoribus
2302 2414 2360 2465 et
2402 2423 2510 2485 per

168 2517 435 2585 tempora
483 2506 838 2566 fidelissimis
895 2525 1127 2585 quoque
1185 2506 1509 2567 fautoribus
1567 2508 1626 2567 in
1688 2508 1885 2568 hostes
1942 2518 2001 2568 et
2055 2508 2509 2588 depopulatores

167 2607 319 2667 versi
367 2607 637 2687 equidem
686 2597 904 2668 essens.
994 2609 1161 2679 Quod
1210 2619 1268 2669 et
1311 2628 1378 2669 ex
1425 2619 1588 2688 parte
1620 2617 2018 2688 perpetratum
2052 2619 2160 2681 est,
2206 2619 2265 2670 et
2294 2611 2505 2670 damna

167 2727 203 2769 a
250 2708 599 2788 quibusdam
647 2709 903 2781 Romei8‚
950 2718 1009 2768 et
1053 2709 1188 2769 item
1223 2710 1450 2771 Pisanis
1484 2730 1549 2770 ex
1586 2721 1752 2789 parte
1783 2711 2135 2771 Romeorum
2169 2711 2317 2771 sacta
2348 2719 2505 2785 sunt,

167 2810 537 2888 multumque
583 2819 835 2889 tempus,
883 2828 997 2888 qne
1045 2810 1263 2869 dudum
1311 2820 1445 2871 ante
1484 2810 1645 2871 unita
1678 2819 1863 2883 erant,
1909 2821 2271 2890 sequestrata
2304 2811 2508 2873 habuit

166 2920 229 2971 et
275 2910 474 2970 divisa.

341 3009 733 3082 Quamobrem
778 3009 1022 3070 civitatis
1054 3009 1395 3070 Pisanorum
1432 3018 1710 3089 potestaS‚
1754 3010 2045 3083 Tedioius‚
2092 3012 2321 3072 comitis
2353 3011 2506 3091 Ugo-

163 3111 270 3174 lini
315 3111 487 3179 fitius,
534 3130 602 3172 ae
645 3110 959 3171 consiliarii
1004 3120 1064 3171 et
1106 3130 1417 3171 commune
1462 3110 1591 3191 ejus
1630 3110 2077 3190 supplicatorias
2121 3112 2192 3172 ad
2240 3121 2501 3172 nostram

162 3212 536 3275 clementiam
585 3231 794 3273 manus
839 3211 1144 3273 intendere
1190 3212 1527 3285 voluerunt,
1590 3220 1648 3272 et
1700 3212 2193 3294 prudentissimos
2238 3213 2505 3274 concives

163 3334 328 3388 suos,
375 3313 714 3374 Rainerium
764 3313 1005 3374 Gaetani
1053 3324 1112 3376 et
1156 3313 1442 3394 Sigerium
1482 3313 1773 3394 judicem,
1828 3312 2078 3374 nuncios
2125 3314 2195 3375 ad
2243 3325 2506 3375 nostram

163 3417 507 3496 legaverunt
550 3415 959 3489 serenitatem,
1018 3417 1406 3496 dampnorum
1454 3415 1682 3477 Pisanis
1726 3435 2047 3495 eorumque
2093 3415 2389 3477 communi
2435 3436 2506 3477 ex

163 3528 333 3599 parte
378 3517 662 3578 Romanie
707 3516 1133 3598 pre-illatorum
1178 3518 1663 3579 restaurationem
1710 3527 2008 3598 petentes,
2068 3527 2126 3580 et
2178 3517 2508 3598 benignita-

165 3630 285 3682 tem
332 3619 772 3700 tranquillitatis
817 3620 1046 3699 imperii
1094 3619 1278 3681 nostri
1321 3619 1664 3700 pristinam,
1709 3638 1883 3699 quam
1931 3639 2067 3700 erga
2112 3620 2399 3682 civitatem
2446 3628 2506 3681 et

165 3732 382 3784 terram
439 3723 705 3803 ipsorum
767 3730 964 3782 nostra
1012 3720 1266 3783 habebat
1310 3721 1646 3794 clementia,
1710 3720 2052 3802 suppliciter
2106 3722 2503 3802 postulantes;

165 3831 225 3883 et
269 3823 556 3884 serenitas
600 3832 801 3884 nostra
849 3823 1102 3900 benigne
1161 3841 1262 3882 eos
1316 3823 1609 3901 recipiens
1667 3832 1725 3882 et
1768 3841 1883 3900 que
1928 3823 2000 3882 ab
2047 3823 2117 3882 iis
2161 3821 2507 3883 dicebantur

165 3925 535 3999 auscultans,
597 3924 798 4003 eisque
846 3942 1006 3984 versa
1052 3922 1176 3983 vice
1221 3921 1475 4001 dampna
1523 3921 1788 4000 partibus
1823 3921 2106 3983 Romania
2153 3920 2502 4004 quibusdam

751 4070 866 4078 ψ...-

177 4121 192 4134 ”
296 4142 311 4168 ¹
349 4144 589 4194 Laudatur
622 4144 682 4193 ad
719 4143 950 4206 Disposit.
988 4143 1201 4192 tbi-onor.
1239 4142 1288 4191 in
1326 4141 1445 4191 Coll.
1482 4155 1586 4191 can.
1623 4142 1698 4192 ed.
1737 4142 1889 4192 Rballi
1926 4150 1975 4192 et
2011 4142 2128 4191 roui
2165 4143 2199 4190 V
2234 4160 2282 4209 p.
2305 4142 2422 4193 481.

297 4223 312 4251 ¹
349 4226 507 4277 Edidit
543 4228 773 4278 flaminio
813 4229 888 4278 dal
939 4227 1092 4289 Borgo
1129 4226 1337 4291 Diplomi
1374 4225 1560 4288 Pisani,
1617 4226 1721 4276 Pisa
1764 4227 1906 4276 1765.
1956 4228 2004 4277 4.
2042 4242 2088 4290 p.
2117 4227 2236 4290 ¹47,
2290 4228 2498 4292 indeque

160 4312 534 4374 repraesentavit
571 4312 765 4361 Buchon
803 4312 1056 4362 Nouvelles
1093 4311 1397 4362 Becher-ebes
1450 4311 1563 4361 hist.
1608 4325 1692 4360 sur
1738 4312 1783 4360 la
1831 4311 1983 4374 princ.
2032 4311 2182 4374 franc.
2231 4312 2290 4362 de
2337 4314 2497 4363 floreo

159 4397 249 4447 vol.
287 4396 330 4446 lt
363 4410 410 4459 p.
434 4395 511 4446 12.
648 4394 671 4422 ²
704 4397 855 4447 verba
891 4399 1185 4450 celsitudinis
1218 4403 1375 4448 nostre
1411 4397 1506 4445 huc
1540 4396 1894 4460 transponenda
1929 4411 2038 4447 esse
2072 4397 2304 4449 videntur.
