<?xml version="1.0" encoding="UTF-8"?>
<!DOCTYPE html PUBLIC "-//W3C//DTD XHTML 1.0 Transitional//EN"
    "http://www.w3.org/TR/xhtml1/DTD/xhtml1-transitional.dtd">
<html xmlns="http://www.w3.org/1999/xhtml" xml:lang="en" lang="en">
 <head>
  <title>
</title>
<meta http-equiv="Content-Type" content="text/html;charset=utf-8" />
  <meta name='ocr-system' content='tesseract 3.04.00' />
  <meta name='ocr-capabilities' content='ocr_page ocr_carea ocr_par ocr_line ocrx_word'/>
</head>
<body>
  <div class='ocr_page' id='page_1' title='image "./jusgraecoromanu00linggoog_0586.png"; bbox 0 0 2900 4950; ppageno 0'>
   <div class='ocr_carea' id='block_1_1' title="bbox 397 212 1920 274">
    <p class='ocr_par' dir='ltr' id='par_1_1' title="bbox 397 212 1920 274">
     <span class='ocr_line' id='line_1_1' title="bbox 397 212 1920 274; baseline -0.001 -2"><span class='ocrx_word' id='word_1_1' title='bbox 397 212 520 274; x_wconf 83' lang='lat'><strong>530</strong></span> <span class='ocrx_word' id='word_1_2' title='bbox 1246 223 1363 273; x_wconf 77' lang='lat' dir='ltr'><strong>eon.</strong></span> <span class='ocrx_word' id='word_1_3' title='bbox 1402 224 1472 273; x_wconf 82' lang='grc' dir='ltr'><strong>ιν.</strong></span> <span class='ocrx_word' id='word_1_4' title='bbox 1543 223 1654 272; x_wconf 62' lang='lat' dir='ltr'><strong>nov.</strong></span> <span class='ocrx_word' id='word_1_5' title='bbox 1695 222 1920 272; x_wconf 56' lang='lat' dir='ltr'><strong>mxxxix.</strong></span> 
     </span>
    </p>
   </div>
   <div class='ocr_carea' id='block_1_2' title="bbox 406 370 2784 561">
    <p class='ocr_par' dir='ltr' id='par_1_2' title="bbox 406 370 2784 561">
     <span class='ocr_line' id='line_1_2' title="bbox 406 370 2784 454; baseline -0.004 -12"><span class='ocrx_word' id='word_1_6' title='bbox 406 386 496 442; x_wconf 90' lang='lat' dir='ltr'><strong>vel</strong></span> <span class='ocrx_word' id='word_1_7' title='bbox 543 380 924 449; x_wconf 78' lang='lat' dir='ltr'><strong>feminarum,</strong></span> <span class='ocrx_word' id='word_1_8' title='bbox 972 374 1069 454; x_wconf 92' lang='lat' dir='ltr'><strong>qui</strong></span> <span class='ocrx_word' id='word_1_9' title='bbox 1117 373 1202 434; x_wconf 78' lang='lat' dir='ltr'><strong>vel</strong></span> <span class='ocrx_word' id='word_1_10' title='bbox 1250 393 1364 453; x_wconf 86' lang='lat' dir='ltr'><strong>que</strong></span> <span class='ocrx_word' id='word_1_11' title='bbox 1409 373 1813 453; x_wconf 87' lang='lat' dir='ltr'><strong>imperabunt,</strong></span> <span class='ocrx_word' id='word_1_12' title='bbox 1882 372 1969 431; x_wconf 75' lang='lat' dir='ltr'><strong>vel</strong></span> <span class='ocrx_word' id='word_1_13' title='bbox 2023 370 2286 444; x_wconf 89' lang='lat' dir='ltr'><strong>illorum,</strong></span> <span class='ocrx_word' id='word_1_14' title='bbox 2344 373 2447 451; x_wconf 82' lang='lat' dir='ltr'><strong>qui</strong></span> <span class='ocrx_word' id='word_1_15' title='bbox 2506 390 2584 433; x_wconf 83' lang='lat' dir='ltr'><strong>ex</strong></span> <span class='ocrx_word' id='word_1_16' title='bbox 2635 392 2784 452; x_wconf 77' lang='lat' dir='ltr'><strong>pne·</strong></span> 
     </span>
     <span class='ocr_line' id='line_1_3' title="bbox 407 471 2779 561; baseline -0.004 -18"><span class='ocrx_word' id='word_1_17' title='bbox 407 493 578 561; x_wconf 84' lang='lat' dir='ltr'><strong>cepto</strong></span> <span class='ocrx_word' id='word_1_18' title='bbox 624 496 829 540; x_wconf 89' lang='lat' dir='ltr'><strong>eorum</strong></span> <span class='ocrx_word' id='word_1_19' title='bbox 875 474 1279 555; x_wconf 79' lang='lat' dir='ltr'><strong>imperabunt,</strong></span> <span class='ocrx_word' id='word_1_20' title='bbox 1339 475 1410 535; x_wconf 87' lang='lat' dir='ltr'><strong>ad</strong></span> <span class='ocrx_word' id='word_1_21' title='bbox 1471 476 1803 535; x_wconf 84' lang='lat' dir='ltr'><strong>nocendum</strong></span> <span class='ocrx_word' id='word_1_22' title='bbox 1862 474 2146 535; x_wconf 84' lang='lat' dir='ltr'><strong>Romanie</strong></span> <span class='ocrx_word' id='word_1_23' title='bbox 2191 471 2641 554; x_wconf 81' lang='lat' dir='ltr'><strong>particulariter</strong></span> <span class='ocrx_word' id='word_1_24' title='bbox 2688 474 2779 534; x_wconf 72' lang='lat' dir='ltr'><strong>vet</strong></span> 
     </span>
    </p>
   </div>
   <div class='ocr_carea' id='block_1_3' title="bbox 404 554 2768 759">
    <p class='ocr_par' dir='ltr' id='par_1_3' title="bbox 404 554 2768 759">
     <span class='ocr_line' id='line_1_4' title="bbox 404 554 2053 656; baseline -0.005 -12"><span class='ocrx_word' id='word_1_25' title='bbox 404 580 840 653; x_wconf 81' lang='lat' dir='ltr'><strong>universaliter3</strong></span> <span class='ocrx_word' id='word_1_26' title='bbox 887 596 999 638; x_wconf 88' lang='lat' dir='ltr'><strong>nec</strong></span> <span class='ocrx_word' id='word_1_27' title='bbox 1042 595 1151 656; x_wconf 90' lang='lat' dir='ltr'><strong>per</strong></span> <span class='ocrx_word' id='word_1_28' title='bbox 1193 595 1258 637; x_wconf 86' lang='lat' dir='ltr'><strong>se</strong></span> <span class='ocrx_word' id='word_1_29' title='bbox 1303 594 1560 655; x_wconf 88' lang='lat' dir='ltr'><strong>unquam</strong></span> <span class='ocrx_word' id='word_1_30' title='bbox 1609 576 1660 636; x_wconf 90' lang='lat' dir='ltr'><strong>ei</strong></span> <span class='ocrx_word' id='word_1_31' title='bbox 1708 576 1960 637; x_wconf 89' lang='lat' dir='ltr'><strong>nocebit.</strong></span> <span class='ocrx_word' id='word_1_32' title='bbox 2030 554 2053 587; x_wconf 55' lang='grc' dir='ltr'><em>Ι</em></span> 
     </span>
     <span class='ocr_line' id='line_1_5' title="bbox 569 675 2768 759; baseline -0.003 -17"><span class='ocrx_word' id='word_1_33' title='bbox 569 681 783 755; x_wconf 88' lang='lat' dir='ltr'><strong>Item,</strong></span> <span class='ocrx_word' id='word_1_34' title='bbox 830 678 1366 759; x_wconf 82' lang='lat' dir='ltr'><strong>quocienscumque</strong></span> <span class='ocrx_word' id='word_1_35' title='bbox 1411 677 1744 756; x_wconf 76' lang='lat' dir='ltr'><strong>principum</strong></span> <span class='ocrx_word' id='word_1_36' title='bbox 1792 675 2002 756; x_wconf 84' lang='lat' dir='ltr'><strong>aliquis</strong></span> <span class='ocrx_word' id='word_1_37' title='bbox 2034 685 2447 737; x_wconf 88' lang='lat' dir='ltr'><strong>coronatorum</strong></span> <span class='ocrx_word' id='word_1_38' title='bbox 2494 675 2587 735; x_wconf 84' lang='lat' dir='ltr'><strong>vel</strong></span> <span class='ocrx_word' id='word_1_39' title='bbox 2642 694 2768 735; x_wconf 84' lang='lat' dir='ltr'><strong>non</strong></span> 
     </span>
    </p>
   </div>
   <div class='ocr_carea' id='block_1_4' title="bbox 404 776 2873 861">
    <p class='ocr_par' dir='ltr' id='par_1_4' title="bbox 404 776 2873 861">
     <span class='ocr_line' id='line_1_6' title="bbox 404 776 2873 861; baseline -0.004 -15"><span class='ocrx_word' id='word_1_40' title='bbox 404 792 856 861; x_wconf 71' lang='lat' dir='ltr'><strong>coronatorum2</strong></span> <span class='ocrx_word' id='word_1_41' title='bbox 915 778 1002 840; x_wconf 84' lang='lat' dir='ltr'><strong>vel</strong></span> <span class='ocrx_word' id='word_1_42' title='bbox 1057 778 1318 857; x_wconf 86' lang='lat' dir='ltr'><strong>gentium</strong></span> <span class='ocrx_word' id='word_1_43' title='bbox 1378 787 1478 839; x_wconf 89' lang='lat' dir='ltr'><strong>aut</strong></span> <span class='ocrx_word' id='word_1_44' title='bbox 1536 778 1837 839; x_wconf 83' lang='lat' dir='ltr'><strong>nationum</strong></span> <span class='ocrx_word' id='word_1_45' title='bbox 1898 779 2089 857; x_wconf 85' lang='lat' dir='ltr'><strong>aliqua</strong></span> <span class='ocrx_word' id='word_1_46' title='bbox 2149 786 2350 838; x_wconf 87' lang='lat' dir='ltr'><strong>contra</strong></span> <span class='ocrx_word' id='word_1_47' title='bbox 2398 776 2767 837; x_wconf 86' lang='lat' dir='ltr'><strong>Romaniam</strong></span> <span class='ocrx_word' id='word_1_48' title='bbox 2872 782 2873 785; x_wconf 76' lang='grc'>’</span> 
     </span>
    </p>
   </div>
   <div class='ocr_carea' id='block_1_5' title="bbox 392 877 2769 3990">
    <p class='ocr_par' dir='ltr' id='par_1_5' title="bbox 397 877 2769 2476">
     <span class='ocr_line' id='line_1_7' title="bbox 403 877 2769 958; baseline -0.002 -14"><span class='ocrx_word' id='word_1_49' title='bbox 403 885 563 946; x_wconf 81' lang='lat' dir='ltr'><strong>venit</strong></span> <span class='ocrx_word' id='word_1_50' title='bbox 605 884 678 944; x_wconf 88' lang='lat' dir='ltr'><strong>ad</strong></span> <span class='ocrx_word' id='word_1_51' title='bbox 724 880 1141 943; x_wconf 81' lang='lat' dir='ltr'><strong>offendendum</strong></span> <span class='ocrx_word' id='word_1_52' title='bbox 1189 898 1316 939; x_wconf 85' lang='lat' dir='ltr'><strong>eam</strong></span> <span class='ocrx_word' id='word_1_53' title='bbox 1364 897 1495 939; x_wconf 90' lang='lat' dir='ltr'><strong>cum</strong></span> <span class='ocrx_word' id='word_1_54' title='bbox 1540 879 1723 956; x_wconf 85' lang='lat' dir='ltr'><strong>galeis</strong></span> <span class='ocrx_word' id='word_1_55' title='bbox 1769 879 2151 958; x_wconf 81' lang='lat' dir='ltr'><strong>quadraginta</strong></span> <span class='ocrx_word' id='word_1_56' title='bbox 2186 877 2270 937; x_wconf 80' lang='lat' dir='ltr'><strong>vel</strong></span> <span class='ocrx_word' id='word_1_57' title='bbox 2316 877 2611 957; x_wconf 68' lang='lat' dir='ltr'><strong>plui-ihm,</strong></span> <span class='ocrx_word' id='word_1_58' title='bbox 2666 897 2769 939; x_wconf 82' lang='lat' dir='ltr'><strong>us-</strong></span> 
     </span>
     <span class='ocr_line' id='line_1_8' title="bbox 403 979 2766 1064; baseline -0.004 -19"><span class='ocrx_word' id='word_1_59' title='bbox 403 1004 517 1064; x_wconf 87' lang='lat' dir='ltr'><strong>que</strong></span> <span class='ocrx_word' id='word_1_60' title='bbox 562 984 637 1045; x_wconf 91' lang='lat' dir='ltr'><strong>ad</strong></span> <span class='ocrx_word' id='word_1_61' title='bbox 680 982 970 1056; x_wconf 78' lang='lat' dir='ltr'><strong>centum⁴‚</strong></span> <span class='ocrx_word' id='word_1_62' title='bbox 1028 993 1086 1043; x_wconf 90' lang='lat' dir='ltr'><strong>et</strong></span> <span class='ocrx_word' id='word_1_63' title='bbox 1127 981 1349 1059; x_wconf 79' lang='lat' dir='ltr'><strong>indiget</strong></span> <span class='ocrx_word' id='word_1_64' title='bbox 1405 980 1723 1059; x_wconf 79' lang='lat' dir='ltr'><strong>Imperium</strong></span> <span class='ocrx_word' id='word_1_65' title='bbox 1770 980 1898 1058; x_wconf 80' lang='lat' dir='ltr'><strong>ejus</strong></span> <span class='ocrx_word' id='word_1_66' title='bbox 1946 980 2028 1038; x_wconf 85' lang='lat' dir='ltr'><strong>vel</strong></span> <span class='ocrx_word' id='word_1_67' title='bbox 2083 981 2331 1040; x_wconf 74' lang='lat' dir='ltr'><strong>heredes</strong></span> <span class='ocrx_word' id='word_1_68' title='bbox 2374 979 2507 1058; x_wconf 86' lang='lat' dir='ltr'><strong>ejus</strong></span> <span class='ocrx_word' id='word_1_69' title='bbox 2557 998 2766 1039; x_wconf 77' lang='lat' dir='ltr'><strong>mares</strong></span> 
     </span>
     <span class='ocr_line' id='line_1_9' title="bbox 401 1079 2763 1164; baseline -0.003 -18"><span class='ocrx_word' id='word_1_70' title='bbox 401 1087 491 1146; x_wconf 83' lang='lat' dir='ltr'><strong>vel</strong></span> <span class='ocrx_word' id='word_1_71' title='bbox 536 1084 781 1157; x_wconf 81' lang='lat' dir='ltr'><strong>femine,</strong></span> <span class='ocrx_word' id='word_1_72' title='bbox 842 1084 940 1164; x_wconf 90' lang='lat' dir='ltr'><strong>qui</strong></span> <span class='ocrx_word' id='word_1_73' title='bbox 988 1083 1072 1143; x_wconf 79' lang='lat' dir='ltr'><strong>vel</strong></span> <span class='ocrx_word' id='word_1_74' title='bbox 1120 1101 1233 1162; x_wconf 89' lang='lat' dir='ltr'><strong>que</strong></span> <span class='ocrx_word' id='word_1_75' title='bbox 1279 1081 1681 1161; x_wconf 86' lang='lat' dir='ltr'><strong>imperabunt,</strong></span> <span class='ocrx_word' id='word_1_76' title='bbox 1728 1082 1815 1142; x_wconf 80' lang='lat' dir='ltr'><strong>vel</strong></span> <span class='ocrx_word' id='word_1_77' title='bbox 1861 1081 1972 1154; x_wconf 88' lang='lat' dir='ltr'><strong>illi,</strong></span> <span class='ocrx_word' id='word_1_78' title='bbox 2031 1082 2129 1160; x_wconf 89' lang='lat' dir='ltr'><strong>qui</strong></span> <span class='ocrx_word' id='word_1_79' title='bbox 2176 1101 2245 1140; x_wconf 85' lang='lat' dir='ltr'><strong>ex</strong></span> <span class='ocrx_word' id='word_1_80' title='bbox 2293 1090 2577 1159; x_wconf 86' lang='lat' dir='ltr'><strong>precepto</strong></span> <span class='ocrx_word' id='word_1_81' title='bbox 2625 1079 2763 1157; x_wconf 80' lang='lat' dir='ltr'><strong>ejus</strong></span> 
     </span>
     <span class='ocr_line' id='line_1_10' title="bbox 403 1182 2760 1267; baseline -0.004 -19"><span class='ocrx_word' id='word_1_82' title='bbox 403 1186 809 1267; x_wconf 85' lang='lat' dir='ltr'><strong>imperabunt,</strong></span> <span class='ocrx_word' id='word_1_83' title='bbox 874 1184 1106 1245; x_wconf 84' lang='lat' dir='ltr'><strong>servitio</strong></span> <span class='ocrx_word' id='word_1_84' title='bbox 1153 1184 1559 1245; x_wconf 81' lang='lat' dir='ltr'><strong>veneticorum</strong></span> <span class='ocrx_word' id='word_1_85' title='bbox 1617 1202 1748 1249; x_wconf 90' lang='lat' dir='ltr'><strong>cum</strong></span> <span class='ocrx_word' id='word_1_86' title='bbox 1796 1184 1975 1262; x_wconf 85' lang='lat' dir='ltr'><strong>galeis</strong></span> <span class='ocrx_word' id='word_1_87' title='bbox 2022 1182 2403 1262; x_wconf 83' lang='lat' dir='ltr'><strong>quadraginta</strong></span> <span class='ocrx_word' id='word_1_88' title='bbox 2450 1190 2511 1241; x_wconf 87' lang='lat' dir='ltr'><strong>et</strong></span> <span class='ocrx_word' id='word_1_89' title='bbox 2558 1200 2760 1259; x_wconf 77' lang='lat' dir='ltr'><strong>usque</strong></span> 
     </span>
     <span class='ocr_line' id='line_1_11' title="bbox 403 1283 2759 1362; baseline -0.003 -13"><span class='ocrx_word' id='word_1_90' title='bbox 403 1289 477 1350; x_wconf 87' lang='lat' dir='ltr'><strong>ad</strong></span> <span class='ocrx_word' id='word_1_91' title='bbox 523 1296 791 1360; x_wconf 86' lang='lat' dir='ltr'><strong>centum,</strong></span> <span class='ocrx_word' id='word_1_92' title='bbox 838 1286 1057 1346; x_wconf 88' lang='lat' dir='ltr'><strong>debent</strong></span> <span class='ocrx_word' id='word_1_93' title='bbox 1099 1285 1238 1346; x_wconf 87' lang='lat' dir='ltr'><strong>illud</strong></span> <span class='ocrx_word' id='word_1_94' title='bbox 1286 1285 1503 1345; x_wconf 84' lang='lat' dir='ltr'><strong>habere</strong></span> <span class='ocrx_word' id='word_1_95' title='bbox 1549 1284 1697 1344; x_wconf 75' lang='lat' dir='ltr'><strong>infra</strong></span> <span class='ocrx_word' id='word_1_96' title='bbox 1746 1303 1982 1344; x_wconf 87' lang='lat' dir='ltr'><strong>menses</strong></span> <span class='ocrx_word' id='word_1_97' title='bbox 2026 1303 2129 1344; x_wconf 83' lang='lat' dir='ltr'><strong>sex</strong></span> <span class='ocrx_word' id='word_1_98' title='bbox 2175 1292 2308 1362; x_wconf 84' lang='lat' dir='ltr'><strong>post</strong></span> <span class='ocrx_word' id='word_1_99' title='bbox 2350 1283 2550 1343; x_wconf 85' lang='lat' dir='ltr'><strong>datam</strong></span> <span class='ocrx_word' id='word_1_100' title='bbox 2601 1283 2759 1342; x_wconf 87' lang='lat' dir='ltr'><strong>noti-</strong></span> 
     </span>
     <span class='ocr_line' id='line_1_12' title="bbox 404 1383 2760 1465; baseline -0.003 -14"><span class='ocrx_word' id='word_1_101' title='bbox 404 1390 552 1451; x_wconf 87' lang='lat' dir='ltr'><strong>ciam</strong></span> <span class='ocrx_word' id='word_1_102' title='bbox 599 1384 743 1449; x_wconf 83' lang='lat' dir='ltr'><strong>Duci</strong></span> <span class='ocrx_word' id='word_1_103' title='bbox 790 1389 863 1448; x_wconf 89' lang='lat' dir='ltr'><strong>ab</strong></span> <span class='ocrx_word' id='word_1_104' title='bbox 895 1386 1147 1465; x_wconf 83' lang='lat' dir='ltr'><strong>Imperio</strong></span> <span class='ocrx_word' id='word_1_105' title='bbox 1193 1405 1394 1446; x_wconf 90' lang='lat' dir='ltr'><strong>eorum</strong></span> <span class='ocrx_word' id='word_1_106' title='bbox 1430 1386 1685 1445; x_wconf 83' lang='lat' dir='ltr'><strong>venetie.</strong></span> <span class='ocrx_word' id='word_1_107' title='bbox 1756 1385 2104 1464; x_wconf 83' lang='lat' dir='ltr'><strong>Hujusmodi</strong></span> <span class='ocrx_word' id='word_1_108' title='bbox 2148 1403 2286 1445; x_wconf 74' lang='lat' dir='ltr'><strong>vero</strong></span> <span class='ocrx_word' id='word_1_109' title='bbox 2330 1383 2493 1459; x_wconf 81' lang='lat' dir='ltr'><strong>galee</strong></span> <span class='ocrx_word' id='word_1_110' title='bbox 2529 1383 2760 1443; x_wconf 84' lang='lat' dir='ltr'><strong>debent</strong></span> 
     </span>
     <span class='ocr_line' id='line_1_13' title="bbox 402 1486 2758 1565; baseline -0.002 -17"><span class='ocrx_word' id='word_1_111' title='bbox 402 1489 641 1550; x_wconf 83' lang='lat' dir='ltr'><strong>venetie</strong></span> <span class='ocrx_word' id='word_1_112' title='bbox 687 1488 811 1548; x_wconf 78' lang='lat' dir='ltr'><strong>[ieri</strong></span> <span class='ocrx_word' id='word_1_113' title='bbox 858 1497 916 1547; x_wconf 87' lang='lat' dir='ltr'><strong>et</strong></span> <span class='ocrx_word' id='word_1_114' title='bbox 958 1486 1149 1565; x_wconf 86' lang='lat' dir='ltr'><strong>parari</strong></span> <span class='ocrx_word' id='word_1_115' title='bbox 1199 1504 1229 1545; x_wconf 92' lang='lat' dir='ltr'><strong>a</strong></span> <span class='ocrx_word' id='word_1_116' title='bbox 1265 1486 1553 1546; x_wconf 76' lang='lat' dir='ltr'><strong>veneticis</strong></span> <span class='ocrx_word' id='word_1_117' title='bbox 1597 1504 1729 1546; x_wconf 91' lang='lat' dir='ltr'><strong>cum</strong></span> <span class='ocrx_word' id='word_1_118' title='bbox 1779 1486 2050 1547; x_wconf 86' lang='lat' dir='ltr'><strong>universo</strong></span> <span class='ocrx_word' id='word_1_119' title='bbox 2082 1495 2364 1565; x_wconf 85' lang='lat' dir='ltr'><strong>apparatu</strong></span> <span class='ocrx_word' id='word_1_120' title='bbox 2401 1504 2611 1545; x_wconf 88' lang='lat' dir='ltr'><strong>earum</strong></span> <span class='ocrx_word' id='word_1_121' title='bbox 2649 1504 2758 1564; x_wconf 79' lang='lat' dir='ltr'><strong>per</strong></span> 
     </span>
     <span class='ocr_line' id='line_1_14' title="bbox 402 1585 2753 1670; baseline -0.002 -20"><span class='ocrx_word' id='word_1_122' title='bbox 402 1589 744 1670; x_wconf 80' lang='lat' dir='ltr'><strong>peccuniam</strong></span> <span class='ocrx_word' id='word_1_123' title='bbox 789 1587 927 1648; x_wconf 92' lang='lat' dir='ltr'><strong>illuc</strong></span> <span class='ocrx_word' id='word_1_124' title='bbox 970 1587 1208 1647; x_wconf 87' lang='lat' dir='ltr'><strong>missam</strong></span> <span class='ocrx_word' id='word_1_125' title='bbox 1256 1586 1329 1646; x_wconf 95' lang='lat' dir='ltr'><strong>ab</strong></span> <span class='ocrx_word' id='word_1_126' title='bbox 1362 1586 1614 1665; x_wconf 86' lang='lat' dir='ltr'><strong>lmperio</strong></span> <span class='ocrx_word' id='word_1_127' title='bbox 1659 1606 1883 1657; x_wconf 81' lang='lat' dir='ltr'><strong>eorum,</strong></span> <span class='ocrx_word' id='word_1_128' title='bbox 1930 1587 2015 1646; x_wconf 85' lang='lat' dir='ltr'><strong>vel</strong></span> <span class='ocrx_word' id='word_1_129' title='bbox 2047 1587 2341 1647; x_wconf 89' lang='lat' dir='ltr'><strong>inventam</strong></span> <span class='ocrx_word' id='word_1_130' title='bbox 2383 1585 2464 1645; x_wconf 90' lang='lat' dir='ltr'><strong>ibi</strong></span> <span class='ocrx_word' id='word_1_131' title='bbox 2510 1605 2545 1646; x_wconf 94' lang='lat' dir='ltr'><strong>a</strong></span> <span class='ocrx_word' id='word_1_132' title='bbox 2583 1597 2753 1664; x_wconf 84' lang='lat' dir='ltr'><strong>parte</strong></span> 
     </span>
     <span class='ocr_line' id='line_1_15' title="bbox 403 1687 2754 1766; baseline -0.001 -16"><span class='ocrx_word' id='word_1_133' title='bbox 403 1688 767 1751; x_wconf 75' lang='lat' dir='ltr'><strong>celsitudinis</strong></span> <span class='ocrx_word' id='word_1_134' title='bbox 823 1705 1062 1759; x_wconf 86' lang='lat' dir='ltr'><strong>eorum,</strong></span> <span class='ocrx_word' id='word_1_135' title='bbox 1123 1687 1412 1747; x_wconf 85' lang='lat' dir='ltr'><strong>Veneticis</strong></span> <span class='ocrx_word' id='word_1_136' title='bbox 1470 1688 1610 1747; x_wconf 86' lang='lat' dir='ltr'><strong>dare</strong></span> <span class='ocrx_word' id='word_1_137' title='bbox 1670 1688 2019 1749; x_wconf 81' lang='lat' dir='ltr'><strong>debentibus</strong></span> <span class='ocrx_word' id='word_1_138' title='bbox 2076 1687 2348 1747; x_wconf 85' lang='lat' dir='ltr'><strong>homines</strong></span> <span class='ocrx_word' id='word_1_139' title='bbox 2404 1697 2614 1766; x_wconf 73' lang='lat' dir='ltr'><strong>aptoS,</strong></span> <span class='ocrx_word' id='word_1_140' title='bbox 2692 1696 2754 1748; x_wconf 93' lang='lat' dir='ltr'><strong>ut</strong></span> 
     </span>
     <span class='ocr_line' id='line_1_16' title="bbox 404 1788 2753 1868; baseline -0 -17"><span class='ocrx_word' id='word_1_141' title='bbox 404 1789 810 1868; x_wconf 86' lang='lat' dir='ltr'><strong>unusquisque</strong></span> <span class='ocrx_word' id='word_1_142' title='bbox 856 1806 1058 1848; x_wconf 88' lang='lat' dir='ltr'><strong>eorum</strong></span> <span class='ocrx_word' id='word_1_143' title='bbox 1105 1788 1289 1867; x_wconf 78' lang='lat' dir='ltr'><strong>presit</strong></span> <span class='ocrx_word' id='word_1_144' title='bbox 1342 1788 1739 1868; x_wconf 71' lang='lat' dir='ltr'><strong>properationi</strong></span> <span class='ocrx_word' id='word_1_145' title='bbox 1800 1788 2062 1868; x_wconf 88' lang='lat' dir='ltr'><strong>quinque</strong></span> <span class='ocrx_word' id='word_1_146' title='bbox 2117 1788 2468 1867; x_wconf 84' lang='lat' dir='ltr'><strong>gallearum;</strong></span> <span class='ocrx_word' id='word_1_147' title='bbox 2539 1789 2643 1867; x_wconf 87' lang='lat' dir='ltr'><strong>qui</strong></span> <span class='ocrx_word' id='word_1_148' title='bbox 2696 1800 2753 1850; x_wconf 84' lang='lat' dir='ltr'><strong>et</strong></span> 
     </span>
     <span class='ocr_line' id='line_1_17' title="bbox 397 1889 2749 1972; baseline -0.001 -20"><span class='ocrx_word' id='word_1_149' title='bbox 397 1892 600 1972; x_wconf 69' lang='lat' dir='ltr'><strong>¹jurare</strong></span> <span class='ocrx_word' id='word_1_150' title='bbox 644 1891 878 1964; x_wconf 86' lang='lat' dir='ltr'><strong>debent,</strong></span> <span class='ocrx_word' id='word_1_151' title='bbox 924 1890 1082 1968; x_wconf 87' lang='lat' dir='ltr'><strong>quod</strong></span> <span class='ocrx_word' id='word_1_152' title='bbox 1128 1889 1344 1951; x_wconf 81' lang='lat' dir='ltr'><strong>facient</strong></span> <span class='ocrx_word' id='word_1_153' title='bbox 1387 1909 1487 1950; x_wconf 91' lang='lat' dir='ltr'><strong>eas</strong></span> <span class='ocrx_word' id='word_1_154' title='bbox 1533 1890 1682 1950; x_wconf 89' lang='lat' dir='ltr'><strong>bene</strong></span> <span class='ocrx_word' id='word_1_155' title='bbox 1729 1890 1853 1950; x_wconf 84' lang='lat' dir='ltr'><strong>tieri</strong></span> <span class='ocrx_word' id='word_1_156' title='bbox 1892 1899 1954 1951; x_wconf 90' lang='lat' dir='ltr'><strong>ut</strong></span> <span class='ocrx_word' id='word_1_157' title='bbox 1987 1908 2163 1950; x_wconf 91' lang='lat' dir='ltr'><strong>unam</strong></span> <span class='ocrx_word' id='word_1_158' title='bbox 2196 1906 2491 1968; x_wconf 86' lang='lat' dir='ltr'><strong>quamque</strong></span> <span class='ocrx_word' id='word_1_159' title='bbox 2540 1908 2749 1949; x_wconf 85' lang='lat' dir='ltr'><strong>earnm</strong></span> 
     </span>
     <span class='ocr_line' id='line_1_18' title="bbox 403 1990 2746 2072; baseline -0.002 -18"><span class='ocrx_word' id='word_1_160' title='bbox 403 2001 636 2054; x_wconf 89' lang='lat' dir='ltr'><strong>centum</strong></span> <span class='ocrx_word' id='word_1_161' title='bbox 684 1990 1066 2072; x_wconf 85' lang='lat' dir='ltr'><strong>quadraginta</strong></span> <span class='ocrx_word' id='word_1_162' title='bbox 1113 1992 1237 2051; x_wconf 83' lang='lat' dir='ltr'><strong>sore</strong></span> <span class='ocrx_word' id='word_1_163' title='bbox 1283 1992 1678 2051; x_wconf 77' lang='lat' dir='ltr'><strong>romatorum⁵</strong></span> <span class='ocrx_word' id='word_1_164' title='bbox 1722 2001 1780 2051; x_wconf 88' lang='lat' dir='ltr'><strong>et</strong></span> <span class='ocrx_word' id='word_1_165' title='bbox 1824 2009 1955 2051; x_wconf 92' lang='lat' dir='ltr'><strong>cum</strong></span> <span class='ocrx_word' id='word_1_166' title='bbox 1988 1990 2147 2050; x_wconf 89' lang='lat' dir='ltr'><strong>omni</strong></span> <span class='ocrx_word' id='word_1_167' title='bbox 2186 2000 2469 2070; x_wconf 86' lang='lat' dir='ltr'><strong>apparatu</strong></span> <span class='ocrx_word' id='word_1_168' title='bbox 2515 2010 2746 2061; x_wconf 84' lang='lat' dir='ltr'><strong>earum,</strong></span> 
     </span>
     <span class='ocr_line' id='line_1_19' title="bbox 403 2090 2745 2171; baseline -0.002 -16"><span class='ocrx_word' id='word_1_169' title='bbox 403 2113 533 2155; x_wconf 88' lang='lat' dir='ltr'><strong>cum</strong></span> <span class='ocrx_word' id='word_1_170' title='bbox 581 2092 876 2154; x_wconf 88' lang='lat' dir='ltr'><strong>celeritate</strong></span> <span class='ocrx_word' id='word_1_171' title='bbox 924 2102 979 2153; x_wconf 87' lang='lat' dir='ltr'><strong>et</strong></span> <span class='ocrx_word' id='word_1_172' title='bbox 1025 2091 1152 2153; x_wconf 90' lang='lat' dir='ltr'><strong>sine</strong></span> <span class='ocrx_word' id='word_1_173' title='bbox 1197 2092 1421 2164; x_wconf 78' lang='lat' dir='ltr'><strong>fraude,</strong></span> <span class='ocrx_word' id='word_1_174' title='bbox 1468 2092 1793 2152; x_wconf 85' lang='lat' dir='ltr'><strong>secondum</strong></span> <span class='ocrx_word' id='word_1_175' title='bbox 1841 2092 1996 2171; x_wconf 87' lang='lat' dir='ltr'><strong>quod</strong></span> <span class='ocrx_word' id='word_1_176' title='bbox 2046 2093 2306 2152; x_wconf 76' lang='lat' dir='ltr'><strong>facerent</strong></span> <span class='ocrx_word' id='word_1_177' title='bbox 2349 2110 2451 2152; x_wconf 90' lang='lat' dir='ltr'><strong>eas</strong></span> <span class='ocrx_word' id='word_1_178' title='bbox 2494 2090 2650 2162; x_wconf 80' lang='lat' dir='ltr'><strong>fleri,</strong></span> <span class='ocrx_word' id='word_1_179' title='bbox 2698 2091 2745 2152; x_wconf 86' lang='lat' dir='ltr'><strong>si</strong></span> 
     </span>
     <span class='ocr_line' id='line_1_20' title="bbox 401 2192 2745 2277; baseline -0.001 -22"><span class='ocrx_word' id='word_1_180' title='bbox 401 2195 564 2277; x_wconf 81' lang='lat' dir='ltr'><strong>galee</strong></span> <span class='ocrx_word' id='word_1_181' title='bbox 609 2203 807 2255; x_wconf 88' lang='lat' dir='ltr'><strong>essent</strong></span> <span class='ocrx_word' id='word_1_182' title='bbox 851 2193 1123 2266; x_wconf 79' lang='lat' dir='ltr'><strong>venetie,</strong></span> <span class='ocrx_word' id='word_1_183' title='bbox 1182 2204 1282 2254; x_wconf 87' lang='lat' dir='ltr'><strong>aut</strong></span> <span class='ocrx_word' id='word_1_184' title='bbox 1337 2194 1383 2253; x_wconf 90' lang='lat' dir='ltr'><strong>si</strong></span> <span class='ocrx_word' id='word_1_185' title='bbox 1443 2212 1575 2253; x_wconf 89' lang='lat' dir='ltr'><strong>cum</strong></span> <span class='ocrx_word' id='word_1_186' title='bbox 1637 2193 1917 2273; x_wconf 81' lang='lat' dir='ltr'><strong>peccunia</strong></span> <span class='ocrx_word' id='word_1_187' title='bbox 1980 2192 2102 2253; x_wconf 82' lang='lat' dir='ltr'><strong>fleri</strong></span> <span class='ocrx_word' id='word_1_188' title='bbox 2150 2192 2435 2253; x_wconf 86' lang='lat' dir='ltr'><strong>deberent</strong></span> <span class='ocrx_word' id='word_1_189' title='bbox 2476 2192 2745 2253; x_wconf 76' lang='lat' dir='ltr'><strong>venetie.</strong></span> 
     </span>
     <span class='ocr_line' id='line_1_21' title="bbox 401 2292 2749 2375; baseline -0.001 -18"><span class='ocrx_word' id='word_1_190' title='bbox 401 2297 477 2357; x_wconf 86' lang='lat' dir='ltr'><strong>Et</strong></span> <span class='ocrx_word' id='word_1_191' title='bbox 521 2297 926 2375; x_wconf 87' lang='lat' dir='ltr'><strong>unusquisque</strong></span> <span class='ocrx_word' id='word_1_192' title='bbox 971 2313 1173 2357; x_wconf 87' lang='lat' dir='ltr'><strong>eorum</strong></span> <span class='ocrx_word' id='word_1_193' title='bbox 1218 2292 1393 2354; x_wconf 81' lang='lat' dir='ltr'><strong>(lebet</strong></span> <span class='ocrx_word' id='word_1_194' title='bbox 1437 2294 1702 2373; x_wconf 86' lang='lat' dir='ltr'><strong>accipere</strong></span> <span class='ocrx_word' id='word_1_195' title='bbox 1761 2295 1833 2354; x_wconf 90' lang='lat' dir='ltr'><strong>de</strong></span> <span class='ocrx_word' id='word_1_196' title='bbox 1892 2294 2161 2355; x_wconf 83' lang='lat' dir='ltr'><strong>vestiario</strong></span> <span class='ocrx_word' id='word_1_197' title='bbox 2213 2294 2436 2354; x_wconf 90' lang='lat' dir='ltr'><strong>domini</strong></span> <span class='ocrx_word' id='word_1_198' title='bbox 2480 2293 2749 2374; x_wconf 82' lang='lat' dir='ltr'><strong>Impera·</strong></span> 
     </span>
     <span class='ocr_line' id='line_1_22' title="bbox 401 2394 1880 2476; baseline -0.001 -18"><span class='ocrx_word' id='word_1_199' title='bbox 401 2398 545 2458; x_wconf 87' lang='lat' dir='ltr'><strong>toris</strong></span> <span class='ocrx_word' id='word_1_200' title='bbox 588 2395 950 2457; x_wconf 80' lang='lat' dir='ltr'><strong>liberalitatis</strong></span> <span class='ocrx_word' id='word_1_201' title='bbox 994 2394 1187 2474; x_wconf 86' lang='lat' dir='ltr'><strong>gracia</strong></span> <span class='ocrx_word' id='word_1_202' title='bbox 1233 2414 1517 2475; x_wconf 70' lang='lat' dir='ltr'><strong>yperpera</strong></span> <span class='ocrx_word' id='word_1_203' title='bbox 1562 2395 1880 2476; x_wconf 81' lang='lat' dir='ltr'><strong>sexaginta.</strong></span> 
     </span>
    </p>

    <p class='ocr_par' dir='ltr' id='par_1_6' title="bbox 397 2494 2741 3182">
     <span class='ocr_line' id='line_1_23' title="bbox 570 2494 2741 2577; baseline -0 -21"><span class='ocrx_word' id='word_1_204' title='bbox 570 2497 749 2558; x_wconf 90' lang='lat' dir='ltr'><strong>ltem</strong></span> <span class='ocrx_word' id='word_1_205' title='bbox 794 2496 1037 2560; x_wconf 79' lang='lat' dir='ltr'><strong>comites</strong></span> <span class='ocrx_word' id='word_1_206' title='bbox 1082 2494 1417 2575; x_wconf 87' lang='lat' dir='ltr'><strong>hujusmodi</strong></span> <span class='ocrx_word' id='word_1_207' title='bbox 1464 2494 1759 2575; x_wconf 84' lang='lat' dir='ltr'><strong>galearum</strong></span> <span class='ocrx_word' id='word_1_208' title='bbox 1808 2498 2025 2558; x_wconf 88' lang='lat' dir='ltr'><strong>debent</strong></span> <span class='ocrx_word' id='word_1_209' title='bbox 2061 2496 2263 2577; x_wconf 87' lang='lat' dir='ltr'><strong>jurare</strong></span> <span class='ocrx_word' id='word_1_210' title='bbox 2308 2514 2491 2576; x_wconf 90' lang='lat' dir='ltr'><strong>super</strong></span> <span class='ocrx_word' id='word_1_211' title='bbox 2536 2503 2741 2556; x_wconf 82' lang='lat' dir='ltr'><strong>sancta</strong></span> 
     </span>
     <span class='ocr_line' id='line_1_24' title="bbox 400 2596 2737 2677; baseline 0 -19"><span class='ocrx_word' id='word_1_212' title='bbox 400 2599 491 2658; x_wconf 89' lang='lat' dir='ltr'><strong>dei</strong></span> <span class='ocrx_word' id='word_1_213' title='bbox 537 2598 851 2675; x_wconf 86' lang='lat' dir='ltr'><strong>evangelia,</strong></span> <span class='ocrx_word' id='word_1_214' title='bbox 899 2597 1054 2677; x_wconf 84' lang='lat' dir='ltr'><strong>qnod</strong></span> <span class='ocrx_word' id='word_1_215' title='bbox 1102 2598 1160 2657; x_wconf 89' lang='lat' dir='ltr'><strong>in</strong></span> <span class='ocrx_word' id='word_1_216' title='bbox 1209 2615 1321 2657; x_wconf 92' lang='lat' dir='ltr'><strong>una</strong></span> <span class='ocrx_word' id='word_1_217' title='bbox 1370 2616 1602 2677; x_wconf 85' lang='lat' dir='ltr'><strong>quaque</strong></span> <span class='ocrx_word' id='word_1_218' title='bbox 1634 2618 1832 2659; x_wconf 88' lang='lat' dir='ltr'><strong>earum</strong></span> <span class='ocrx_word' id='word_1_219' title='bbox 1866 2608 2041 2659; x_wconf 87' lang='lat' dir='ltr'><strong>erunt</strong></span> <span class='ocrx_word' id='word_1_220' title='bbox 2068 2607 2303 2660; x_wconf 81' lang='lat' dir='ltr'><strong>centum</strong></span> <span class='ocrx_word' id='word_1_221' title='bbox 2349 2596 2737 2676; x_wconf 80' lang='lat' dir='ltr'><strong>quadraginta</strong></span> 
     </span>
     <span class='ocr_line' id='line_1_25' title="bbox 397 2696 2741 2780; baseline 0 -23"><span class='ocrx_word' id='word_1_222' title='bbox 397 2698 687 2771; x_wconf 86' lang='lat' dir='ltr'><strong>homines,</strong></span> <span class='ocrx_word' id='word_1_223' title='bbox 734 2697 783 2758; x_wconf 90' lang='lat' dir='ltr'><strong>si</strong></span> <span class='ocrx_word' id='word_1_224' title='bbox 832 2709 915 2759; x_wconf 87' lang='lat' dir='ltr'><strong>tot</strong></span> <span class='ocrx_word' id='word_1_225' title='bbox 957 2697 1261 2758; x_wconf 84' lang='lat' dir='ltr'><strong>hominum</strong></span> <span class='ocrx_word' id='word_1_226' title='bbox 1308 2717 1444 2777; x_wconf 87' lang='lat' dir='ltr'><strong>roga</strong></span> <span class='ocrx_word' id='word_1_227' title='bbox 1493 2699 1578 2761; x_wconf 89' lang='lat' dir='ltr'><strong>eis</strong></span> <span class='ocrx_word' id='word_1_228' title='bbox 1623 2701 1753 2761; x_wconf 87' lang='lat' dir='ltr'><strong>data</strong></span> <span class='ocrx_word' id='word_1_229' title='bbox 1803 2701 1993 2774; x_wconf 79' lang='lat' dir='ltr'><strong>luerit,</strong></span> <span class='ocrx_word' id='word_1_230' title='bbox 2040 2700 2295 2780; x_wconf 83' lang='lat' dir='ltr'><strong>exceptis</strong></span> <span class='ocrx_word' id='word_1_231' title='bbox 2332 2696 2741 2759; x_wconf 74' lang='lat' dir='ltr'><strong>moventibus⁶</strong></span> 
     </span>
     <span class='ocr_line' id='line_1_26' title="bbox 399 2799 2740 2878; baseline -0.001 -18"><span class='ocrx_word' id='word_1_232' title='bbox 399 2810 459 2860; x_wconf 85' lang='lat' dir='ltr'><strong>et</strong></span> <span class='ocrx_word' id='word_1_233' title='bbox 503 2799 631 2860; x_wconf 88' lang='lat' dir='ltr'><strong>sine</strong></span> <span class='ocrx_word' id='word_1_234' title='bbox 677 2799 890 2860; x_wconf 83' lang='lat' dir='ltr'><strong>noticia</strong></span> <span class='ocrx_word' id='word_1_235' title='bbox 940 2817 1143 2859; x_wconf 85' lang='lat' dir='ltr'><strong>eorum</strong></span> <span class='ocrx_word' id='word_1_236' title='bbox 1193 2799 1645 2878; x_wconf 70' lang='lat' dir='ltr'><strong>aufugientibus.</strong></span> <span class='ocrx_word' id='word_1_237' title='bbox 1736 2802 1944 2861; x_wconf 89' lang='lat' dir='ltr'><strong>Verum</strong></span> <span class='ocrx_word' id='word_1_238' title='bbox 1991 2811 2185 2862; x_wconf 85' lang='lat' dir='ltr'><strong>tamen</strong></span> <span class='ocrx_word' id='word_1_239' title='bbox 2220 2800 2465 2860; x_wconf 80' lang='lat' dir='ltr'><strong>comites</strong></span> <span class='ocrx_word' id='word_1_240' title='bbox 2501 2800 2740 2859; x_wconf 76' lang='lat' dir='ltr'><strong>festina·</strong></span> 
     </span>
     <span class='ocr_line' id='line_1_27' title="bbox 397 2888 2735 2981; baseline -0.001 -19"><span class='ocrx_word' id='word_1_241' title='bbox 397 2901 563 2976; x_wconf 82' lang='lat' dir='ltr'><strong>bunt,</strong></span> <span class='ocrx_word' id='word_1_242' title='bbox 611 2901 764 2962; x_wconf 91' lang='lat' dir='ltr'><strong>bona</strong></span> <span class='ocrx_word' id='word_1_243' title='bbox 812 2900 925 2961; x_wconf 82' lang='lat' dir='ltr'><strong>tide</strong></span> <span class='ocrx_word' id='word_1_244' title='bbox 971 2888 1319 2981; x_wconf 74' lang='lat' dir='ltr'><strong>recuperare</strong></span> <span class='ocrx_word' id='word_1_245' title='bbox 1365 2901 1556 2962; x_wconf 85' lang='lat' dir='ltr'><strong>datam</strong></span> <span class='ocrx_word' id='word_1_246' title='bbox 1606 2902 1690 2963; x_wconf 90' lang='lat' dir='ltr'><strong>eis</strong></span> <span class='ocrx_word' id='word_1_247' title='bbox 1737 2920 1968 2981; x_wconf 81' lang='lat' dir='ltr'><strong>rogam;</strong></span> <span class='ocrx_word' id='word_1_248' title='bbox 2013 2911 2073 2962; x_wconf 91' lang='lat' dir='ltr'><strong>et</strong></span> <span class='ocrx_word' id='word_1_249' title='bbox 2116 2901 2162 2962; x_wconf 89' lang='lat' dir='ltr'><strong>si</strong></span> <span class='ocrx_word' id='word_1_250' title='bbox 2209 2921 2338 2961; x_wconf 89' lang='lat' dir='ltr'><strong>eam</strong></span> <span class='ocrx_word' id='word_1_251' title='bbox 2383 2919 2735 2980; x_wconf 87' lang='lat' dir='ltr'><strong>recuperare</strong></span> 
     </span>
     <span class='ocr_line' id='line_1_28' title="bbox 398 3001 2729 3082; baseline -0.001 -20"><span class='ocrx_word' id='word_1_252' title='bbox 398 3010 679 3082; x_wconf 81' lang='lat' dir='ltr'><strong>possunt,</strong></span> <span class='ocrx_word' id='word_1_253' title='bbox 740 3002 1021 3064; x_wconf 87' lang='lat' dir='ltr'><strong>inducent</strong></span> <span class='ocrx_word' id='word_1_254' title='bbox 1064 3002 1207 3062; x_wconf 86' lang='lat' dir='ltr'><strong>alios</strong></span> <span class='ocrx_word' id='word_1_255' title='bbox 1251 3021 1361 3081; x_wconf 87' lang='lat' dir='ltr'><strong>pro</strong></span> <span class='ocrx_word' id='word_1_256' title='bbox 1406 3002 1491 3063; x_wconf 90' lang='lat' dir='ltr'><strong>eis</strong></span> <span class='ocrx_word' id='word_1_257' title='bbox 1537 3004 1594 3063; x_wconf 91' lang='lat' dir='ltr'><strong>in</strong></span> <span class='ocrx_word' id='word_1_258' title='bbox 1642 3003 1836 3082; x_wconf 80' lang='lat' dir='ltr'><strong>galeas</strong></span> <span class='ocrx_word' id='word_1_259' title='bbox 1883 3021 2118 3077; x_wconf 87' lang='lat' dir='ltr'><strong>eorum,</strong></span> <span class='ocrx_word' id='word_1_260' title='bbox 2176 3001 2263 3062; x_wconf 84' lang='lat' dir='ltr'><strong>vel</strong></span> <span class='ocrx_word' id='word_1_261' title='bbox 2307 3002 2556 3062; x_wconf 85' lang='lat' dir='ltr'><strong>reddent</strong></span> <span class='ocrx_word' id='word_1_262' title='bbox 2601 3020 2729 3061; x_wconf 85' lang='lat' dir='ltr'><strong>eam</strong></span> 
     </span>
     <span class='ocr_line' id='line_1_29' title="bbox 397 3098 1327 3182; baseline 0 -18"><span class='ocrx_word' id='word_1_263' title='bbox 397 3103 619 3164; x_wconf 84' lang='lat' dir='ltr'><strong>bomini</strong></span> <span class='ocrx_word' id='word_1_264' title='bbox 666 3103 885 3163; x_wconf 88' lang='lat' dir='ltr'><strong>domini</strong></span> <span class='ocrx_word' id='word_1_265' title='bbox 932 3098 1327 3182; x_wconf 77' lang='lat' dir='ltr'><strong>Imperatoris,</strong></span> 
     </span>
    </p>

    <p class='ocr_par' dir='ltr' id='par_1_7' title="bbox 394 3203 2739 3586">
     <span class='ocr_line' id='line_1_30' title="bbox 567 3203 2738 3284; baseline -0.001 -18"><span class='ocrx_word' id='word_1_266' title='bbox 567 3206 746 3266; x_wconf 88' lang='lat' dir='ltr'><strong>ltem</strong></span> <span class='ocrx_word' id='word_1_267' title='bbox 789 3203 1076 3284; x_wconf 82' lang='lat' dir='ltr'><strong>jurabunt</strong></span> <span class='ocrx_word' id='word_1_268' title='bbox 1118 3204 1392 3276; x_wconf 80' lang='lat' dir='ltr'><strong>comiteS‚</strong></span> <span class='ocrx_word' id='word_1_269' title='bbox 1449 3205 1605 3284; x_wconf 90' lang='lat' dir='ltr'><strong>qnod</strong></span> <span class='ocrx_word' id='word_1_270' title='bbox 1654 3204 1987 3264; x_wconf 82' lang='lat' dir='ltr'><strong>universum</strong></span> <span class='ocrx_word' id='word_1_271' title='bbox 2034 3213 2379 3283; x_wconf 87' lang='lat' dir='ltr'><strong>apparatum</strong></span> <span class='ocrx_word' id='word_1_272' title='bbox 2425 3203 2571 3283; x_wconf 88' lang='lat' dir='ltr'><strong>ipsis</strong></span> <span class='ocrx_word' id='word_1_273' title='bbox 2618 3214 2738 3264; x_wconf 88' lang='lat' dir='ltr'><strong>tra-</strong></span> 
     </span>
     <span class='ocr_line' id='line_1_31' title="bbox 396 3303 2737 3384; baseline -0 -18"><span class='ocrx_word' id='word_1_274' title='bbox 396 3303 578 3367; x_wconf 81' lang='lat' dir='ltr'><strong>ditum</strong></span> <span class='ocrx_word' id='word_1_275' title='bbox 626 3306 958 3366; x_wconf 88' lang='lat' dir='ltr'><strong>conducent</strong></span> <span class='ocrx_word' id='word_1_276' title='bbox 1001 3305 1071 3366; x_wconf 88' lang='lat' dir='ltr'><strong>ad</strong></span> <span class='ocrx_word' id='word_1_277' title='bbox 1117 3303 1402 3366; x_wconf 87' lang='lat' dir='ltr'><strong>honorem</strong></span> <span class='ocrx_word' id='word_1_278' title='bbox 1451 3304 1684 3384; x_wconf 86' lang='lat' dir='ltr'><strong>Imperii</strong></span> <span class='ocrx_word' id='word_1_279' title='bbox 1732 3324 1933 3365; x_wconf 88' lang='lat' dir='ltr'><strong>eorum</strong></span> <span class='ocrx_word' id='word_1_280' title='bbox 1978 3315 2037 3367; x_wconf 91' lang='lat' dir='ltr'><strong>et</strong></span> <span class='ocrx_word' id='word_1_281' title='bbox 2080 3304 2327 3366; x_wconf 87' lang='lat' dir='ltr'><strong>salutem</strong></span> <span class='ocrx_word' id='word_1_282' title='bbox 2360 3303 2539 3365; x_wconf 83' lang='lat' dir='ltr'><strong>nostri</strong></span> <span class='ocrx_word' id='word_1_283' title='bbox 2570 3305 2737 3365; x_wconf 86' lang='lat' dir='ltr'><strong>stoli.</strong></span> 
     </span>
     <span class='ocr_line' id='line_1_32' title="bbox 394 3404 2739 3487; baseline -0 -20"><span class='ocrx_word' id='word_1_284' title='bbox 394 3407 678 3480; x_wconf 81' lang='lat' dir='ltr'><strong>Homines</strong></span> <span class='ocrx_word' id='word_1_285' title='bbox 723 3416 916 3467; x_wconf 86' lang='lat' dir='ltr'><strong>autem</strong></span> <span class='ocrx_word' id='word_1_286' title='bbox 960 3406 1255 3484; x_wconf 88' lang='lat' dir='ltr'><strong>galearum</strong></span> <span class='ocrx_word' id='word_1_287' title='bbox 1305 3405 1475 3466; x_wconf 89' lang='lat' dir='ltr'><strong>talem</strong></span> <span class='ocrx_word' id='word_1_288' title='bbox 1523 3405 1735 3466; x_wconf 83' lang='lat' dir='ltr'><strong>debent</strong></span> <span class='ocrx_word' id='word_1_289' title='bbox 1784 3424 1984 3485; x_wconf 84' lang='lat' dir='ltr'><strong>rogam</strong></span> <span class='ocrx_word' id='word_1_290' title='bbox 2030 3406 2314 3487; x_wconf 86' lang='lat' dir='ltr'><strong>accipere,</strong></span> <span class='ocrx_word' id='word_1_291' title='bbox 2362 3404 2593 3486; x_wconf 86' lang='lat' dir='ltr'><strong>qualem</strong></span> <span class='ocrx_word' id='word_1_292' title='bbox 2624 3405 2739 3466; x_wconf 83' lang='lat' dir='ltr'><strong>Ve-</strong></span> 
     </span>
     <span class='ocr_line' id='line_1_33' title="bbox 395 3505 1579 3586; baseline -0.002 -19"><span class='ocrx_word' id='word_1_293' title='bbox 395 3507 568 3567; x_wconf 85' lang='lat' dir='ltr'><strong>netici</strong></span> <span class='ocrx_word' id='word_1_294' title='bbox 616 3506 771 3586; x_wconf 85' lang='lat' dir='ltr'><strong>apud</strong></span> <span class='ocrx_word' id='word_1_295' title='bbox 821 3507 1149 3586; x_wconf 77' lang='lat' dir='ltr'><strong>Coryphum</strong></span> <span class='ocrx_word' id='word_1_296' title='bbox 1197 3505 1579 3584; x_wconf 83' lang='lat' dir='ltr'><strong>accipiebant.</strong></span> 
     </span>
    </p>

    <p class='ocr_par' dir='ltr' id='par_1_8' title="bbox 392 3606 2741 3990">
     <span class='ocr_line' id='line_1_34' title="bbox 564 3606 2732 3686; baseline 0.001 -20"><span class='ocrx_word' id='word_1_297' title='bbox 564 3606 743 3667; x_wconf 91' lang='lat' dir='ltr'><strong>ltem</strong></span> <span class='ocrx_word' id='word_1_298' title='bbox 803 3617 888 3680; x_wconf 87' lang='lat' dir='ltr'><strong>et,</strong></span> <span class='ocrx_word' id='word_1_299' title='bbox 946 3607 995 3667; x_wconf 91' lang='lat' dir='ltr'><strong>si</strong></span> <span class='ocrx_word' id='word_1_300' title='bbox 1054 3607 1368 3685; x_wconf 83' lang='lat' dir='ltr'><strong>Imperium</strong></span> <span class='ocrx_word' id='word_1_301' title='bbox 1428 3625 1631 3667; x_wconf 86' lang='lat' dir='ltr'><strong>eorum</strong></span> <span class='ocrx_word' id='word_1_302' title='bbox 1680 3606 1924 3669; x_wconf 86' lang='lat' dir='ltr'><strong>voluerit</strong></span> <span class='ocrx_word' id='word_1_303' title='bbox 1978 3608 2039 3668; x_wconf 90' lang='lat' dir='ltr'><strong>in</strong></span> <span class='ocrx_word' id='word_1_304' title='bbox 2098 3626 2345 3668; x_wconf 90' lang='lat' dir='ltr'><strong>numero</strong></span> <span class='ocrx_word' id='word_1_305' title='bbox 2393 3606 2732 3686; x_wconf 83' lang='lat' dir='ltr'><strong>hujusmodi</strong></span> 
     </span>
     <span class='ocr_line' id='line_1_35' title="bbox 395 3705 2739 3788; baseline 0 -17"><span class='ocrx_word' id='word_1_306' title='bbox 395 3718 630 3771; x_wconf 89' lang='lat' dir='ltr'><strong>centum</strong></span> <span class='ocrx_word' id='word_1_307' title='bbox 675 3706 971 3788; x_wconf 88' lang='lat' dir='ltr'><strong>galearum</strong></span> <span class='ocrx_word' id='word_1_308' title='bbox 1019 3705 1315 3768; x_wconf 84' lang='lat' dir='ltr'><strong>servitium</strong></span> <span class='ocrx_word' id='word_1_309' title='bbox 1363 3707 1772 3769; x_wconf 83' lang='lat' dir='ltr'><strong>veneticorum</strong></span> <span class='ocrx_word' id='word_1_310' title='bbox 1832 3709 1891 3769; x_wconf 90' lang='lat' dir='ltr'><strong>in</strong></span> <span class='ocrx_word' id='word_1_311' title='bbox 1950 3719 2069 3771; x_wconf 89' lang='lat' dir='ltr'><strong>tota</strong></span> <span class='ocrx_word' id='word_1_312' title='bbox 2124 3708 2408 3770; x_wconf 85' lang='lat' dir='ltr'><strong>Romania</strong></span> <span class='ocrx_word' id='word_1_313' title='bbox 2468 3709 2739 3772; x_wconf 79' lang='lat' dir='ltr'><strong>invento·</strong></span> 
     </span>
     <span class='ocr_line' id='line_1_36' title="bbox 393 3807 2737 3889; baseline 0 -18"><span class='ocrx_word' id='word_1_314' title='bbox 393 3830 556 3884; x_wconf 90' lang='lat' dir='ltr'><strong>rum,</strong></span> <span class='ocrx_word' id='word_1_315' title='bbox 615 3808 790 3870; x_wconf 86' lang='lat' dir='ltr'><strong>debet</strong></span> <span class='ocrx_word' id='word_1_316' title='bbox 833 3808 973 3870; x_wconf 90' lang='lat' dir='ltr'><strong>illud</strong></span> <span class='ocrx_word' id='word_1_317' title='bbox 1020 3807 1238 3869; x_wconf 86' lang='lat' dir='ltr'><strong>habere</strong></span> <span class='ocrx_word' id='word_1_318' title='bbox 1284 3828 1416 3870; x_wconf 89' lang='lat' dir='ltr'><strong>cum</strong></span> <span class='ocrx_word' id='word_1_319' title='bbox 1464 3818 1549 3871; x_wconf 87' lang='lat' dir='ltr'><strong>tot</strong></span> <span class='ocrx_word' id='word_1_320' title='bbox 1590 3810 1813 3870; x_wconf 88' lang='lat' dir='ltr'><strong>scilicet</strong></span> <span class='ocrx_word' id='word_1_321' title='bbox 1854 3810 2066 3889; x_wconf 84' lang='lat' dir='ltr'><strong>galeis,</strong></span> <span class='ocrx_word' id='word_1_322' title='bbox 2124 3820 2267 3889; x_wconf 86' lang='lat' dir='ltr'><strong>quot</strong></span> <span class='ocrx_word' id='word_1_323' title='bbox 2309 3809 2522 3870; x_wconf 88' lang='lat' dir='ltr'><strong>armari</strong></span> <span class='ocrx_word' id='word_1_324' title='bbox 2573 3819 2737 3889; x_wconf 85' lang='lat' dir='ltr'><strong>pote-</strong></span> 
     </span>
     <span class='ocr_line' id='line_1_37' title="bbox 392 3909 2741 3990; baseline -0.001 -16"><span class='ocrx_word' id='word_1_325' title='bbox 392 3923 532 3974; x_wconf 90' lang='lat' dir='ltr'><strong>runt</strong></span> <span class='ocrx_word' id='word_1_326' title='bbox 576 3911 648 3972; x_wconf 86' lang='lat' dir='ltr'><strong>de</strong></span> <span class='ocrx_word' id='word_1_327' title='bbox 694 3911 946 3972; x_wconf 88' lang='lat' dir='ltr'><strong>inventis</strong></span> <span class='ocrx_word' id='word_1_328' title='bbox 991 3910 1257 3986; x_wconf 87' lang='lat' dir='ltr'><strong>Venetis,</strong></span> <span class='ocrx_word' id='word_1_329' title='bbox 1316 3930 1386 3971; x_wconf 86' lang='lat' dir='ltr'><strong>ex</strong></span> <span class='ocrx_word' id='word_1_330' title='bbox 1443 3920 1695 3990; x_wconf 89' lang='lat' dir='ltr'><strong>quatuor</strong></span> <span class='ocrx_word' id='word_1_331' title='bbox 1752 3911 1937 3973; x_wconf 86' lang='lat' dir='ltr'><strong>tribus</strong></span> <span class='ocrx_word' id='word_1_332' title='bbox 1994 3912 2054 3972; x_wconf 90' lang='lat' dir='ltr'><strong>in</strong></span> <span class='ocrx_word' id='word_1_333' title='bbox 2100 3911 2295 3990; x_wconf 89' lang='lat' dir='ltr'><strong>galeas</strong></span> <span class='ocrx_word' id='word_1_334' title='bbox 2339 3909 2599 3972; x_wconf 89' lang='lat' dir='ltr'><strong>inductis</strong></span> <span class='ocrx_word' id='word_1_335' title='bbox 2644 3930 2741 3972; x_wconf 89' lang='lat' dir='ltr'><strong>se·</strong></span> 
     </span>
    </p>
   </div>
   <div class='ocr_carea' id='block_1_6' title="bbox 389 4159 2741 4382">
    <p class='ocr_par' dir='ltr' id='par_1_9' title="bbox 389 4159 2741 4382">
     <span class='ocr_line' id='line_1_38' title="bbox 528 4159 2741 4229; baseline 0.002 -19"><span class='ocrx_word' id='word_1_336' title='bbox 528 4159 548 4187; x_wconf 84' lang='lat'><strong>⁴</strong></span> <span class='ocrx_word' id='word_1_337' title='bbox 588 4164 737 4212; x_wconf 79' lang='lat' dir='ltr'><strong>Verba</strong></span> <span class='ocrx_word' id='word_1_338' title='bbox 773 4181 919 4229; x_wconf 78' lang='lat' dir='ltr'><strong>usque</strong></span> <span class='ocrx_word' id='word_1_339' title='bbox 953 4168 1017 4214; x_wconf 78' lang='lat' dir='ltr'><strong>ad</strong></span> <span class='ocrx_word' id='word_1_340' title='bbox 1050 4172 1228 4216; x_wconf 76' lang='lat' dir='ltr'><strong>centum</strong></span> <span class='ocrx_word' id='word_1_341' title='bbox 1265 4165 1356 4213; x_wconf 85' lang='lat' dir='ltr'><strong>hoc</strong></span> <span class='ocrx_word' id='word_1_342' title='bbox 1391 4164 1499 4213; x_wconf 87' lang='lat' dir='ltr'><strong>loco</strong></span> <span class='ocrx_word' id='word_1_343' title='bbox 1532 4166 1843 4229; x_wconf 80' lang='lat' dir='ltr'><strong>expungenda</strong></span> <span class='ocrx_word' id='word_1_344' title='bbox 1869 4181 1977 4215; x_wconf 80' lang='lat' dir='ltr'><strong>esse</strong></span> <span class='ocrx_word' id='word_1_345' title='bbox 2003 4166 2237 4217; x_wconf 81' lang='lat' dir='ltr'><strong>videntur.</strong></span> <span class='ocrx_word' id='word_1_346' title='bbox 2308 4165 2559 4215; x_wconf 72' lang='lat' dir='ltr'><strong>Habentur</strong></span> <span class='ocrx_word' id='word_1_347' title='bbox 2575 4173 2741 4217; x_wconf 76' lang='lat' dir='ltr'><strong>tamen</strong></span> 
     </span>
     <span class='ocr_line' id='line_1_39' title="bbox 394 4244 2741 4314; baseline 0.003 -20"><span class='ocrx_word' id='word_1_348' title='bbox 394 4247 537 4295; x_wconf 84' lang='lat' dir='ltr'><strong>etiam</strong></span> <span class='ocrx_word' id='word_1_349' title='bbox 586 4246 706 4296; x_wconf 75' lang='lat' dir='ltr'><strong>infra</strong></span> <span class='ocrx_word' id='word_1_350' title='bbox 755 4248 867 4297; x_wconf 82' lang='lat' dir='ltr'><strong>Nov.</strong></span> <span class='ocrx_word' id='word_1_351' title='bbox 903 4249 1032 4297; x_wconf 80' lang='lat' dir='ltr'><strong>XCV.</strong></span> <span class='ocrx_word' id='word_1_352' title='bbox 1226 4244 1246 4274; x_wconf 78' lang='lat'>³</span> <span class='ocrx_word' id='word_1_353' title='bbox 1294 4248 1418 4297; x_wconf 87' lang='lat' dir='ltr'><strong>Libri</strong></span> <span class='ocrx_word' id='word_1_354' title='bbox 1472 4255 1752 4312; x_wconf 82' lang='lat' dir='ltr'><strong>pactorum:</strong></span> <span class='ocrx_word' id='word_1_355' title='bbox 1802 4259 2104 4314; x_wconf 74' lang='lat' dir='ltr'><strong>remotorum,</strong></span> <span class='ocrx_word' id='word_1_356' title='bbox 2163 4251 2340 4300; x_wconf 63' lang='lat' dir='ltr'><strong>Narin:</strong></span> <span class='ocrx_word' id='word_1_357' title='bbox 2390 4252 2741 4314; x_wconf 63' lang='lat' dir='ltr'><strong>remiyaaeonm.</strong></span> 
     </span>
     <span class='ocr_line' id='line_1_40' title="bbox 389 4327 1616 4382; baseline 0.002 -4"><span class='ocrx_word' id='word_1_358' title='bbox 389 4327 411 4355; x_wconf 83' lang='lat'><strong><em>⁶</em></strong></span> <span class='ocrx_word' id='word_1_359' title='bbox 453 4329 635 4378; x_wconf 78' lang='lat' dir='ltr'><strong>Maria:</strong></span> <span class='ocrx_word' id='word_1_360' title='bbox 674 4333 993 4381; x_wconf 76' lang='lat' dir='ltr'><strong>morientibus.</strong></span> <span class='ocrx_word' id='word_1_361' title='bbox 1064 4331 1144 4379; x_wconf 86' lang='lat' dir='ltr'><strong>Sic</strong></span> <span class='ocrx_word' id='word_1_362' title='bbox 1182 4331 1301 4381; x_wconf 79' lang='lat' dir='ltr'><strong>infra</strong></span> <span class='ocrx_word' id='word_1_363' title='bbox 1337 4332 1448 4382; x_wconf 85' lang='lat' dir='ltr'><strong>Nov.</strong></span> <span class='ocrx_word' id='word_1_364' title='bbox 1485 4332 1616 4381; x_wconf 78' lang='lat' dir='ltr'>XCV.</span> 
     </span>
    </p>
   </div>
   <div class='ocr_carea' id='block_1_7' title="bbox 2870 1950 2875 2524">
    <p class='ocr_par' dir='ltr' id='par_1_10' title="bbox 2870 1950 2875 2524">
     <span class='ocr_line' id='line_1_41' title="bbox 2870 1950 2875 2524; baseline 0 0"><span class='ocrx_word' id='word_1_365' title='bbox 2870 1950 2875 2524; x_wconf 95' lang='lat' dir='ltr'><strong> </strong></span> 
     </span>
    </p>
   </div>
  </div>
 </body>
</html>
