2900 4950
351 234 468 295 164
1092 247 1211 297 con.
1249 248 1305 297 n.
1376 247 1491 296 Nov.
1528 246 1697 296 van.
1735 246 1926 297 varn.

342 404 540 484 μένην
585 389 782 461 αὐτὸν
823 400 1148 479 τιμωρίαν
1193 393 1386 472 εἷδιὺς
1445 389 1590 461 ἀντὶ
1656 397 1774 482 τῆς
1832 395 1899 462 ἐν
1943 403 2088 472 τοῖς
2130 393 2483 478 πολεμίοις
2522 396 2698 483 βιώ-

346 522 512 575 σεως
554 494 728 563 οὕτω
773 499 1026 582 πικρῶς
1070 496 1137 562 ἓν
1181 499 1259 584 τῇ
1305 497 1585 581 πατρίδι
1627 502 1866 563 θανεῖν
1912 494 2420 583 προαιρήσεται.

514 597 776 681 Διόπερ
832 598 1073 684 ταύτην
1128 598 1248 681 μὲν
1292 597 1409 684 τὴν
1458 592 1866 682 ἀποτομίαν,
1924 597 2037 664 ἵνα
2078 596 2169 681 μὴ
2216 597 2385 682 λέγω
2431 592 2697 668 ἀδικίαν

346 703 517 778 (πῶς
558 698 679 784 γὰρ
727 693 840 781 οὐκ
885 696 1131 778 ἄδικον,
1179 699 1294 765 τὸν
1340 694 1821 785 ἁμαρτάνοντα,
1870 694 2012 765 εἶτα
2043 697 2114 778 ἐξ
2140 693 2341 765 αὑτοῦ
2374 697 2547 784 πρὸς
2574 702 2695 787 τὴν

342 804 460 868 τοῦ
494 798 961 886 ἁμαρτήματος
992 794 1544 887 ἀναφρονήσαντα
1574 800 1776 880 ἴασιν,
1824 799 2117 880 κολάζειν
2149 795 2324 866 οῦτω
2353 805 2610 888 πικρῶς
2624 808 2693 885 3),

347 902 413 968 ἐκ
456 905 589 968 τῶν
636 900 1070 967 δικαιοτάτων
1118 900 1471 985 ἐλαύνομεν
1518 901 1756 987 νόμων,
1801 898 2182 984 κελεύομεν“
2213 900 2304 980 δὲ,
2355 902 2546 982 εἴτις
2577 898 2697 970 αὖέ

347 1003 629 1087 τόμολος
675 1002 768 1081 εἷς
811 1002 926 1088 τὴν
971 1003 1264 1087 πατρίδα
1310 1002 1804 1088 ἐπαναδράμοι,
1863 1000 2049 1082 ἅπαξ
2087 1002 2207 1088 μὲν
2250 1005 2448 1069 τοῦτο
2494 1005 2697 1093 ποιή-

350 1129 500 1184 σας,
562 1104 939 1190 συγγνώμης
993 1109 1390 1189 τυγχανέτω·
1451 1104 1754 1191 δεύτερον
1810 1105 1915 1186 δὲ,
1984 1104 2081 1183 εἰς
2120 1107 2341 1190 τριετῆ
2389 1105 2695 1174 δουλείαν

349 1207 862 1273 διαπωλείσθω·
910 1205 977 1272 ἐκ
1020 1212 1245 1291 τρίτου
1293 1206 1365 1272 δὲ
1409 1206 1861 1293 ποιησάμενος
1903 1204 2020 1293 τὴν
2066 1200 2499 1290 αὐτομολίαν,
2549 1201 2694 1274 εἶτα

348 1306 820 1387 ἐπαναζεύξας,
881 1306 975 1385 εἰς
1031 1307 1287 1395 διηνεκῆ
1346 1312 1450 1374 καὶ
1520 1303 1741 1375 ἀΐδιον
1797 1307 2115 1375 οἰκετείαν
2171 1314 2690 1393 πιπρασκέσθω.

345 1409 460 1476 τὸν
516 1409 638 1494 γὰρ
696 1404 907 1486 οὕτως
964 1402 1277 1493 ἀβέβαιον
1321 1411 1429 1475 καὶ
1475 1411 1967 1496 παλίμβουλον“
2011 1403 2280 1489 ἀνάξιον
2325 1404 2693 1477 ἀπολαύειν

349 1511 747 1596 ἐλευθερίας.
840 1508 897 1576 εἰ
939 1515 1239 1594 μέντοιγε
1283 1506 1319 1575 ὅ
1364 1510 1536 1595 πρὸς
1579 1510 1860 1597 ἐχθροὺς
1903 1505 2273 1596 αῦτόμολος
2316 1505 2433 1578 οῦκ
2476 1510 2549 1592 ἐξ
2590 1512 2693 1579 οἶ-

346 1619 526 1690 κείας
581 1609 870 1697 γνώμης,
931 1605 1100 1677 ἀλλὰ
1157 1611 1444 1698 ληφθεὶς
1486 1608 1596 1700 ὑφ’
1646 1613 1885 1698 ἑτέρων
1931 1611 2027 1691 είς
2067 1611 2187 1699 τὴν
2230 1614 2525 1698 πατρίδα
2568 1611 2694 1680 ἒπ-

350 1714 641 1798 αναχθῇ,
687 1714 798 1777 καὶ
838 1710 1129 1796 μάλιστα
1174 1712 1233 1778 εἷ
1277 1714 1558 1797 αἵματος
1604 1714 1928 1802 ἐμφυλίου
1973 1713 2089 1801 τὴν
2135 1712 2355 1794 δεξιὰν
2400 1712 2532 1797 ἔχει
2570 1739 2693 1798 με-

347 1816 788 1899 μολυσμένην,
846 1816 1081 1880 τοῦτον
1135 1814 1412 1902 θανάτῳ
1456 1816 1783 1898 κολάζειν,
1844 1810 1957 1883 οἷα
2000 1814 2079 1901 δὴ
2126 1816 2477 1901 πολέμιον,
2538 1812 2695 1884 οὔτε

350 1915 608 1983 &danos-⁷
654 1912 805 1983 οὔτε
848 1909 1210 2000 ἀπότομον.

1216 2132 1362 2142 ,α’-

1281 2324 1452 2386 Nov.
1502 2324 1748 2385 LXVIII.

350 2443 425 2506 Ut
471 2440 740 2505 monaehi
786 2450 845 2504 et
888 2441 1082 2503 clerici
1127 2449 1349 2503 tutores
1395 2441 1522 2504 fieri
1568 2443 1825 2522 possint,
1887 2442 1959 2505 ab
2004 2443 2508 2510 administratione
2552 2466 2692 2510 vero

843 2551 902 2604 et
944 2542 1366 2621 gubernatione
1409 2544 1766 2625 pupillorum
1812 2555 2123 2608 arceantur
2149 2547 2186 2608 ¹.

1178 2713 1683 2792 ΔΙΛΤΛΞΙΣ
1730 2710 1856 2809 ξη’.

357 2845 544 2938 Περὶ
610 2854 747 2920 τοῦ
812 2845 1310 2939 ἐπιτροπεύειν
1359 2847 1740 2942 μοναχοὺς
1789 2846 1920 2922 καὶ
1969 2849 2379 2946 κληρικοὺς,
2433 2849 2682 2948 ἀπείρ-

491 2966 764 3065 γεσθαι
816 2961 898 3038 δὲ
953 2963 1378 3057 οἰκονομίας
1427 2965 1553 3038 καὶ
1605 2966 2063 3060 προστασίας
2114 2968 2477 3065 ὀρφανῶν
2501 2975 2554 3043 2.

878 3112 935 3166 Ὁ
975 3111 1185 3172 αῦτὸς
1213 3114 1544 3183 βασιλεὺς
1579 3117 1848 3186 στυλιανῷ
1886 3122 1962 3188 τῷ
1999 3111 2164 3185 αύτῷ.

521 3224 683 3296 Τοῖς
719 3218 842 3300 ’μὲν
887 3216 1099 3283 πάλαι
1145 3223 1547 3301 νομοθέταις
1591 3220 1998 3303 (μονοειδοῦς
2034 3215 2125 3298 ὥς
2153 3218 2323 3298 εἰκὸς
2351 3216 2687 3305 ὑπαρχού-

347 3344 465 3407 σης
506 3314 640 3386 κατ’
693 3318 898 3385 ἐκεῖνο
943 3321 1172 3402 καιροῦ
1217 3322 1333 3405 τῆς
1375 3319 1776 3406 ἐπιτροπῆς,
1843 3323 1950 3388 καὶ
1994 3320 2214 3405 μόνων
2258 3314 2690 3408 ἀποφερομέ-

344 3447 474 3488 νων
511 3420 635 3506 ,τὴν
677 3420 924 3504 κλῆσιν,
974 3422 1039 3483 οἳ
1082 3425 1500 3503 προστασίαν
1545 3416 1909 3489 ὑπεδύοντο
1953 3428 2195 3509 γονέων
2225 3421 2505 3510 ἐρήμων)
2539 3422 2686 3491 ἕδο-

346 3523 451 3600 ξεν
497 3516 1004 3606 ἀποφήνασθαι,
1050 3519 1137 3606 μὴ
1180 3526 1471 3604 μετέχειν
1514 3525 1630 3587 τοῦ
1678 3521 2065 3610 πράγματος
2091 3522 2254 3612 μήτε
2280 3523 2688 3609 μονάζοντας

343 3616 503 3709 μηδ’
555 3616 752 3700 ὅσους
797 3616 832 3686 ὃ
880 3619 1052 3708 ἱερὸς
1097 3621 1454 3689 οἰκειοῦται
1496 3625 1747 3710 κλῆρος.
1822 3630 1931 3693 καὶ
1976 3626 2192 3705 καλῶς
2234 3625 2481 3706 ἔδοξεθ·
2529 3649 2684 3694 συν-

387 3877 393 3882 ’
480 3859 501 3889 ⁶
536 3863 634 3912 loc.
670 3860 858 3924 Ecioga.
996 3859 1018 3888 ‘⁵
1055 3861 1151 3912 Ecl.
1187 3858 1538 3928 παλίμβολον.
1681 3861 1698 3888 ⁷
1732 3864 1957 3915 Nonnulli
1996 3865 2202 3916 Codices
2236 3865 2439 3928 Eclogae
2476 3857 2687 3914 ἄτοπον
2778 3929 2785 3936 ,

347 3936 552 3994 ἄδικον.

482 4028 496 4054 ¹
544 4028 642 4080 Eoi.
680 4031 790 4080 Nov.
829 4031 909 4081 34.
983 4031 1162 4081 Laudat
1199 4031 1322 4081 Bals.
1369 4031 1431 4081 ad
1469 4033 1599 4081 Phot.
1640 4032 1753 4096 vm,
1796 4033 1856 4084 13
1902 4033 1999 4095 (ed.
2048 4034 2200 4084 Rhani
2238 4035 2255 4084 Ι
2292 4034 2480 4099 p.159)
2528 4042 2577 4083 et
2620 4035 2685 4084 ad

348 4127 447 4175 syn.
488 4112 710 4163 chalced.
749 4130 788 4163 c.
811 4116 840 4164 3
889 4117 983 4174 (ed.
1025 4116 1173 4165 unani
1211 4117 1250 4165 ΙΙ
1289 4132 1335 4179 p.
1356 4117 1506 4178 224„
1558 4117 1809 4166 Aristonus
1845 4117 1904 4168 ad
1942 4133 1984 4169 c.
2021 4118 2052 4168 1.
2091 4118 2226 4180 (ibid.
2264 4119 2482 4183 p.225);
2523 4120 2681 4169 Harm.

347 4198 396 4258 V,
440 4195 516 4258 12,
552 4195 633 4245 23.
839 4196 859 4223 ²
892 4199 1054 4249 Zuich.
1093 4209 1140 4250 et
1175 4200 1367 4249 Meet-m.
1404 4199 1641 4250 scholium
1677 4200 1986 4252 adscribunt:
2036 4194 2172 4263 αῦτη
2209 4195 2477 4270 ἀνῄρηται
2511 4195 2574 4251 τὸ
2613 4205 2668 4267 ιβ

344 4293 466 4346 κεφ.
508 4277 605 4338 τῆς
638 4274 755 4345 ρκγ’
791 4280 1004 4346 νεαρᾶς,
1043 4281 1158 4330 τῶν
1188 4279 1364 4347 βασιλ.
1403 4285 1476 4347 βι.
1516 4276 1570 4348 γ’
1604 4278 1677 4332 τί.
1719 4279 1771 4333 α’
1805 4295 1926 4352 anp-
1967 4279 2040 4351 γ’.
2081 4313 2150 4325 -—
2186 4288 2257 4339 Cf.
2294 4288 2501 4352 Epanag.
2540 4288 2614 4350 ΙΧ,
2659 4290 2680 4337 1

348 4366 462 4430 ibiq.
500 4364 651 4414 schol.
789 4361 808 4390 ⁸
844 4365 979 4428 Conj.
1017 4367 1179 4429 Steph.
1251 4369 1452 4430 Scrimg.
1486 4360 1638 4424 ἔλεξε.
