2900 4950
418 269 545 332 496
1272 280 1390 331 eun.
1429 281 1502 330 tv.
1575 280 1686 331 nov.
1731 279 1901 331 [xm.

413 437 761 513 „dimittent
818 432 972 494 lianc
1028 437 1479 494 conventionem
1521 430 1619 494 vel
1657 433 1887 511 sacient
1930 441 2151 493 contra
2192 450 2353 507 eun,
2419 449 2617 512 neque
2656 451 2777 512 pro

412 536 867 613 „ecclesiastica
909 537 1528 596 ezccommunicacione
1568 552 1757 614 neque
1794 552 1916 614 pro
1954 544 2240 614 precepto
2274 530 2542 607 alicujus
2576 532 2775 595 Itoni-

410 641 557 714 „nis
600 640 885 698 coronati
924 634 1023 696 vel
1063 654 1190 698 non
1231 638 1532 705 coronati,
1574 635 2067 715 quemamodum
2110 635 2385 696 dominus
2418 632 2777 713 Imperator

412 749 518 814 „et
559 738 807 800 heredes
851 736 988 813 ejus
1031 748 1089 798 et
1131 754 1512 798 successores
1545 735 1796 814 Imperii
1834 740 1937 796 sui
1978 736 2193 797 debent
2235 736 2567 797 observare
2612 755 2775 797 sea-

413 859 588 921 „per,
633 859 743 921 que
785 838 859 900 ab
906 836 1168 919 Imperio
1217 856 1328 897 suo
1354 856 1471 917 per
1494 854 1751 917 presens
1784 836 2150 899 crisobolum
2183 829 2425 923 loyo[n]
2453 840 2775 915 promissa

413 951 606 1017 „sunt
645 942 883 1003 civitati
919 937 1136 1008 Janue‚
1183 957 1294 1019 que
1338 941 1423 1000 sic
1468 938 1787 1000 habentur.

583 1040 986 1120 ‚,‚,Propter⁸
1044 1044 1200 1102 enim
1250 1044 1515 1138 gattam
1569 1051 1627 1100 et
1685 1039 1900 1100 bonam
1950 1039 2325 1100 voluntatem
2366 1058 2545 1119 quam
2594 1039 2773 1101 habet

413 1145 798 1221 „„dominus
849 1145 1267 1203 sanctissimus
1313 1139 1660 1220 Imperator
1704 1140 1966 1202 Romeon
2009 1142 2088 1203 ad
2131 1141 2502 1202 habitatores
2550 1143 2773 1202 civita-

412 1249 594 1322 ,‚,‚tis
636 1243 854 1314 Janue,
899 1254 957 1305 et
997 1253 1259 1323 propter
1303 1245 1627 1303 servicium
1671 1252 1728 1304 et
1755 1243 1936 1323 fidem
1964 1262 2143 1324 quam
2168 1243 2573 1321 manifestant
2606 1260 2773 1304 com-

413 1347 687 1428 „„plere
738 1346 818 1406 aa
862 1344 1189 1425 Imperium
1245 1342 1379 1420 ejus
1424 1355 1483 1405 et
1526 1342 1880 1405 Romaniam
1923 1348 1986 1405 in
2027 1348 2458 1423 sempiternum
2504 1355 2562 1405 et
2610 1362 2772 1405 sem-

413 1466 651 1530 ‚„,per,
692 1450 1001 1527 promittit
1045 1444 1371 1524 Imperium
1416 1445 1567 1505 dare
1612 1448 1847 1508 civitati
1883 1444 2082 1507 Janue
2123 1442 2418 1507 canotum
2447 1455 2505 1506 et
2535 1444 2771 1506 scalam

412 1559 572 1625 ‚met
616 1546 928 1608 ecclesiam
968 1546 1145 1607 ultra
1179 1545 1766 1625 Constantinopolim
1806 1549 1872 1608 in
1921 1546 2048 1608 loco
2095 1550 2200 1627 qui
2238 1547 2465 1607 dicitur
2502 1546 2672 1607 Orcu
2706 1552 2771 1607 in

414 1647 650 1726 ,‚„loco
716 1648 872 1709 bono
941 1657 996 1736 et
1056 1645 1365 1728 placabili.
1460 1645 1533 1709 Bt
1596 1648 1744 1708 dare
1809 1651 2043 1709 civitati
2094 1647 2291 1709 Janne
2347 1659 2403 1708 et
2460 1651 2776 1709 communi

412 1796 456 1827 „
471 1758 775 1831 „propter
817 1746 1183 1827 solempnias
1229 1746 1486 1827 sinyulis
1530 1752 1710 1809 annis
1751 1766 2051 1830 perperos
2096 1748 2150 1809 D
2197 1759 2255 1810 et
2291 1748 2489 1827 pallia
2520 1751 2661 1819 cluo,
2711 1759 2771 1810 et

413 1851 969 1930 „„arcln‘episcopo
1013 1848 1212 1911 Janue
1250 1867 1547 1928 perperos
1596 1850 1692 1911 Lx
1738 1861 1795 1912 et
1833 1850 2092 1931 pallium
2131 1867 2339 1911 unum.
2404 1849 2481 1913 Et
2528 1851 2775 1912 dabun-

413 1964 621 2030 „,‚tur
663 1953 836 2014 modo
882 1950 1067 2013 simul
1109 1955 1350 2040 civitati
1381 1962 1436 2013 ct
1467 1954 1770 2012 communi
1792 1950 1991 2012 Janue
2021 1950 2423 2030 solempnias⁰
2452 1971 2771 2014 annorum

411 2052 712 2132 „xxm
747 2064 1011 2134 propter
1054 2071 1350 2132 expensas
1396 2071 1510 2133 que
1551 2056 1634 2113 eis
1678 2056 2007 2114 imminent.
2064 2052 2149 2113 Et
2190 2064 2259 2115 ut
2304 2053 2560 2114 debeant
2601 2071 2770 2114 cosn-

411 2204 454 2234 „
469 2159 797 2232 „mercium
846 2156 994 2215 darc
1038 2159 1153 2215 sic:
1203 2154 1475 2215 videlicet
1519 2158 1583 2214 in
1617 2152 2202 2233 Constantinopolim
2245 2155 2317 2215 tle
2346 2165 2584 2215 centum
2611 2173 2766 2235 qua-

411 2268 680 2335 „„tuor,
726 2261 792 2317 in
835 2255 975 2316 aliis
1021 2273 1164 2316 vero
1212 2259 1399 2316 terris
1431 2253 1717 2316 Romanie
1762 2259 1918 2316 sicut
1961 2261 2147 2316 ceteri
2174 2254 2379 2316 Latini
2418 2256 2568 2316 dant
2599 2273 2767 2317 com-

410 2361 818 2437 ‚‚,‚mercium.
891 2355 1323 2417 Custodientnr
1364 2373 1508 2416 vero
1554 2355 1891 2417 Januenses
1937 2367 1995 2417 et
2039 2375 2140 2417 res
2182 2374 2394 2417 eorum
2436 2360 2673 2434 inteqre
2700 2362 2765 2418 in

410 2460 792 2538 ,momnibus
837 2458 1025 2521 terris
1069 2457 1299 2519 domini
1338 2456 1762 2537 Imperatoris.
1823 2456 1898 2519 Si
1935 2477 2080 2520 vero
2128 2458 2273 2521 lesio
2318 2457 2524 2539 aliqua
2568 2462 2655 2520 eis
2685 2460 2761 2522 ab

410 2562 718 2640 ,maliquo
774 2558 952 2619 illata
1006 2555 1105 2618 vel
1158 2559 1327 2636 sacta
1380 2559 1606 2636 suerit,
1662 2562 1969 2622 inoem’ent
2014 2560 2328 2637 justiciam
2370 2560 2444 2620 ab
2491 2559 2759 2640 Imperio

412 2707 455 2737 „
468 2660 646 2737 „ejus
704 2659 1030 2721 secundum
1081 2659 1240 2739 quod
1296 2658 1502 2719 decens
1546 2669 1654 2721 est.
1742 2659 1865 2722 Sed
1907 2672 1964 2723 et
2006 2665 2212 2723 statim
2256 2663 2416 2743 quod
2458 2662 2759 2725 reclama-

397 2782 454 2838 ·‚,
469 2767 734 2838 „tionem
775 2761 1037 2839 fecerint
1083 2770 1300 2821 contra
1341 2760 1597 2840 aliquem
1643 2761 1895 2823 Grecum
1938 2762 2037 2823 vel
2078 2762 2260 2824 aliam
2286 2774 2521 2841 gentem
2551 2783 2759 2827 coram

411 2862 912 2943 „,‚1mperatore,
956 2865 1260 2923 invenient
1293 2860 1610 2938 justiciam
1651 2866 1718 2924 in
1763 2867 1936 2924 curia
1967 2863 2222 2943 Imperii
2259 2868 2377 2926 sui.
2436 2864 2758 2928 Habebunt

408 2983 661 3041 ,moero
702 2975 1058 3044 potestatem
1112 2983 1298 3025 naves
1341 2962 1740 3025 Jannensium
1786 2968 2095 3043 neyociari
2134 2970 2199 3026 in
2245 2967 2519 3028 omnibus
2565 2973 2756 3029 terris

408 3114 450 3142 ‚,
464 3067 860 3148 „ubicumque
902 3065 1232 3135 voluerint,
1273 3076 1487 3143 preter
1530 3069 1592 3126 in
1637 3064 1883 3126 Rusiam
1926 3076 1985 3126 et
2029 3069 2092 3126 in
2136 3066 2376 3137 Mettica,
2426 3071 2554 3129 nisi
2589 3071 2760 3147 sorte

407 3213 450 3244 „
463 3168 584 3243 „ab
630 3166 760 3244 ejus
792 3167 1055 3248 Imperio
1099 3165 1446 3247 specialiter
1490 3166 1598 3229 hoc
1640 3166 1836 3243 suerit
1879 3170 1965 3227 eis
2007 3185 2379 3229 concessum.
2444 3168 2520 3230 Si
2557 3182 2759 3232 autem

408 3268 849 3345 ,‚„Januenses
906 3287 1007 3329 res
1063 3286 1207 3329 suas
1252 3272 1316 3329 in
1363 3267 1947 3347 Constantinopolim
1990 3270 2481 3340 introdumerint,
2542 3290 2761 3353 easque

407 3370 772 3446 „„venclere
816 3387 942 3431 non
980 3373 1274 3447 poterint,
1316 3368 1425 3448 fiet
1470 3370 1539 3429 de
1585 3369 1764 3430 rebus
1810 3387 2019 3430 eorum
2062 3373 2218 3432 sicut
2262 3373 2632 3435 consuetudo
2663 3384 2759 3436 est

407 3471 657 3551 „„fieri
693 3474 759 3530 in
801 3470 940 3531 aliis
984 3468 1215 3530 Latinis
1260 3473 1366 3548 qui
1405 3470 1552 3551 dant
1596 3475 2029 3531 commercium.
2120 3470 2193 3533 Et
2234 3475 2294 3533 si
2330 3472 2535 3552 aliqua
2577 3479 2756 3537 navis

408 3570 933 3648 „„Januensium,
980 3588 1018 3630 a
1060 3588 1424 3650 quacumque
1460 3580 1644 3650 parte
1676 3574 1929 3644 venerit,
1972 3573 2370 3652 naufrayium
2392 3593 2583 3653 passa
2613 3577 2757 3655 sue-

407 3676 596 3749 „„rit
648 3676 715 3733 in
759 3670 1112 3733 Romaniam
1167 3684 1224 3735 et
1280 3676 1599 3750 contiyerit
1655 3673 1725 3734 ‹le
1778 3672 1962 3733 rebus
2024 3672 2157 3749 ejus
2212 3675 2466 3752 auferri
2524 3682 2613 3739 eis
2680 3680 2754 3740 ab

408 3774 747 3855 ,‚„aliquo,
803 3774 915 3853 fiat
967 3784 1317 3853 preceptum
1376 3772 1631 3853 Imperii
1678 3771 1811 3849 ejus
1854 3774 2206 3835 vindicandi
2245 3787 2304 3838 et
2345 3782 2762 3858 recuperandi

407 3922 450 3954 ,‚
464 3896 613 3953 „res
677 3879 953 3939 amissas.
1041 3875 1247 3937 Adhuc
1290 3887 1348 3938 et
1388 3875 1553 3937 istud
1591 3884 1940 3955 preceptum
1983 3884 2072 3937 est
2113 3895 2296 3957 quum
2338 3881 2398 3939 si
2436 3885 2758 3960 contiyerit

406 3978 847 4056 „„.lanuenses
908 3978 1214 4059 offendere
1255 3975 1516 4055 aliquem
1556 3977 1730 4038 modo
1776 3976 2007 4058 aliquo,
2064 3996 2188 4039 non
2231 3978 2445 4041 debent
2473 3979 2761 4057 judicari

405 4081 581 4156 ,mab
627 4079 834 4159 aliqua
875 4078 1001 4141 alia
1041 4089 1214 4159 pente
1255 4080 1382 4140 nisi
1419 4096 1459 4139 a
1487 4082 1661 4141 curia
1690 4078 1922 4141 domini
1947 4079 2351 4161 Imperatoris
2377 4084 2750 4162 presidente,

540 4310 563 4338 ⁸
598 4314 827 4376 Sequitur
861 4322 1004 4364 tenor
1036 4315 1325 4379 clurysobulli
1362 4318 1634 4381 anterioris,
1668 4317 1888 4369 videlicet
1921 4319 2026 4383 ejus
2060 4320 2193 4382 quod
2226 4333 2269 4369 a.
2305 4320 2432 4370 1155
2468 4320 2633 4371 datum
2662 4330 2750 4374 est.

409 4396 480 4447 Cf.
517 4411 663 4459 supra
699 4397 812 4448 Nov.
849 4399 939 4448 Lx.
1077 4396 1099 4425 ⁹
1134 4401 1274 4450 Forte
1308 4401 1605 4466 solempniae.
