2900 4950
381 194 500 254 176
1117 203 1236 253 Coll.
1276 204 1332 252 n.
1405 203 1517 252 Nov.
1557 202 1992 253 cxxix-mxl.

373 357 507 432 λῶς
560 355 677 419 τοῦ
734 353 1077 440 κληρικοῧ5
1130 346 1630 430 ὑπεξίστασθαι
1682 351 2011 438 σχήματος
2053 351 2161 416 καὶ
2206 347 2381 434 πρὸς
2421 345 2537 417 τὸν
2581 352 2744 417 λαῖ-

373 455 485 523 κὸν
527 461 676 540 βίον
721 453 1386 539 ἐπαναστρέφεσθαι,
1436 450 1834 538 ἂκυροῦμεν“
1874 451 1953 517 τὸ
1999 450 2241 538 δόγμα,
2309 451 2740 537 θεσπίζομεν

378 559 450 625 δὲ
492 556 657 643 μόνῃ
703 558 781 642 τῇ
827 550 1245 641 ὑποχωρήσει
1287 558 1406 642 τῆς
1445 552 1711 634 τάξεως,
1761 547 1863 641 ἐφ’
1895 543 1939 640 ᾗ
1969 551 2104 640 πρὸ
2133 556 2251 619 τοῦ
2281 551 2493 640 γάμου
2526 553 2740 640 ἐγνω-

375 660 653 745 ρίζοντο,
701 651 1064 742 ἀρκεῖσθαι
1103 654 1220 743 τὴν
1269 656 1450 738 δίκην
1498 652 1740 735 αὐτοῖς,
1787 658 1905 722 τοῦ
1953 656 2025 721 δὲ
2058 655 2361 741 κληρικοῢ
2393 653 2738 743 σχήματος

374 763 485 828 καὶ
527 763 642 848 τῆς
686 756 886 844 ἄλλης
931 757 998 824 ἐν
1027 767 1176 835 ταῖς
1211 756 1580 844 ἐκκλησίαις
1608 754 1989 844 ὑπερησίας,
2035 746 2113 844 ἧς
2144 755 2579 845 ἐφάπτεσθαι
2611 752 2739 826 οὐκ

378 856 721 946 ἀθέμιτον,
767 858 855 946 μὴ
902 860 1298 926 παντάπασι
1342 858 1459 945 τὴν
1505 854 1940 944 ἀλλοτρίωσιν
1985 857 2563 940 καταδικάζεσθαι.

1327 1247 1521 1328 Nou¹
1546 1267 1769 1328 cxxx.

421 1387 499 1449 Ut
541 1405 835 1467 purpurae
880 1393 1180 1464 segmenta
1226 1395 1285 1447 et
1325 1384 1645 1465 particulae
1691 1385 1751 1446 in
1796 1384 2047 1464 publicis
2093 1384 2490 1447 mercimoniis
2534 1385 2679 1448 sint.

1224 1556 1407 1623 AIA
1416 1553 1617 1629 ΤΑΞ
1612 1559 1734 1624 ΙΣ
1777 1547 1870 1625 π’.

897 1697 954 1752 Ὁ
992 1696 1201 1758 αὑτὸς
1231 1701 1561 1769 βασιλεὺς
1598 1701 1866 1768 στυλιανῷ
1904 1705 1983 1771 τῷ
2020 1696 2185 1769 αὐτῷ.

560 1798 694 1870 Οὔκ
752 1797 904 1868 οἶδα
962 1798 1150 1881 ὅπως
1206 1803 1271 1868 οἱ
1316 1801 1452 1869 ἅνω
1497 1808 1615 1871 τοῦ
1654 1803 1893 1891 χρόνου
1937 1803 2054 1890 τὴν
2099 1799 2458 1891 ἁλουργίδα
2500 1804 2732 1872 στολι-

381 1904 658 1989 σάμενοι
714 1897 1187 1989 αὐτοκράτορες
1240 1904 1333 1983 εἰς
1385 1904 1463 1971 τὸ
1507 1910 1784 1973 τοιαῦτα
1827 1911 2220 1990 νομοθετεῒν
2264 1911 2671 1993 κατέστησαν
2687 1912 2725 1985 ¹,

380 2003 553 2074 ὥστε
594 2006 914 2093 μηδαμῶς
958 2001 1275 2092 ἁλουργόν
1318 2033 1386 2072 τι
1423 2013 1626 2093 μέρος
1671 2007 1867 2074 ὤνιον
1911 2013 2223 2093 γίνεσθαι
2264 2007 2428 2095 μήτε
2472 2017 2728 2094 συγχω-

379 2119 519 2195 ρεῖν
572 2133 706 2174 τινι
759 2111 1062 2174 τοιοῦτον
1119 2107 1523 2193 πιπράσκειν
1585 2104 1624 2196 ἢ
1681 2109 2080 2189 ἐξωνεῖσθαι
2133 2111 2381 2193 χρῶμα.
2470 2109 2547 2176 τὸ
2602 2112 2727 2196 μὲν

378 2210 502 2296 γὰρ
568 2205 920 2295 ὁλόκληρον
974 2205 1253 2296 ὕφασμα
1321 2204 1879 2295 άπεμπολεῖσθαι
1940 2209 2243 2290 κωλύειν,
2311 2209 2478 2294 τάχα
2536 2217 2729 2298 φέρει

381 2311 531 2379 τινὰ
586 2305 700 2375 οὑκ
755 2308 1029 2396 ὂὶλογον2
1083 2310 1428 2398 πρόφασιν
1482 2316 1576 2398 τῷ
1634 2311 2159 2399 νομοθετήματι,
2217 2315 2443 2399 τμῆμα
2501 2313 2573 2379 δὲ
2616 2315 2726 2380 καὶ

379 2416 566 2499 μερὶς
622 2414 895 2498 βραχεῖα
953 2406 1296 2500 ὠφέλειάν,
1335 2439 1486 2481 τινα
1541 2416 1648 2481 καὶ
1690 2419 1913 2501 χρείαν
1958 2408 2075 2498 οὐχ
2116 2410 2584 2503 ὑπερκειμένην
2628 2417 2724 2503 τῷ

380 2542 455 2583 τε
497 2514 949 2601 πιπράσκοντι
992 2516 1098 2581 καὶ
1142 2518 1235 2601 τῷ
1282 2510 1671 2602 άγοράζοντι
1714 2515 2159 2601 παρεχόμενα,
2216 2519 2426 2583 ταῦτα
2471 2517 2548 2604 δὴ
2596 2544 2727 2584 κω-

381 2616 666 2702 λυόμενα
707 2622 856 2683 τίνα
904 2610 1199 2704 εὐπρεπῆ
1246 2618 1465 2686 αἰτίαν
1508 2621 1617 2684 καὶ
1663 2617 1929 2705 φθόνου
1979 2622 2112 2685 τῶν
2154 2613 2464 2705 ὑπηκόων
2509 2625 2727 2686 καθα-

381 2718 701 2805 ρεύουσαν
743 2721 823 2805 τῇ
867 2721 985 2784 τοῦ
1030 2725 1403 2803 νομοθέτου
1435 2719 1784 2787 συστάσει3
1818 2719 2079 2807 γνώμης
2123 2726 2293 2786 ποία
2320 2720 2443 2807 γὰρ
2476 2719 2546 2787 ἐκ
2573 2720 2726 2787 τού-

380 2848 514 2887 των
560 2819 733 2905 πρὸς
773 2819 851 2884 τὸ
896 2815 1212 2906 ὑπερέχον
1255 2824 1371 2908 τῆς
1412 2823 1756 2909 βασιλείου
1802 2821 1998 2909 δόξης
2029 2817 2071 2907 ἢ
2103 2821 2486 2901 ἐναντίωσις
2512 2816 2557 2909 ἢ
2583 2845 2724 2889 noc·-

383 2922 578 3009 νότης
620 2917 922 3008 ἂπαντᾷς
2698 2978 2709 2989 κ

562 3017 696 3089 Οὐκ
740 3018 1164 3108 ἀρεσκόμενοι
1207 3029 1428 3091 τοίνυν
1473 3028 1567 3113 τῷ
1616 3023 1895 3112 δόγματι
1940 3023 2385 3109 διοριζόμεθα
2416 3021 2605 3111 ἡμεῖς
2639 3024 2722 3092 τὰ

383 3121 672 3210 ἁλουργὰ
715 3130 873 3211 μέρη
918 3126 1027 3190 καὶ
1070 3124 1395 3211 τμήματα,
1445 3134 1978 3214 σεμνοπρεπείας
2018 3136 2259 3213 μοῖραν
2304 3125 2722 3212 παρεχόμενα

381 3239 526 3307 τοῖς
566 3223 887 3314 ὑπηκόοις
929 3253 967 3311 η
1009 3233 1231 3311 χρείαν
1276 3226 1478 3315 ἄλλην
1525 3225 1641 3295 οὐκ
1651 3224 2221 3350 άπηγορευμένην,
2271 3229 2376 3293 καὶ
2409 3221 2723 3311 ἀπεμπο-

385 3332 659 3397 λεῒσθαι
714 3332 821 3395 καὶ
880 3324 1345 3414 ἀγοράζεσθαι.
1437 3332 1542 3397 δεῖ
1594 3330 1716 3416 γὰρ
1759 3330 1927 3415 μετὰ
1969 3333 2087 3396 τοῦ
2130 3333 2239 3398 καὶ
2285 3327 2499 3406 ἄλλως
2544 3322 2720 3451 εὔερ-

383 3441 593 3516 γετεῖν
653 3453 732 3493 το
794 3424 1086 3517 ὑπήκοον
1149 3432 1314 3517 μηδὲ
1380 3440 1911 3517 σεμνοπρεπείας
1976 3439 2262 3519 φθονεῖν
2328 3425 2554 3510 αὐτοῖς
2607 3430 2719 3520 τὴν

380 3531 744 3617 βασιλείαν.

517 3786 538 3814 ⁵
589 3788 715 3839 Bais.
754 3796 802 3839 ct
837 3788 981 3839 Blasl.
1017 3787 1117 3838 τοῦ
1155 3785 1405 3840 τοιούτου
1441 3784 1584 3849 ὑπεξ.
1661 3794 1766 3843 Non
1804 3791 1942 3842 male.
2080 3789 2101 3818 ⁸
2138 3792 2205 3841 Ua
2242 3807 2297 3841 ex
2336 3791 2460 3842 Bais.
2499 3799 2547 3843 et
2582 3791 2719 3842 Blast.

382 3876 594 3939 reposui.
667 3874 811 3937 Vulgo
848 3864 1205 3942 άκυροῦσθαι.
1992 3922 2007 3929 ,

517 3958 533 3986 ¹
582 3960 805 4010 Videatur
849 3961 881 4010 1.
923 3961 946 4011 1
989 3961 1042 4011 C.
1078 3975 1202 4025 quac
1237 3975 1316 4011 res
1351 3962 1511 4012 venire
1548 3977 1644 4011 nou
1681 3977 1813 4026 poss.
1850 3962 1882 4012 Ι.
1921 3977 2001 4011 un.
2039 3961 2092 4012 C.
2131 3962 2191 4011 de
2225 3961 2393 4011 veetib.
2432 3960 2585 4010 holov.

383 4042 403 4070 ²
440 4044 588 4095 Codd.
626 4036 867 4110 εὔλογον.
944 4045 1217 4097 Emendavit
1254 4047 1418 4110 Steph.
1558 4044 1577 4072 ³
1610 4046 1736 4111 Agyl.
1775 4039 2045 4107 συστήσει.
