2900 4950
285 203 366 267 38
1081 214 1201 266 con.
1238 213 1273 263 ι.
1342 217 1458 266 nov.
1494 214 1629 265 xxu.
1666 213 1827 265 xxm.

279 368 444 452 ἔργῳ
486 366 595 430 καὶ
654 367 897 447 πέρατι
926 361 1373 451 ’,παραδοῦναι
1425 363 1535 427 καὶ
1591 356 2072 446 παραφυλάξαι
2115 358 2616 426 σπευσάτωσαν,

277 470 560 531 Divinitas
616 476 676 528 te
731 476 924 528 servet
978 485 1088 547 per
1140 465 1358 527 multos
1401 463 1652 526 annos¹⁰
1694 471 1896 525 sancte
1939 482 2010 525 ae
2050 462 2386 524 beatissime
2429 473 2618 544 pater.

280 571 418 633 Dat.
450 564 805 645 καλάνδαις
845 567 1080 648 μαῒαις
1123 563 1193 632 ἐν
1241 561 1927 631 κωνσταντινουπόλει
1969 560 2473 649 ἐπινεμήσεως”
2517 561 2614 630 ιε’.

1238 969 1289 1031 Ν
1294 969 1410 1031 OV.
1458 969 1664 1031 xxm.

1145 1086 1294 1166 Imp.
1354 1086 1749 1147 Heraclii

552 1190 628 1252 de
670 1206 917 1251 numero
961 1187 1307 1249 elericorum
1353 1206 1600 1267 magnae
1645 1187 1944 1248 eeclesiae.
2033 1188 2122 1259 (Α.
2171 1189 2341 1263 619.)

274 1352 345 1421 Ὀ
404 1348 655 1432 αὐτὸς
706 1352 1104 1440 βασιλεὺς
1158 1362 1452 1439 σεργίῳ
1507 1355 1611 1439 τῷ
1679 1348 2105 1438 ἁγιωτάτῳ
2167 1353 2300 1418 καὶ
2361 1376 2618 1436 μακα-

281 1455 657 1541 ριωτάτῳ
731 1450 1368 1540 άρχιεπισκόπῳ
1450 1451 2401 1531 κωνσταντινουπόλεως
2486 1454 2617 1520 καὶ

592 1546 599 1553 ’
906 1553 1452 1641 οἰκουμενικῷ
1497 1552 1987 1641 πατριάρχῃ.

449 1659 582 1723 Καὶ
627 1655 712 1723 τὰ
738 1656 955 1734 καλῶς
997 1665 1140 1734 τοῖς
1185 1650 1579 1740 ἀνθρώποις
1621 1654 1943 1734 πολλάκις
1985 1654 2462 1741 ἐπινενοῆσθαι
2504 1655 2619 1720 δο-

277 1758 517 1825 κοῦντα
559 1756 988 1843 περιστάσεις
1029 1757 1204 1836 τινὲς
1258 1757 1422 1834 ἴσως
1480 1756 1935 1842 ἐπιγινόμεναι
1977 1753 2148 1842 πρὸς
2191 1749 2618 1841 άλλοιοτέραν

275 1864 755 1944 μεταγίνεσθαι
798 1856 1372 1945 παρασκευάζουσι
1413 1857 1617 1937 τάξιν.
1687 1854 1927 1924 ὁποῖον
1958 1857 2036 1945 δὴ
2080 1857 2188 1923 καὶ
2218 1860 2331 1924 νῦν
2363 1855 2618 1942 συμβὰν

280 1959 395 2029 ἐπὶ
437 1960 554 2047 τὴν
600 1963 946 2045 παροῦσαν
988 1955 1159 2045 ἡμᾶς
1204 1959 1369 2025 ἰδεῖν
1412 1965 1788 2045 προέτρεψε
1829 1960 2140 2025 κέλευσιν.
2219 1960 2353 2024 τῶν
2396 1957 2517 2043 γὰρ
2550 1957 2617 2024 ἐν

275 2063 369 2146 τῷ
414 2058 626 2147 κλήρῳ
670 2064 786 2148 τῆς
830 2054 1019 2145 ἆγίας
1060 2062 1178 2125 τοῦ
1221 2063 1390 2126 θεοῦ
1432 2059 1718 2147 μεγάλης
1755 2059 2094 2146 ἐκκλησίας
2121 2061 2272 2145 τῆςι
2318 2057 2386 2126 ἐν
2415 2057 2616 2145 ταύτῃ

275 2164 354 2249 τῇ
397 2163 700 2246 βασιλίδι
742 2160 941 2226 πόλει
994 2158 1355 2228 τελούντων
1402 2160 1786 2247 ἑωρακότων
1832 2154 1908 2226 οὗ
1963 2168 2246 2244 μετρίως
2287 2159 2371 2225 τὰ
2419 2153 2619 2247 αὖτῆς

275 2270 643 2347 βαρεῖσθαι
685 2261 1072 2347 πράγματα,
1131 2262 1400 2327 πολλῶν
1443 2261 2023 2347 παρενοχλούντων
2066 2263 2144 2349 τῇ
2189 2256 2372 2345 ὖμῶν
2417 2256 2620 2346 ἆγιω-

278 2361 471 2450 σύνῃ,
532 2359 703 2430 ὥστε
748 2362 1041 2447 διάφορα
1082 2361 1421 2444 πρόσωπα
1463 2364 1888 2429 κατατάττειν
1935 2361 2002 2429 ἐν
2047 2355 2223 2447 αύτῷ
2267 2364 2361 2448 τῷ
2405 2360 2619 2448 κλήρῳ

275 2465 384 2532 καὶ
430 2462 497 2532 ἐν
539 2474 683 2542 τοῖς
729 2458 1092 2550 εὖκτηρίοις
1122 2462 1331 2543 οἴκοις
1358 2466 1476 2549 τῆς
1504 2468 1834 2550 παναγίας
1860 2460 2107 2551 μητρὸς
2140 2466 2255 2529 τοῦ
2287 2461 2617 2531 δεσπότου

274 2568 382 2632 καὶ
411 2567 706 2651 σωτῆρος
730 2562 914 2651 ἡμῶν
948 2564 1184 2650 ἰησοῦ
1212 2568 1557 2651 χριστοῦ
1580 2570 1697 2632 τοῦ
1723 2569 1889 2632 θεοῦ
1915 2568 2008 2651 τῷ
2039 2563 2107 2631 ἐν
2130 2565 2620 2649 βλαχέρναις

274 2665 556 2744 καὶτοῖς
585 2660 1012 2750 οὖρβικίου
1044 2673 1743 2753 προσαγορευομένοις,
1776 2662 1865 2745 ὥς
1895 2665 2201 2733 ἐντεῦθεν
2228 2665 2322 2745 εἷς
2351 2668 2620 2753 πλῆθος

220 2765 231 2776 “
277 2766 640 2853 ἐκταθῆναι
679 2767 796 2852 τὴν
828 2767 1291 2856 ἐπιδιδομένην
1327 2763 1556 2847 αὐτοῖς
1597 2772 1729 2834 τῶν
1761 2769 2035 2854 διαρίων
2066 2765 2428 2853 ποσότητα,
2477 2761 2620 2834 εἶτα

279 2868 637 2937 αἰτούντων
680 2874 791 2935 καί
832 2894 982 2935 τινα
1009 2874 1142 2936 τῶν
1179 2870 1726 2958 ἐκκλησιαστικιῦν
1758 2863 2095 2957 ὂφφικίων
2127 2869 2388 2954 ἑτέρους
2417 2867 2620 2953 ἐγχει-

276 2969 603 3055 ρίζεσθαι,
652 2970 722 3051 ἐξ
765 2959 854 3037 ὧν
899 2965 1015 3038 οῦκ
1060 2967 1242 3058 ὀλίγη
1287 2977 1431 3050 τὀῒς
1474 2975 1590 3060 τῆς
1632 2966 1833 3062 αὐτῆς
1876 2967 2243 3058 ἁγιωτάτης
2280 2969 2619 3057 ἐκκλησίας

276 3069 659 3156 πράγμασιν
705 3068 995 3160 ὠφέλεια
1038 3079 1492 3161 προσεγένετο,
1538 3076 1646 3141 καὶ
1691 3078 1888 3141 τοῦτο
1933 3072 2386 3159 πραττόμενον
2419 3066 2618 3152 ἀξιω-

279 3170 535 3239 σάντων
601 3173 1031 3259 διορθώσεως
1092 3187 1308 3260 τυχεῖν
1327 3197 1342 3213 ·
1411 3176 1694 3262 ἔγνωμεν
1762 3172 1998 3263 άρέσαι
2060 3176 2139 3259 τῇ
2205 3198 2278 3238 τε
2340 3168 2623 3260 ὑμετέρᾳ

279 3267 607 3361 ἁγιωσύνῃ
652 3282 759 3342 καὶ
804 3287 947 3354 τοῖς
1004 3274 1138 3343 ὑπὸ
1192 3277 1310 3344 τὸν
1368 3277 1706 3364 εἰρημένον
1761 3278 1998 3360 κλῆρον
2051 3274 2381 3352 τελοῦσιν,
2449 3268 2623 3341 ὥστε

278 3375 491 3463 ῥητῶν
535 3375 921 3458 προσώπων
968 3370 1240 3461 ἀριθμῷ
1285 3364 1872 3461 περιστῆσαι’τῶν
1924 3376 2327 3457 λεχθέντων’
2370 3366 2620 3458 εῦαγιῦν

277 3477 474 3541 οἴκων
540 3475 694 3552 τοὺς
756 3473 1095 3560 κληρικοὺς
1160 3479 1267 3540 καὶ
1337 3477 1494 3554 τοὺς
1560 3475 1644 3541 τὰ
1713 3478 1830 3561 τῆς
1898 3474 2428 3562 ἐκκλησιαστικῆς
2484 3475 2610 3541 λει-

275 3581 581 3660 τουργίας
627 3570 914 3660 ὀφφίκια
956 3580 1484 3660 μετερχομένους,
1533 3576 1755 3660 ἐτέρου
1798 3575 2077 3662 μηδενὸς
2123 3576 2481 3660 δυναμένου
2515 3573 2619 3642 ἐν’

276 3686 420 3755 τοῖς
465 3673 828 3761 εἰρημένοις
869 3675 1405 3743 κατατάττεσθαι
1445 3677 1777 3765 κληρικοῒς
1818 3671 1862 3764 ἢ
1905 3677 2051 3743 duic*
2098 3681 2231 3744 τῶν
2276 3675 2616 3765 ἐκκλησια-

414 3895 454 3924 ¹⁶
488 3898 633 3947 voeli.
670 3901 719 3948 in
751 3898 909 3947 mediis
945 3902 1096 3950 annis.
1166 3900 1271 3950 Mox
1307 3913 1478 3962 graece
1514 3900 1673 3951 addit:
1716 3894 1776 3949 τὸ
1811 3893 1970 3951 θεῖόν
2005 3912 2066 3951 σε
2102 3895 2330 3968 φυλάξει
2364 3891 2455 3951 ἐπὶ
2487 3894 2614 3948 πολ-

277 3976 402 4034 λοὺς
428 3974 666 4046 χρόνους
699 3973 970 4044 ἆγιώτατε
1003 3977 1095 4031 καὶ
1127 3975 1515 4050 μακαριώτατε
1549 3976 1739 4051 πάτερ.
1883 3983 1918 4011 ¹⁷
1957 3987 2101 4037 Voeii.
2139 3982 2241 4043 ιδ’,
2284 3987 2330 4037 h.
2369 4001 2410 4036 e.
2450 3979 2614 4033 ἰνδα-

276 4064 488 4117 τιῶνος.
529 4091 594 4099 -
641 4066 744 4116 lud.
780 4065 869 4130 XV,
908 4067 1020 4117 dum
1056 4068 1190 4119 solus
1225 4068 1482 4134 imperaret
1528 4070 1804 4134 Heraclius,
1860 4070 2007 4120 semel
2057 4078 2270 4132 tautum,
2321 4078 2368 4120 et
2418 4070 2612 4134 quidem

277 4164 401 4199 anno
437 4149 535 4199 612
571 4149 753 4199 incidit.

410 4231 424 4259 ¹
462 4233 608 4283 voell.
646 4233 772 4282 τῶν.
928 4233 947 4259 ²
984 4236 1127 4288 voell.
1165 4232 1463 4303 ῥηθέντων.
1618 4236 1635 4264 ⁸
1672 4239 1817 4287 Voeil.
1850 4232 1992 4301 μήτε
2025 4229 2086 4286 ἐν
2123 4237 2250 4289 τοῖς.
2419 4235 2438 4262 ⁴
2476 4235 2613 4299 Apud

280 4317 472 4367 Leuncl.
511 4318 660 4368 deest.
