2900 4950
301 221 384 282 20
1159 231 1278 281 eou.
1316 232 1352 281 1.
1420 229 1535 282 Nov.
1573 231 1776 281 lx-xl.

302 381 650 459 ὑποτελεῖς
692 375 1005 465 ἀβλαβεῖς
1044 404 1119 445 τε
1160 382 1267 445 καὶ
1312 372 1629 465 ἀζημίους
1672 376 2160 464 διαφυλάττειν,
2217 377 2374 458 τοὺς
2418 379 2492 446 δὲ
2535 379 2653 467 δη-

303 491 581 569 μοσίους
623 482 955 565 ἐπιμελῶς
1011 478 1301 547 διανύειν
1358 479 1639 567 φόρους,
1704 478 1871 567 μήτε
1927 480 2033 547 δὲ4
2098 476 2339 559 αὐτοὺς
2395 475 2438 568 ἢ
2494 481 2653 560 τοὺς

307 583 520 653 αὐτῶν
575 584 948 670 παρέδρους
1000 576 1044 669 ἢ
1098 583 1603 668 καγγελλαρίους
1653 576 1697 668 ἢ
1755 581 2181 667 δομεστικοὺς
2231 578 2277 667 ἥ
2324 606 2476 649 τινα
2516 584 2651 650 τῶν

306 682 534 765 αὑτοῖς
575 683 1044 772 προσηκόντων
1084 681 1444 768 λαμβάνειν
1487 684 1553 748 τὶ
1600 683 1787 766 παρὰ
1829 685 1961 749 τῶν
2005 677 2415 767 ἀρχομένων,
2475 683 2650 769 πλὴν

307 789 365 856 εἰ
406 787 494 875 μὴ
539 785 706 852 κατὰ
748 784 827 852 τὸ
869 783 1356 870 τετραπλάσιον
1402 781 1518 865 (ὥς
1564 784 1629 850 οἱ
1672 783 1869 868 νόμοι
1898 787 2090 872 φασὶ)
2134 783 2211 850 τὸ
2240 778 2396 868 παρ’
2433 778 2650 850 αὐτῶν

307 891 567 977 ληφθὲν
612 888 865 954 ἕκτίσαι
905 886 1343 973 βούλονταιὶ·
1373 880 1511 952 ἀλλ’
1562 881 1919 971 ἀρκεῖσθαι
1971 895 2115 964 τοῖς
2171 885 2241 953 ἐκ
2281 889 2401 1007 1³05
2418 887 2652 1008 ,δημοω

308 999 457 1059 σίου
500 988 609 1057 καὶ
648 992 769 1055 τοῦ
814 987 1017 1073 νόμου
1063 989 1545 1074 διωρισμένοις.
1635 992 2097 1071 παυσομένους
2127 991 2246 1072 τῆς
2289 982 2492 1074 ἀρχῆς
2530 986 2650 1066 τὰς

305 1097 773 1176 νενομισμένας
816 1088 1219 1176 πεντήκοντα
1264 1089 1731 1177 προσεδρεύειν
1778 1083 2016 1167 αὐτοὺς
2068 1085 2314 1177 ἡμέρας
2373 1089 2650 1176 δημοσι-

307 1194 592 1272 εύοντας,
623 1195 905 1277 καὶτοῖς
935 1190 1185 1278 ἐνάγειν
1213 1191 1644 1277 βουλομένοις
1675 1187 2199 1276 ἀπολογεῖσθαι·
2233 1189 2321 1277 μὴ
2353 1216 2649 1275 περαιω-

305 1298 591 1382 θείσης“.
624 1294 694 1383 δὲ
737 1297 852 1381 τῆς
897 1295 1076 1380 δίκης
1122 1293 1280 1359 εἴσω
1321 1296 1454 1358 τῶν
1485 1292 1890 1378 πεντήκοντα
1932 1287 2207 1378 ἡμερῶν,
2250 1296 2650 1378 χρηματικῆς

301 1398 420 1479 μὲν
490 1393 724 1482 οὔσης,
802 1393 1045 1460 διδότω
1119 1393 1672 1479 προκουράτωρα,
1748 1393 2210 1481 ἐγκληματικῆς
2282 1394 2384 1471 δὲ,
2458 1399 2649 1478 μέχρι

304 1504 592 1582 πέρατος
633 1500 882 1580 μενέτω
925 1498 1042 1581 τῆς
1084 1490 1498 1573 ὑποθέσεως,
1543 1497 1677 1560 τῶν
1718 1493 2130 1574 δικαζόντων,
2179 1493 2312 1560 εἴτε
2341 1492 2648 1579 ἄρχοντές

304 1600 472 1667 εἰσιν
519 1599 652 1665 εἴτε
706 1594 892 1681 παρὰ
947 1599 1079 1662 τῶν
1123 1591 1435 1681 ὑπάρχων
1480 1595 1845 1678 ἐδόθησαν,
1907 1594 1966 1663 εἶ
2018 1593 2107 1682 μὴ
2165 1594 2346 1674 ἐντὸς
2387 1591 2646 1683 ἡμερῶν

306 1701 513 1767 εἴκοσι
544 1700 662 1765 τοῦ
695 1693 1027 1784 ἀρχθῆναι
1055 1696 1173 1784 τὴν
1205 1698 1385 1778 δίκην
1414 1696 1655 1785 ταύτην
1686 1696 2160 1783 περαιώσουσι,
2194 1698 2348 1764 δέκα
2372 1704 2645 1782 χρυσίου

303 1804 543 1886 λιτρῶν
588 1804 1186 1885 προστιμωμένων,
1243 1802 1359 1885 τῆς
1403 1800 1585 1886 δίκης
1626 1797 1792 1865 κατὰ
1833 1798 1918 1865 τὰ
1960 1804 2406 1886 προειρημένα
2447 1798 2647 1885 προῖ-

304 1901 520 1987 ούσης.
611 1901 670 1967 εἰ
732 1900 854 1986 γάρ
918 1925 1094 1979 τινες
1157 1898 1408 1967 τούτων
1474 1904 1647 1986 κακῷ
1710 1903 1805 1987 τῷ
1865 1900 2197 1967 συνειδότι
2253 1900 2642 1995 βαλόμενοι7

307 2002 627 2080 λαθόντες
674 2001 945 2089 φύγοιεν
973 1995 1015 2089 ἢ
1048 2003 1155 2068 καὶ
1189 2002 1392 2087 ἱεροῒς
1421 2002 1951 2088 προσδράμοιεν“
1995 2003 2222 2082 οἴκοις,
2267 2004 2384 2089 τῆς
2414 1996 2644 2082 οὐσίας

302 2104 763 2182 ἐκπεσοῦνται,
831 2114 976 2183 τοῖς
1037 2097 1453 2191 ἠδικημένοις
1519 2102 1686 2188 πρὸς
1753 2102 1867 2170 τὸν
1935 2102 2135 2187 νόμον
2200 2106 2307 2169 καὶ
2370 2103 2448 2169 τὸ
2506 2107 2642 2171 τῶν

301 2200 719 2291 ἀδικημάτων
760 2211 1000 2289 μέτρον
1055 2204 1294 2290 ταύτης
1355 2205 1965 2292 διαιρεθησομένης.
2052 2207 2160 2271 καὶ
2204 2204 2512 2291 καθάπερ
2559 2201 2640 2272 ἂν

300 2302 338 2392 ἡ
386 2308 544 2390 περὶ
583 2304 820 2372 τούτου
866 2308 1200 2390 προϊοῦσα
1243 2306 1519 2391 πρᾶξις”
1562 2310 1673 2373 καὶ
1728 2306 1798 2373 ἐκ
1848 2309 2008 2390 μιᾶς
2059 2311 2299 2392 μοίρας
2352 2306 2520 2373 κατὰ
2560 2309 2637 2373 τὸ

299 2406 532 2495 πρῴην
595 2412 1195 2493 νενομοθετημένον
1259 2406 1711 2495 παραστήσειε
1737 2412 1793 2489 ¹⁰,
1864 2406 1948 2475 τὰ
2011 2407 2404 2491 εἶσαχθέντα
2469 2405 2637 2495 ὑπὲρ

299 2513 433 2577 τῶν
476 2505 818 2575 ὑποτελῶν
866 2510 1225 2591 διαμενέτω
1266 2515 1536 2595 βέβαια,
1600 2508 1930 2594 μενόντων
1986 2505 2290 2597 δηλονότι
2342 2513 2448 2577 καὶ
2504 2515 2637 2578 τῶν

300 2610 517 2678 ἄλλων
558 2616 878 2696 βεβαίων,
928 2605 1055 2675 ὅσα
1098 2610 1269 2694 πρὸς
1310 2609 1427 2696 τὴν
1470 2614 1602 2676 τῶν
1643 2607 1985 2678 ὑποτελῶν
2030 2614 2436 2680 λυσιτέλειαν
2479 2612 2638 2699 περὶ

297 2716 429 2779 τῶν
461 2707 791 2796 ἀρχόντων
823 2711 1037 2789 καλῶς
1066 2711 1252 2796 παρὰ
1280 2715 1396 2797 τῆς
1420 2713 1767 2797 βασιλείας
1797 2719 2330 2801 νενομοθέτηται.
2406 2711 2633 2800 ῶσπερ

298 2814 370 2879 δὲ
414 2813 567 2891 τοὺς
610 2814 818 2878 ταῦτα
862 2813 1407 2898 πλημμελοῦντας
1449 2812 1836 2899 κολάζομεν,
1897 2811 2067 2880 οὕτω
2124 2819 2234 2882 καὶ
2273 2817 2426 2896 τοὺς
2466 2816 2633 2884 κατὰ

295 2913 535 3000 ταύτην
580 2912 696 3000 τὴν
742 2910 1085 3000 πρόφασιν
1142 2913 1597 2998 λαμβάνοντάς
1651 2942 1719 2983 τι
1773 2919 1906 2983 τῶν
1959 2918 2416 3001 κεκωλυμένων
2473 2913 2628 3005 παρ’

296 3010 512 3081 αὐτῶν
556 3017 687 3104 τῇ““
733 3018 851 3080 τοῦ
894 3017 1383 3100 τετραπλασίου
1428 3017 2030 3104 καθυποβάλλομεν
2076 3013 2419 3087 ἀποδόσει.

466 3115 547 3199 β’.
618 3118 749 3182 Καὶ
781 3118 989 3181 ταῦτα
1022 3124 1413 3201 νομοθετεῖν
1442 3115 1748 3207 ὑπῆλθεν
1768 3121 1808 3154 ¹²
1834 3115 1990 3204 ἡμῖν
2019 3119 2135 3206 τὴν
2165 3124 2297 3186 τῶν
2325 3116 2632 3203 ὑπηκόων

293 3211 610 3302 εὐπορίαν
653 3243 727 3283 τε
768 3220 874 3283 καὶ
922 3224 1294 3301 θεραπείαν
1340 3224 1497 3304 περὶ
1543 3222 1795 3286 πολλοῦ
1853 3226 2309 3303 ποιουμένοις,
2373 3215 2447 3284 οὗ
2505 3223 2633 3308 μὴν

289 3322 420 3384 τῶν
468 3319 775 3386 ἐντεῦθεν
821 3318 1259 3403 εἰσαγομένων
1307 3325 1387 3407 τῇ
1442 3323 1753 3406 βασιλείᾳ
1807 3319 2052 3406 πόρων.
2145 3342 2575 3407 συναιρουμεν
2593 3328 2633 3359 ¹³

288 3420 410 3506 γὰρ
465 3431 613 3497 ταῖς
666 3420 799 3482 τῶν
857 3413 1189 3501 ἀρχόντων
1247 3418 1478 3486 δόσεσι
1531 3424 1639 3487 καὶ
1695 3418 1779 3485 τὰ
1829 3445 1966 3503 παρ
2034 3415 2250 3488 αὐτῶν
2295 3423 2631 3510 προσαγό-

287 3544 452 3604 μενα
495 3522 589 3603 τῷ
633 3519 959 3603 βασιλικῷ
1007 3518 1178 3605 λόγω
1226 3521 1686 3640 σουφφράγια,
1737 3545 1830 3597 εις
1873 3522 2259 3589 πλεῖστον’
2236 3522 2425 3609 όγκον
2470 3522 2630 3593 ἀνα-

291 3618 622 3707 φερόμενα
673 3616 1051 3704 χρημάτων,
1111 3621 1223 3686 ι’να
1276 3619 1386 3685 καὶ
1441 3619 1643 3707 ταύτῃ
1689 3646 1837 3700 πως
1879 3621 1956 3687 τὸ
2003 3624 2319 3710 δημόσιον
2366 3626 2627 3713 εὔροιαν

290 3719 456 3802 ἔχοι,
517 3720 624 3784 καὶ
682 3718 853 3802 πρὸς
908 3707 1367 3805 εὐπορωτέραν
1434 3720 1622 3800 τάξιν
1689 3721 2056 3791 ἐπανέλθοι
2127 3720 2626 3815 ἀπηλλαγμένον

422 3921 441 3950 ⁴
480 3925 606 3974 {dem
645 3914 734 3979 δι’,
786 3924 916 3987 quod
966 3925 1184 3974 simfliter
1220 3941 1247 3975 e
1282 3927 1425 3976 Basiu.
1464 3929 1720 3979 emendavi.
1893 3929 1910 3956 ⁵
1949 3932 2091 3983 Basil.
2128 3935 2335 3984 addunt:
2377 3932 2626 3984 τουτέστι

286 4001 349 4054 τὸ
373 4001 479 4072 μὲν
504 4002 731 4056 διπλοῦν
749 4007 828 4072 τῷ
850 4004 1120 4074 δημοσίῳ,
1156 4009 1268 4062 τοῖς
1296 4004 1354 4058 δὲ
1373 4008 1695 4077 ζημιωθεῖσι
1713 4008 1776 4061 τὸ
1802 4006 2007 4080 ἕτερον.
2150 4017 2172 4044 ⁰
2206 4020 2315 4068 Bas,
2336 4022 2616 4085 περατωθ.

284 4089 302 4116 ‘¹
336 4092 444 4140 Bas.
478 4086 801 4159 βαλλόμενοι
835 4091 943 4159 πρὸ
981 4093 1078 4142 τοῦ
1113 4089 1397 4162 πληρῶσαι
1445 4091 1544 4151 τὰς·
1576 4090 1625 4145 ν’
1663 4092 1867 4164 ἡμέρας
1901 4096 2025 4149 λαθ.
2253 4100 2274 4127 ⁰
2312 4104 2415 4153 Bas,
2451 4118 2622 4168 προσ-

286 4171 537 4241 φύγοιεν.
678 4174 700 4203 ⁹
736 4177 818 4227 Sic
853 4177 961 4227 Bas.
1021 4178 1124 4228 Hal.
1161 4172 1418 4236 διάταξις.
1564 4180 1600 4207 ¹⁰
1637 4184 1741 4233 Bas».
1776 4180 1916 4232 κατὰ
1957 4180 2024 4232 τὰ
2057 4184 2425 4254 προειρημένα
2446 4202 2622 4252 παρα-

285 4252 495 4319 στήσοι.
638 4259 670 4287 ¹¹
706 4262 810 4312 Hal.
847 4260 914 4328 τῇ
949 4277 1044 4313 non
1082 4264 1238 4315 habet.
1387 4263 1425 4290 ¹²
1461 4267 1604 4317 Basil.
1639 4260 1889 4328 ἐπῆλθεν.
2046 4267 2080 4296 ¹³
2116 4271 2222 4321 Bas,
2260 4273 2615 4339 συναιρεῖται,

286 4345 365 4393 ubi
401 4344 662 4396 Heimbaeh
696 4347 893 4413 conjicit
927 4348 1349 4418 συναναιρεῖται.
1429 4352 1567 4402 Forte
1603 4352 2055 4421 συναναιροῦμεν.
