2900 4950
1227 249 1345 312 Imp.
1383 248 1573 298 Leonis,
2451 236 2568 296 165

225 395 408 463 εἶδον
460 393 614 482 γάρ,
675 390 767 473 ὥς
817 394 972 474 τοὺς
1025 387 1488 480 ἀνακειμένους
1543 394 1739 481 πρὸς·
1769 402 1966 461 θείαν
2012 397 2418 482 λειτουργίαν
2465 396 2569 463 δεῖ

221 501 358 565 τῶν
403 496 655 577 ἔξωθεν
695 492 908 580 Ιὄχλων
950 496 1058 563 καὶ
1090 499 1580 582 περισπασμῶν
1613 492 2063 583 ἀπηλλάχθαι,
2111 493 2271 585 ὅσην
2304 498 2376 564 δὲ
2406 522 2568 564 παι-

221 601 586 687 δοτροφίαι
637 600 748 665 καὶ
791 596 1010 676 ἄλλως
1053 597 1425 682 οἰκονομίαι
1470 598 1563 677 εἰς
1603 597 1681 664 τὸ
1726 602 2066 683 περισπᾶν
2108 597 2216 665 καὶ
2261 594 2567 686 ἀφέλκειν

223 703 343 788 τῆς
386 694 820 788 ὀφειλομένης
859 701 1005 784 θεῷ
1052 706 1420 786 θεραπείας
1451 698 1633 783 ἰσχὺν
1664 699 1940 782 ἔχουσιν,
1986 694 2299 788 ἠγνόησεν
2331 695 2565 779 οὐδείς.

223 797 648 888 ὑπαρχούσης
691 790 807 867 οὖν
854 795 969 867 οὔκ
1012 795 1280 888 ἀνεκτῆς
1323 802 1700 886 δυσχερείας
1741 805 1835 888 τῷ
1874 800 2233 888 πράγματι,
2278 800 2570 886 μάλιστά

221 927 297 990 γε
339 905 449 970 καὶ
494 900 606 970 διά
646 901 764 990 τὴν
807 901 878 968 ἐκ
918 903 1037 969 τοῦ
1076 900 1314 986 χρόνου
1344 901 1724 988 παράτασιν
1755 898 1936 982 (ὅλον
1963 902 2085 990 γὰρ
2118 900 2208 982 ὥς
2236 902 2320 969 τὰ
2350 902 2570 971 πολλὰ

223 1010 376 1090 βίον
430 1007 511 1092 τῇ
566 1001 970 1091 πολυπόνῳ*
1013 1004 1324 1091 φροντίδι
1364 1003 1480 1089 τὴν
1528 1002 1899 1089 ἐπιτροπὴν
1943 1004 2181 1091 ταύτην
2227 1006 2292 1071 οἱ
2337 1004 2569 1089 λαχόν-

225 1131 336 1184 τες
377 1105 840 1185 συνδέδενται),
885 1106 1099 1183 καλῶς
1145 1101 1312 1190 ὅπερ
1358 1100 1550 1171 εἶπον
1594 1104 1672 1170 τὸ
1718 1103 1931 1189 δόγμα
1973 1105 2439 1192 προσήνεγκαν.

389 1200 566 1272 Ἀλλ’
616 1205 764 1274 ἐπεὶ
807 1210 950 1285 τοῖς
989 1212 1562 1293 μεταγενεστέροις
1605 1201 1721 1272 οὐκ
1765 1204 2054 1294 ἐτηρήθη
2097 1207 2317 1290 μόνως
2358 1202 2459 1295 ἐφ’
2494 1197 2572 1295 ἧς

229 1307 519 1394 §ssya-10⁸
561 1307 958 1387 ἐπιστασίας
999 1303 1039 1396 ἦ
1071 1310 1315 1396 κλῆσις,
1359 1303 1649 1395 ἠξίωσαν
1697 1308 1769 1373 δὲ
1797 1301 2132 1386 κάκείνους
2163 1307 2572 1393 ἐπιτρόπους

227 1410 452 1476 καλεῖν
493 1407 681 1491 τοὺς,
743 1405 931 1489 ὅσοις
976 1410 1041 1475 οἱ
1082 1408 1197 1477 τὸν
1239 1416 1387 1495 βίον
1434 1405 2017 1495 ἀπολιμπάνοντες
2055 1420 2372 1495 χρησταῖς
2415 1411 2569 1495 περὶ

235 1506 450 1577 αὐτῶν
493 1506 912 1598 ὑπολήψεσιν
958 1511 1070 1578 ἐπὶ
1115 1513 1313 1577 τοῦτο
1358 1510 1894 1598 προτρεπόμενοι
1917 1510 2264 1591 διατάξεις,
2313 1514 2385 1578 αἳ
2413 1513 2569 1598 περὶ

232 1613 371 1679 τῶν
426 1607 763 1680 ὑπόντων“
817 1610 1059 1701 ἤρεσαν
1115 1611 1552 1699 πραγμάτων,
1613 1612 2039 1700 ἐγχειρίζουσι
2078 1616 2185 1680 καὶ
2229 1616 2361 1681 τῶν
2404 1613 2571 1698 μετὰ

229 1712 349 1802 τὴν
405 1712 713 1801 ἐκδημίαν
767 1713 1163 1781 πιστεύουσι
1216 1713 1333 1800 τὴν
1379 1714 1739 1801 διοίκησιν·
1814 1716 1961 1783 ἐπεὶ
2009 1705 2122 1782 οὖν
2164 1718 2274 1782 καὶ
2318 1713 2568 1782 τούτων

231 1815 618 1902 ἐπιτρόπων
663 1811 1161 1901 ὀνομαζομένων
1206 1809 1700 1904 ἀμφισβήτησις
1743 1814 2068 1903 πρόεισιν,
2119 1817 2178 1884 εἰ
2222 1820 2331 1883 καὶ
2363 1841 2569 1898 μονα-

232 1920 383 1985 οταὶ
439 1917 554 1985 τὸν
612 1916 786 2003 ἱερὸν
842 1913 1254 1995 ὑπελθόντες
1294 1919 1531 2005 κλῆρον
1576 1917 1815 2004 ταύτης
1854 1919 2219 2002 μεθέξουσι
2256 1921 2373 2002 τῆς
2421 1917 2570 1983 ἐπι-

229 2022 483 2107 τροπῆς
536 2018 651 2085 διὰ
691 2017 770 2084 τὸ
814 2019 1031 2086 δοκεῖν
1073 2019 1151 2084 τὸ
1195 2020 1401 2106 ῥηθὲν
1444 2021 1642 2084 τοῦτο
1686 2017 1775 2104 μὴ
1820 2019 2305 2101 καταδέχεσθαι
2355 2017 2570 2105 ψήφι-

234 2143 397 2206 σμα,
456 2121 901 2205 θεσπίζομενΊ
957 2116 1146 2209 ἡμεῖς
1190 2119 1752 2202 διαστειλάμενοι,
1813 2118 2061 2207 ἐκείνης
2099 2122 2217 2203 μὲν
2260 2123 2377 2198 τῆς
2421 2118 2571 2185 ἐπι-

230 2225 482 2311 τροπῆς
521 2222 904 2289 κωλύεσθαι
945 2221 1022 2311 ἣν
1066 2219 1306 2309 μόνην
1351 2217 1386 2287 ό
1431 2219 1875 2307 πρεσβύτερός
1920 2220 2112 2299 εἰδώς
2136 2219 2369 2307 χρόνος
2397 2244 2572 2304 παρ-

232 2330 379 2408 έσχε
419 2327 655 2412 ψῆφον
699 2324 1155 2410 ἕξενεχθῆναι”
1197 2321 1313 2410 τὴν
1356 2321 1445 2409 μὴ
1493 2323 1805 2390 διδοῦσαν
1853 2322 1946 2402 εἰς
1986 2321 2227 2410 ταύτην
2271 2321 2569 2408 πάροδον

229 2437 375 2507 τοῖς
418 2426 782 2514 εἰρημένοις
825 2424 1241 2510 προσώποις,
1286 2427 1403 2491 τοῦ
1452 2425 1523 2492 δὲ
1565 2429 2109 2511 μεταγενεστέρου
2154 2427 2270 2512 τῆς
2301 2423 2571 2510 ἐπιτρο-

230 2533 364 2616 πῆς
410 2530 626 2609 εἴδους
669 2528 912 2609 ἐξεῖναι
952 2530 1058 2595 καὶ
1103 2528 1464 2612 μονάζουσι
1507 2530 1613 2594 καὶ
1658 2530 1987 2614 κληρικοῖς
2015 2537 2371 2593 κοινωνεῖν.
2420 2523 2572 2592 οὕτε

227 2630 350 2718 γὰρ
395 2632 466 2697 αἱ
511 2631 858 2718 φροντίδες
901 2625 1075 2697 οὕτω
1118 2636 1387 2715 βαρεῖαι
1402 2633 1462 2711 ¹⁰,
1510 2625 1682 2696 ὥστε
1726 2629 1896 2714 πρὸς
1939 2627 2177 2707 ἑαυτάς
2204 2628 2572 2713 καταδῆσαι

230 2733 336 2799 καὶ
381 2734 499 2819 τῆς
543 2732 724 2817 ἱερᾶς
768 2725 1135 2820 ἀφελκῦσαι
1178 2727 1561 2817 ὑπηρεσίας,
1610 2732 1718 2797 καὶ
1765 2728 1980 2809 ἄλλως
2026 2731 2097 2796 δὲ
2129 2725 2286 2796 ὅσον
2316 2730 2569 2813 μᾶλλον

232 2822 421 2900 οὗτοι
461 2835 593 2899 τῶν
636 2833 896 2911 λαῖκαῒς
938 2832 1471 2919 προσηλωμένων
1516 2826 1826 2916 ἀνάγκαις
1868 2833 1975 2897 καὶ
2019 2835 2155 2919 τῇ“
2199 2833 2375 2899 κάτω
2407 2856 2572 2919 συμ-

234 2936 720 3023 φυρουμένων”
780 2932 913 3000 zm
967 2933 1279 3013 διαζῶσιν
1339 2927 1805 3018 εὖλαβέστερόν
1861 2957 1934 2999 τε
1987 2934 2095 2999 καὶ
2138 2928 2568 3021 ὑψηλότερον,

235 3037 424 3116 ἐλπὶς
467 3030 714 3122 ἀμείνω
729 3038 771 3070 ¹⁸
812 3037 922 3102 καὶ
968 3029 1495 3120 εὖλαβεστέραν“
1538 3036 1706 3100 καὶ’“”
1739 3033 1859 3112 τὰς
1886 3036 2017 3099 τῶν
2049 3027 2570 3121 ἀποδημούντων

234 3136 564 3218 διατάξεις
607 3132 1084 3224 ἀποφέρεσθαι
1124 3134 1241 3220 τὴν
1287 3134 1716 3220 ἐκπλήρωσιν.

365 3358 390 3388 ⁴
437 3361 573 3425 Conj.
628 3359 792 3423 Steph.
878 3359 1028 3409 codd.
1083 3350 1147 3407 οὑ
1195 3353 1348 3424 πόνῳ
1402 3359 1471 3408 vel
1525 3349 1583 3407 εὗ
1636 3351 1805 3423 πόνῳ.
2014 3355 2034 3383 ⁵
2085 3357 2284 3419 Scrinng.
2338 3350 2565 3420 ἐγένετο.

229 3444 254 3474 ⁶
290 3444 441 3496 codd.
477 3436 759 3494 εἰπόντων.
835 3443 1110 3493 Emendavit
1145 3445 1310 3508 Steph.
1448 3441 1467 3468 ⁷
1504 3445 1602 3492 lnc.
1640 3443 1825 3505 Ecloga.
1965 3440 1986 3469 ⁶
2023 3443 2171 3492 Codd.
2208 3437 2299 3490 καὶ
2335 3436 2416 3501 ἦν.
2477 3443 2572 3492 Νο-

231 3539 376 3581 stram
415 3530 671 3581 lectionem
707 3529 1022 3592 suppeditavit
1059 3529 1155 3577 Ecl.
1325 3526 1347 3552 ⁹
1383 3527 1482 3577 Ecl.
1524 3522 1768 3594 ἐπενεχθ.
1959 3525 1996 3553 ¹⁰
2033 3529 2102 3577 lta
2138 3527 2236 3577 Ecl.
2309 3528 2458 3578 Codd.
2497 3529 2573 3576 hic

230 3617 414 3665 addunt
447 3606 758 3679 ὑπηρεσίας,
800 3613 931 3677 quod
967 3613 1013 3662 in
1049 3607 1248 3670 ταύτης
1284 3610 1378 3670 τῆς
1409 3605 1706 3677 ὑπηρεσίας
1739 3622 1923 3663 mutare
1956 3613 2102 3662 vomit
2137 3613 2263 3677 Agyl.
2437 3610 2468 3638 ¹¹
2507 3614 2575 3662 lta

230 3699 330 3750 Eel.
404 3699 604 3761 Serimg.
643 3690 896 3762 ἀνάγνως
928 3691 1019 3745 καὶ
1055 3696 1147 3759 τῷ.
1307 3694 1343 3722 ¹²
1378 3698 1543 3747 Zuich.
1582 3699 1772 3748 Meet-m.
1812 3707 1860 3748 et
1894 3697 2111 3747 nonnulli
2151 3697 2299 3746 Codd.
2372 3697 2573 3757 Enlogao

229 3796 498 3851 συμερομ.
641 3778 678 3808 ¹⁸
713 3783 839 3847 Agyl.
861 3784 986 3847 conj.
1026 3779 1291 3830 τοσοῦτον
1327 3772 1552 3846 ἀμείνω.
1629 3783 1734 3832 Non
1771 3798 1911 3847 opus.
2050 3779 2087 3806 ¹¹
2124 3782 2572 3831 Zuicb.etMee1-m.

229 3859 663 3935 εὖλαβεστέρους.
738 3865 943 3930 Eclogae
993 3867 1197 3917 Codices
1234 3866 1377 3916 modo
1413 3859 1864 3932 ἐλευθερωτέραν,
1904 3867 2047 3916 modo
2083 3858 2458 3931 ἐντελεστέραν
2493 3866 2573 3914 ha-

234 3955 362 4004 bent.
502 3950 539 3980 ¹⁵
575 3953 645 4004 lta
679 3951 868 4015 ecloga.
941 3952 1092 4003 Codd.
1130 3958 1178 4001 et
1214 3950 1327 4001 editi
1362 3944 1503 4015 πρὸς
1538 3952 1835 4023 habent'pro
1870 3945 1978 3998 καὶ.

1107 4195 1709 4206 --——-.—.-—--
