2900 4950
1092 258 1208 320 Imp.
1246 257 1389 306 Alexii
1426 256 1675 305 Comneni.
2424 241 2549 304 427

1174 439 1345 501 Nov.
1392 439 1584 500 XLIV.

960 556 1107 637 Imp.
1153 556 1393 620 Alexii
1439 557 1797 618 Comneni

542 659 615 719 de
661 658 887 717 minore
930 656 1081 719 infra
1124 658 1346 720 ultrave
1392 657 1677 718 decimam
1726 666 1952 737 partem
1999 656 2159 718 laeso
2176 657 2213 718 ¹.

349 801 444 872 ’Ὁ
484 805 574 872 ’δὲ
628 799 953 885 άλέξιος
1020 805 1332 890 βασιλεὺς
1398 802 1435 872 ὃ
1501 829 1652 890 κομ
1671 804 1909 892 νηνὸς
1977 802 2213 888 νεαρὰν
2282 803 2550 883 ἐξέθετο

209 904 807 990 διαλαμβάνουσαν,
851 912 1041 992 μέχρι
1083 911 1199 995 τῆς
1230 908 1501 994 δεκάτης
1528 908 1796 993 μερίδος
1825 912 2401 992 περιγραφομένου
2430 909 2549 972 τοῦ

206 1013 358 1075 νέου
400 1006 478 1072 τὸ
519 1008 640 1090 μὲν
685 1004 1107 1093 συνάλλαγμα
1148 1014 1601 1075 συνίστασθαι
1642 1010 1750 1074 καὶ
1797 1007 2061 1090 ἰσχύειν,
2127 1005 2242 1073 τὸν
2288 1008 2358 1074 δὲ
2403 1013 2550 1075 νέον
2653 1019 2660 1034 '

209 1109 378 1191 ἔχειν
431 1105 598 1176 κατὰ
651 1111 768 1173 τοῦ
820 1107 1240 1193 κουράτωρος
1293 1105 1567 1195 άγωγήν.
1660 1109 1719 1175 εἰ
1776 1110 1848 1175 δὲ
1903 1105 2072 1193 ὑπὲρ
2114 1107 2231 1195 τὴν
2277 1107 2550 1196 δεκάτην

208 1209 389 1278 ἐστὶν
441 1205 479 1295 ἦ
539 1210 948 1297 περιγραφὴ,
1007 1205 1159 1276 καθ’
1220 1200 1299 1276 οὗ
1353 1209 1663 1294 βούλεται
1718 1220 1921 1277 κινεῖν
1962 1208 2051 1297 μὴ
2098 1205 2549 1296 ὑφιστάμενον

206 1309 544 1396 πρόκριμα
589 1309 658 1377 ἐκ
700 1313 815 1398 τῆς
858 1311 1188 1397 ἐπιλογῆς.

1082 1522 1686 1531 -—-——-—-—-—-———————-

1180 1715 1352 1776 Nov.
1398 1715 1566 1776 XLV.

954 1833 1101 1912 Imp.
1149 1831 1387 1894 Alexii
1436 1833 1795 1893 Comneni

527 1934 600 1994 de
636 1933 973 2013 juramento
1018 1942 1154 2013 post
1196 1925 1431 1995 testium
1476 1933 1925 2012 productionem
1971 1934 2165 1996 delato
2181 1936 2216 1996 ¹.

387 2079 520 2147 Καὶ
575 2078 610 2146 ὃ
663 2082 972 2166 βασιλεὺς
1027 2076 1361 2161 άλέξιος
1416 2076 1451 2145 ὃ
1508 2079 1918 2167 κομνηνὸς
1982 2080 2219 2165 νεαράν
2278 2082 2547 2162 ἐξέθετο

213 2182 617 2270 φάσκουσαν,
666 2183 724 2249 εἷ
767 2184 878 2250 ἐπὶ
927 2179 1225 2269 άγράφου
1270 2180 1816 2267 συναλλάγματος.
1849 2187 2256 2266 παραχθῶσι
2297 2183 2547 2268 μάρτυ-

210 2309 319 2368 ρες
372 2286 480 2349 καὶ
540 2279 615 2349 οὗ
669 2283 928 2372 χωρήσῃ
990 2282 1160 2368 πρὸς
1218 2281 1532 2370 διαβολὴν
1585 2276 1625 2369 ἢ
1669 2277 2239 2369 άντιπαράστασιν
2286 2281 2321 2350 ὃ
2368 2279 2548 2351 ἆντι-

208 2385 618 2471 κρινόμενος,
678 2380 814 2451 ἀλλ’
864 2386 1089 2473 ἕληται
1130 2383 1245 2452 τὸν
1289 2387 1406 2450 τοῦ
1450 2383 1951 2469 παραγαγόντος
1996 2380 2220 2471 ὅρκον,
2282 2386 2393 2452 ἵνα
2438 2386 2545 2474 ἔχῃ

212 2485 440 2554 ἄδειαν
481 2486 594 2552 καὶ
636 2486 982 2574 ἔπιλογὴν·
1029 2487 1088 2554 εἰ
1132 2487 1205 2553 δέ
1245 2512 1317 2572 γε
1360 2486 1532 2570 πρὸς
1563 2485 1874 2574 διαβολὴν
1905 2480 1948 2574 ἢ
1977 2480 2547 2574 άντιπαράστασιν

208 2588 489 2675 χωρήσῃ,
534 2588 644 2654 ἵνα
684 2588 773 2676 μὴ
820 2589 926 2676 ἔχῃ
974 2588 1305 2676 ἑπιλογὴν,
1353 2582 1491 2654 ἀλλ’
1540 2588 1652 2654 ἵνα
1697 2586 2100 2673 ἐπόμνυνται
2131 2590 2197 2655 οἱ
2224 2587 2549 2674 μάρτυρες

211 2692 319 2757 καὶ
359 2688 583 2774 μόνον.

1168 3007 1339 3069 Nov.
1384 3008 1578 3069 val.

963 3126 1109 3206 Imp.
1154 3124 1390 3186 Alexii
1440 3126 1800 3189 comneni

1074 3228 1146 3288 de
1190 3226 1634 3289 contumacibus
1650 3228 1688 3288 ¹.

1206 3378 1340 3440 Non
1380 3390 1554 3442 extat.

348 3580 364 3607 ¹
403 3581 642 3631 Lauualur
673 3582 721 3630 in
755 3582 989 3645 Τιρυείῐο,
1025 3581 1084 3632 cf.
1122 3581 1262 3632 Basil.
1300 3581 1374 3630 ed.
1414 3581 1600 3630 Heimb.
1638 3582 1678 3630 11
1714 3596 1762 3644 p.
1801 3581 1859 3631 lx
1895 3588 1945 3629 et
1979 3580 2096 3631 748.

350 3663 365 3691 ¹
396 3665 636 3714 Laudatur
668 3666 719 3714 in
752 3666 985 3728 Tipucito,
1022 3665 1082 3716 cf.
1119 3666 1261 3715 Rasin.
1299 3666 1373 3715 ed.
1412 3665 1597 3714 Heimb.
1634 3666 1672 3714 n
1708 3680 1755 3728 p.
1791 3665 1852 3715 IX
1888 3672 1936 3714 et
1971 3665 2026 3713 1v
2062 3680 2110 3728 p.
2132 3665 2247 3717 353.

351 3748 363 3774 ¹
399 3747 639 3799 novenam
676 3751 735 3799 ab
772 3749 935 3798 Alexio
972 3749 1146 3798 editam
1185 3764 1293 3798 esse
1343 3749 1402 3798 de
1440 3748 1817 3798 condemnandis
1855 3750 1957 3811 his,
1994 3752 2076 3812 qni
2115 3750 2266 3798 tribus
2300 3764 2550 3818 τριακον·

150 3830 163 3835 ”
214 3829 482 3899 θημέροις
516 3833 684 3883 edictis
720 3832 849 3882 citati
879 3832 1064 3897 jndicio
1100 3847 1154 3881 se
1189 3848 1284 3881 non
1322 3833 1515 3894 sistunt,
1552 3832 1731 3881 indicat
1765 3833 1877 3882 Nov.
1915 3832 2143 3881 Mnnuelis
2183 3832 2314 3881 wa
2352 3850 2394 3884 c.
2426 3836 2549 3885 1,-

216 3917 467 3965 Caeterum
514 3917 563 3965 iu
601 3917 717 3965 Cod.
756 3916 936 3980 Bodlej.
974 3916 1072 3965 205
1111 3924 1235 3966 extat
1280 3907 1581 3981 Σημείωμα
1618 3947 1663 3961 ..
1685 3948 1732 3961 ..
1775 3907 1983 3971 &anfion
2018 3914 2117 3962 τοῦ
2150 3915 2427 3979 κομνηνοῦ
2461 3910 2554 3969 ἐπὶ

216 3998 281 4064 τῇ
334 3992 592 4048 ὑποθέσει
636 3999 733 4049 τοῦ
767 3995 981 4053 νικαίας
1011 3999 1179 4066 κυροῦ
1213 3992 1538 4066 εὖστρατίου
1573 3999 1633 4047 de
1669 4013 1794 4047 anno
1831 3990 1988 4067 ‘5116'
2057 3998 2089 4047 i.
2127 4014 2169 4047 e.
2211 3998 2369 4063 1117,
2419 4001 2551 4064 quod

216 4076 440 4134 laudasse
476 4085 568 4135 hoc
604 4085 712 4135 loco
750 4084 970 4135 sufficiat.
