2900 4950
519 103 642 166 732
1192 113 1232 164 1.
1286 112 1429 164 index
1466 112 1766 164 Novellarum
1799 101 2187 176 chronologicus.

514 352 671 414 (347.)
745 280 852 404 ΜΞ.
922 351 1038 414 lmp.
1075 347 1407 400 Michaelis
1445 347 1850 410 palaeologi,
1897 354 1951 397 ut
1984 347 2195 410 videtur,
2231 350 2550 413 rescriptum,
2590 367 2599 398 t

986 434 1164 484 monus
1200 433 1332 483 Sinai
1384 434 1690 496 praepositus
1739 431 2030 496 hypertimns
2062 433 2350 483 nominatur.
2403 434 2478 492 (A.
2521 436 2599 484 127

512 520 671 582 (348.)
772 520 848 570 xt.
920 519 1037 583 imp.
1076 517 1410 567 Michaelis
1446 515 1813 577 Palaeologi
1849 529 1996 565 aurea
2032 516 2162 566 bulla
2196 518 2257 567 de
2292 519 2593 581 possessioni

984 602 1261 651 monasterii
1301 601 1661 649 Alacrmitissae.
1697 599 1772 658 (A.
1816 597 1980 659 1272.)
2077 636 2600 654 .......

514 687 673 749 (349.)
716 712 845 726 --
922 689 1036 750 imp.
1076 684 1409 736 Michaelis
1449 683 1815 745 Palaeolossi
1854 683 1914 733 de
1963 685 2357 748 possessionibus
2405 696 2598 737 monast

985 770 1306 834 Xeropotami.
1343 771 1415 826 (A.
1460 769 1626 824 1275.)
1657 802 2600 823 ............

512 855 669 916 (350.)
751 855 849 905 xli.
919 854 1414 918 1mp.Hichaelis
1451 850 1828 911 Palaeologi
1881 852 2202 915 rescriptum,
2251 869 2352 918 qno
2404 855 2599 904 Thebdo

985 939 1256 989 Scutariota
1303 935 1608 1000 metropolita
1646 935 1803 999 Cyzici
1841 936 2091 999 hypertimi
2128 937 2356 998 dignitate
2392 940 2599 988 condect]

983 1029 1075 1072 tur.
1114 1023 1263 1078 (inter
1303 1021 1494 1071 1275-
1508 1019 1674 1079 1282.)
1735 1055 2596 1073 ...........

511 1106 668 1168 (351.)
725 1108 846 1156 xut.
916 1107 1033 1171 Imp.
1071 1105 1407 1156 Michaelis
1445 1102 1820 1163 Palaeologi
1858 1102 1917 1151 de
1955 1105 2287 1167 stauropegiis.
2321 1108 2395 1158 (A.
2437 1106 2599 1158 1279.1

508 1190 667 1247 (352.)
723 1192 835 1241 xlv.
906 1191 1024 1254 Imp.
1078 1190 1411 1240 Michaelis
1468 1187 1838 1249 palaeologi
1904 1201 2049 1237 aurea
2109 1189 2235 1239 hulla
2292 1190 2599 1240 Monemhasii

986 1288 1217 1325 concessa
1306 1307 2593 1324 ................

508 1359 665 1419 (353.)
710 1339 856 1396 -—-'
917 1360 1034 1423 unp.
1071 1357 1407 1409 Michaelis
1444 1355 1818 1416 palaeologi
1856 1355 1916 1405 de
1950 1357 2243 1405 mon-sterio
2282 1357 2510 1407 Lemno.
2579 1396 2593 1408 .

507 1444 666 1504 (35⁴.)
712 1469 846 1480 —
917 1445 1034 1506 lmp.
1072 1443 1269 1492 Hicha
1287 1442 1407 1490 elis
1443 1439 1822 1501 Palaeologi
1861 1440 1921 1489 de
1955 1442 2249 1490 monasterio
2270 1442 2599 1492 Macrinitissat

507 1527 665 1586 (355.)
708 1551 839 1566 --
915 1527 1030 1590 lmp.
1069 1525 1404 1575 Michaelis
1441 1524 1815 1585 Palacologi
1850 1537 1995 1574 aurea
2021 1524 2164 1586 hulla,
2200 1541 2295 1589 qua
2319 1527 2599 1576 Demetrion

981 1612 1085 1659 rino
1123 1611 1337 1659 locorum
1376 1607 1713 1657 nonnullorum
1752 1610 2001 1671 possessio
2039 1610 2321 1659 conceditur
2407 1648 2419 1660 .
2491 1649 2504 1660 .
2577 1648 2590 1661 .

506 1694 663 1756 (356.)
712 1721 846 1734 —
917 1696 1034 1758 lmp.
1071 1693 1411 1744 Michaelis
1447 1692 1809 1755 Palaeolossi
1863 1693 1923 1742 de
1958 1694 2350 1756 possessionibus
2394 1704 2599 1745 monasti

734 1785 739 1790 '
979 1779 1283 1843 Esphigmeni
1391 1812 2589 1830 ...............

505 1864 662 1926 (357.)
746 1865 836 1914 XV.
906 1864 1023 1928 imp.
1060 1862 1395 1913 Michaelis
1433 1860 1802 1921 palaeologi
1837 1861 2082 1909 decretum
2121 1862 2168 1909 in
2205 1863 2400 1924 gratiam
2432 1877 2599 1912 monas

978 1949 1035 1997 rii
1072 1949 1226 1999 Novae
1263 1948 1429 1997 Petrae
1473 1979 2586 1997 ..............

504 2032 662 2091 (358.)
717 2033 830 2084 XVI.
901 2034 1017 2096 lmp.
1054 2030 1387 2081 Michaelis
1427 2027 1800 2090 Palaeologi
1837 2044 1983 2080 aurea
2016 2030 2161 2092 hulla,
2199 2045 2292 2094 qna
2330 2032 2599 2080 monasterii

980 2116 1235 2168 salvatoris
1276 2113 1450 2164 Christi
1490 2114 1686 2174 Latomi,
1724 2115 1852 2177 quod
1887 2114 2258 2164 Thessalonicae
2295 2123 2384 2178 est,
2427 2116 2599 2165 Comae

974 2202 1182 2265 Joasaph
1220 2200 1477 2249 Maliaseno
1516 2198 1822 2260 conceditur,
1861 2207 1908 2247 et
1946 2200 2003 2248 de
2041 2198 2380 2263 conjunctione
2414 2200 2540 2249 inter
2571 2217 2599 2250 n

976 2286 1239 2336 nastes-ium
1277 2283 1621 2334 Macrinitissae
1658 2289 1712 2331 et
1741 2283 1896 2334 Novae
1935 2284 2098 2334 Petrae
2154 2319 2588 2335 ......

507 2368 664 2431 (359.)
709 2394 847 2405 —-
916 2371 1034 2432 Imp.
1091 2367 1441 2419 Andronici
1496 2367 1780 2416 senioris
1833 2366 1893 2416 de
1944 2368 2339 2431 possessionibus
2393 2376 2599 2420 monasti

978 2453 1241 2502 lberorum.
1289 2452 1362 2511 (A.
1403 2449 1572 2512 1283.)
1644 2486 2588 2506 ............

500 2537 657 2597 (360.)
704 2560 840 2577 --
908 2537 1026 2600 lmp.
1063 2536 1411 2585 Andronici
1446 2535 1734 2584 senioris
1769 2549 1918 2586 aurea
1952 2535 2079 2586 bulla
2116 2551 2202 2600 pro
2238 2539 2531 2597 monasterio
2564 2540 2598 2588 P

971 2620 1137 2670 lothei.
1190 2621 1264 2680 (A.
1310 2619 1473 2681 1284.)
1556 2652 2505 2673 .............
2568 2626 2589 2673 “.

497 2704 654 2765 (361.)
715 2704 847 2755 xvu.
917 2705 1035 2769 Imp.
1074 2704 1428 2756 Andronici
1466 2704 1755 2754 senioris
1791 2718 1937 2753 aurea
1973 2705 2100 2754 bulla
2153 2706 2218 2755 de
2253 2707 2550 2757 immunitate
2587 2708 2599 2756 1

970 2789 1228 2838 bitatorum
1267 2790 1636 2838 Monemhasise.
1689 2789 1764 2849 (A.
1806 2787 1972 2847 1284.)
2058 2823 2582 2842 .......

494 2872 654 2934 (362.)
699 2897 833 2911 --
904 2875 1020 2937 lmp.
1059 2874 1406 2923 Andronici
1444 2873 1736 2923 senioris
1771 2874 1832 2923 de
1850 2874 2242 2936 possessionibus
2263 2876 2540 2925 monasterii
2563 2878 2598 2925 Ρ

972 2957 1121 3007 lothei
1159 2958 1207 3007 in
1242 2959 1399 3007 Thaso
1435 2958 1608 3008 insula.
1661 2958 1735 3016 (A.
1778 2958 1942 3015 1287.)
1978 2993 2583 3010 ........

495 3040 650 3102 (363.)
698 3066 833 3078 --
902 3042 1018 3104 Imp.
1055 3041 1406 3092 Andronici
1444 3042 1730 3091 senioris
1778 3042 1839 3092 de
1873 3043 2266 3106 possessionibus
2302 3044 2579 3093 monasterii

970 3126 1158 3175 Mariae.
1195 3128 1268 3183 (A.
1312 3125 1479 3183 1287.)
1549 3162 2582 3179 .............

494 3208 651 3271 (364.)
701 3234 835 3249 ——-
905 3211 1023 3274 Imp.
1061 3211 1409 3260 Andronici
1446 3211 1733 3261 senioris
1770 3212 1830 3260 de
1866 3211 2258 3275 possessionibus
2280 3213 2599 3262 monasteriiZ

602 3350 615 3365 .
968 3296 1149 3358 graphi.
1199 3296 1272 3356 (A.
1315 3294 1478 3353 1289.)
1550 3331 2580 3347 .............

492 3376 650 3440 (365.)
675 3377 832 3428 xvnl.
900 3378 1018 3443 Imp.
1057 3360 1402 3429 And-ronici
1440 3379 1728 3429 senioris
1777 3379 2072 3443 privilegium
2108 3381 2458 3430 mercatoribus
2495 3382 2599 3445 llis}

963 3462 1039 3510 nis
1076 3478 1377 3513 concessum.
1421 3466 1495 3523 (A.
1539 3463 1703 3521 1290.)
1798 3498 2574 3516 ..........

493 3544 652 3609 (366.)
723 3547 837 3596 xlx.
908 3546 1025 3610 Imp.
1065 3547 1412 3597 Andronici
1448 3547 1734 3597 senioris
1782 3561 1956 3598 aureae
1993 3548 2152 3597 bullae
2204 3549 2264 3598 de
2316 3549 2599 3613 metropolii)

967 3630 1378 3697 ΡΙιίΙαάοΙρΙιοιιεί,
1437 3632 1856 3683 Thessalonicensi
1916 3639 1965 3681 et
2020 3633 2343 3683 Litbadorum.
2408 3634 2567 3694 (Circa

658 3752 661 3755 .
971 3714 1139 3773 1292.)
1205 3751 2574 3769 ..................

492 3801 648 3863 (367.)
740 3801 833 3851 XX.
904 3801 1020 3863 lmp.
1058 3800 1407 3851 Andronici
1445 3802 1735 3852 senioris
1772 3816 1917 3851 aurea
1953 3802 2081 3851 bulla
2118 3803 2178 3852 de
2213 3802 2467 3866 privilegiis
2484 3808 2599 3851 meti

962 3884 1139 3948 politae
1176 3886 1543 3936 Monemhasiae.
1602 3888 1674 3945 (A.
1717 3886 1882 3947 1293.)
1970 3922 2574 3936 ........

489 3966 647 4030 (368.)
716 3970 830 4020 xxi.
901 3970 1016 4033 lmp.
1054 3970 1398 4019 Andronici
1437 3971 1722 4020 senioris
1757 3970 1818 4020 de
1855 3969 2238 4021 ordinationibus
2285 3972 2468 4034 absque
2523 3986 2599 4035 pra

960 4054 1165 4103 statione
1201 4055 1601 4104 consuetudinum
1637 4054 1885 4104 faciendis.
1940 4056 2015 4114 (A.
2055 4054 2226 4116 1295.)
2305 4092 2318 4105 .
2389 4090 2402 4104 .
2472 4092 2486 4103 .
2559 4092 2572 4104 .

470 4133 646 4214 ’(369.)
691 4137 828 4187 xxti.
899 4138 1015 4202 lmp.
1053 4138 1402 4188 Andronici
1440 4139 1728 4190 senioris
1761 4154 1910 4189 aurea
1942 4139 2073 4189 bulla
2122 4140 2169 4189 in
2206 4139 2403 4201 gratiam
2444 4139 2597 4200 Grego

962 4221 1220 4272 Melisscni.
1273 4223 1347 4284 (A.
1387 4222 1553 4283 1296.)
1629 4259 2062 4275 ......
2117 4296 2126 4303 ι
2133 4260 2575 4275 ......
