2900 4950
925 282 1043 347 Imp.
1084 283 1382 333 Constantini
1419 283 1823 348 porphyrogeniti.
2420 272 2542 334 233

815 425 1419 518 Ἐπιφωνήσεις
1468 432 1922 498 συνοδικαί.

339 547 519 601 Πολλὰ
554 547 625 600 τὰ
657 545 749 612 ἔτη
786 550 901 599 τῶν
933 547 1219 617 βασιλέων.
1292 548 1667 617 βασιλείου
1711 546 1803 601 καὶ
1846 562 2215 600 κωνσταντ
2234 547 2388 599 ίνου
2436 551 2549 601 τῶν

201 628 531 703 όρθοδόξων
577 629 735 702 ἡμῶν
778 632 1051 701 βασιλέων
1094 630 1265 684 πολλὰ
1310 631 1381 685 τὰ
1416 630 1527 696 ἔτη.
1602 636 1699 696 τῆς
1732 628 2118 700 εὖσεβεστάτης
2155 630 2233 683 αὐ
2245 628 2370 699 7⁰²5
2386 648 2506 695 στη
2521 651 2550 689 ς

202 719 617 787 θεοφανοῦς
663 715 836 769 πολλὰ
884 716 954 769 τὰ
999 714 1109 780 ἔτη.
1183 714 1519 770 νικολάου
1567 721 1664 769 τοῦ
1703 714 2015 786 ἆγιωτάτου
2048 715 2139 768 καὶ
2177 713 2547 786 οἶκουμενικοῦ

205 800 551 872 πατριάρχου
585 799 756 853 πολλὰ
797 800 866 853 τὰ
900 797 1009 865 ἔτη.
1082 802 1448 867 βασιλείου
1495 800 1587 854 καὶ
1630 817 1858 853 κωνστ
1877 820 2001 853 αντ
2020 801 2205 861 ίνου,
2260 801 2551 859 λέοντος

204 885 299 938 καὶ
347 883 821 955 ἀλεξάνδρου,
881 885 1420 938 κωνσταντίνου
1463 885 1555 938 καὶ
1605 886 1960 957 ῥωμανοῦ,
2003 902 2215 957 χριστ
2235 884 2545 955 οφόρου,

206 970 575 1042 ρωμανοῦ,
615 988 772 1033 νικη
791 966 1021 1040 φόρου
1054 968 1147 1021 καὶ
1183 967 1521 1030 ίωάννου,
1556 973 1666 1023 τῶν
1702 970 1805 1035 τὴν
1839 967 2100 1042 οὖράνιον
2135 970 2418 1039 βασιλείαν
2457 973 2551 1034 τῆς

209 1052 453 1124 ἐπιγείου
507 1050 918 1123 ἇλλαξαμένων,
976 1050 1175 1107 αίωνία
1223 1053 1252 1118 ἦ
1300 1052 1508 1125 μνήμη.
1583 1052 1652 1108 εῦ
1668 1055 1789 1107 δοκ
1804 1054 1912 1112 ίας
1962 1055 2051 1108 καὶ
2104 1060 2183 1109 θε
2198 1074 2226 1106 ο
2243 1075 2288 1125 φ
2305 1074 2426 1106 ανο
2444 1057 2545 1115 ῦς,

203 1138 388 1192 θεοδ
394 1141 440 1191 οί
452 1156 484 1210 ρ
500 1157 576 1196 ας
607 1138 701 1190 καὶ
735 1136 998 1201 ἑλένης,
1037 1142 1154 1191 τῶν
1186 1135 1591 1208 εὐσεβεστάτων
1628 1136 1979 1208 αἰγοῦστων,
2034 1138 2232 1192 αἰωνία
2271 1136 2298 1203 ἦ
2333 1137 2543 1210 μνήμη.

205 1224 606 1295 γερμανοῦ,
644 1222 1026 1291 ταρασίου,
1065 1223 1465 1296 νικηφόρου
1490 1222 1582 1276 καὶ
1604 1223 1984 1295 μεθοδίου,
2023 1227 2139 1275 ταῖν
2163 1219 2435 1293 ἀοιδίμων
2458 1221 2552 1275 καὶ

208 1307 502 1379 μακαρίων
544 1310 933 1377 πατριαρχιῦν,
996 1304 1195 1360 αἰωνία
1247 1306 1276 1373 ἦ
1327 1308 1537 1379 μνήμη.
1616 1308 1729 1378 ίγν
1744 1328 1778 1360 α
1792 1327 1822 1360 τ
1838 1308 1900 1359 ίο
1918 1328 1977 1367 υ,
2036 1327 2082 1378 φ
2099 1326 2140 1359 ω
2156 1327 2184 1359 τ
2203 1307 2266 1359 ίο
2283 1328 2313 1359 v
2328 1348 2345 1368 ‚
2403 1326 2480 1361 στ
2494 1326 2552 1361 ε-

210 1389 448 1464 φάνου
482 1390 572 1443 καὶ
608 1386 991 1450 ἂντωνιόυ,
1031 1390 1367 1445 νικολάου
1401 1391 1494 1444 καὶ
1528 1388 1906 1462 εὖθυμίου,
1960 1390 2353 1461 στεφάνου,
2390 1389 2552 1464 τρό-

207 1495 255 1546 φ
274 1495 482 1536 ωνος,
519 1473 1045 1545 θεοφυλάκτου,
1085 1494 1122 1527 π
1141 1475 1516 1528 ολυεύκτου
1542 1475 1631 1527 καὶ
1659 1471 1782 1528 ἆντ
1801 1482 2048 1535 ωνίου,
2089 1479 2202 1527 τῶν
2233 1471 2553 1547 ὖρθοδόξων

205 1564 599 1632 πατριαρχῶν,
650 1556 848 1612 αἰωνία
895 1556 926 1623 ἢ
972 1557 1178 1630 μνήμη.
1256 1555 1474 1614 ἅπαντα
1523 1560 1592 1613 τὰ
1626 1559 1767 1613 κατὰ
1814 1564 1926 1613 τῶν
1960 1557 2137 1629 ἆγίων
2170 1564 2549 1632 πατριαρχῶν,

204 1647 598 1716 γερμανοῦ,
647 1643 1033 1713 ταρασίου,
1071 1662 1285 1715 νικηφ
1304 1641 1474 1714 όρου
1508 1644 1600 1696 καὶ
1632 1649 1812 1716 μεθο
1829 1644 2013 1705 δίου,
2063 1646 2358 1716 γραφέντα
2394 1643 2425 1710 ἢ
2461 1646 2552 1698 λα-

206 1731 463 1794 ληθέντα,
504 1724 776 1799 ἀνάθεμα.
853 1727 1071 1781 ἅπαντα
1104 1727 1175 1780 τὰ
1209 1728 1362 1801 παρὰ
1397 1727 1500 1792 τὴν
1532 1727 1974 1794 έκκλησιαστικὴν
1996 1728 2310 1799 παράδοσιν
2337 1729 2428 1782 καὶ
2451 1728 2554 1794 τὴν

211 1810 568 1867 διδασκαλίαν
600 1811 690 1866 καὶ
725 1810 1078 1865 ὑποτύπωσιν
1113 1818 1226 1865 τῶν
1261 1811 1435 1882 ἁγίων
1462 1813 1552 1866 καὶ
1588 1810 1912 1884 &oedipum—³⁹
1945 1815 2201 1886 πατέρων
2228 1832 2554 1886 καινοτομη-

210 1899 383 1953 θέντα
426 1897 518 1951 καὶ
561 1897 883 1970 πραχθέντα
932 1895 964 1961 ἢ
1007 1896 1149 1967 μετὰ
1195 1901 1358 1950 τοῦτο
1406 1897 1861 1970 πραχθησόμενα,
1903 1894 2174 1967 ἀνάθεμα.
2250 1902 2365 1956 τοῖς
2401 1916 2555 1950 συκο-

214 1986 493 2055 φαντοῦσι
524 1981 627 2046 τὴν
659 1978 826 2050 ἁγίαν
859 1978 1170 2044 ἐκκλησίαν,
1210 1978 1297 2034 ὅτι
1330 1983 1710 2053 τετραγαμίαν
1745 1982 1962 2044 ἐδέξατο
1998 1980 2170 2053 χάριν
2204 1985 2302 2045 τῆς
2334 1978 2554 2048 εὐδοκία

209 2072 346 2122 θεοῦ
377 2066 740 2138 γεγενημένης
775 2062 1089 2136 οἰκονομίας
1121 2064 1214 2118 καὶ
1241 2070 1337 2130 τῆς
1361 2067 1725 2137 προσλήψεως
1748 2066 1839 2119 καὶ
1865 2064 2108 2124 ἔνώσεως
2132 2068 2246 2118 τῶν
2295 2061 2555 2136 ἀδελφῶν

213 2149 390 2222 ἡμῶν,
431 2146 525 2209 οὓς
559 2147 588 2214 ἦ
626 2153 740 2202 τῶν
771 2148 1165 2220 προλαβόντων
1191 2149 1512 2203 σκανδάλων
1539 2149 1690 2204 αἰτία
1713 2148 1998 2221 ἐχωρίζετο
2014 2154 2073 2210 ⁴⁰,
2115 2145 2385 2220 ἀνάθεμα.
2440 2153 2560 2209 τοῖς

213 2236 462 2306 τολμῶσι
493 2234 685 2302 λέγειν,
726 2231 811 2287 ὅτι
846 2232 877 2298 ἦ
915 2232 1163 2300 ἐκκλησία
1196 2233 1262 2288 τὸ
1295 2233 1551 2305 καθαρὸν
1583 2234 1675 2289 καὶ
1712 2232 1989 2306 ἄχραντον
2026 2231 2089 2288 οῦ
2126 2234 2285 2297 σιόζει
2306 2236 2416 2298 τῆς
2439 2233 2556 2305 ἅγι-

216 2319 400 2376 στείας
434 2314 618 2382 αῦτῆς,
658 2314 789 2371 ἀλλὰ
822 2316 1109 2390 μολυσμόν
1140 2338 1268 2374 τινα
1301 2319 1716 2391 προσετρίψατο
1754 2317 1846 2372 διὰ
1883 2319 1983 2384 τὴν
2006 2317 2204 2391 χάριτι
2245 2322 2380 2373 θεοῦ
2401 2338 2556 2390 γενο-

213 2405 388 2476 μένην
423 2401 668 2470 σάναψιν
701 2406 812 2455 τῶν
846 2405 1066 2465 τέκνων,
1107 2399 1200 2462 οὓς
1225 2404 1497 2476 διεμέρισε
1518 2403 1623 2475 μὲν
1646 2404 1710 2457 τὸ
1740 2399 1840 2469 ἤδη
1866 2402 2203 2475 προγεγονὸς
2229 2402 2551 2464 σκάνδαλον,

216 2494 430 2558 συνῆψε
465 2488 525 2544 δὲ
561 2487 591 2554 ἢ
628 2487 825 2543 τούτου
858 2489 1010 2559 παρὰ
1043 2488 1268 2543 πάντων
1304 2487 1443 2560 ὁμοῦ
1482 2488 1740 2556 ἀθέτησις
1774 2489 1863 2543 καὶ
1895 2486 2237 2561 ἀποκήρυξις,
2278 2486 2551 2559 ἀνάθεμα.

214 2580 333 2634 τοῖς
366 2572 426 2629 έν
457 2572 871 2646 καταφρονήσει
904 2577 1214 2646 τιθεμένοις
1245 2574 1374 2634 τοὺς
1410 2572 1587 2645 ἱεροὺς
1619 2573 1711 2627 καὶ
1743 2575 1927 2633 θείους
1950 2573 2186 2634 κανόνας
2207 2578 2320 2627 τῶν
2346 2572 2558 2643 ἱερῶν*ι

214 2660 472 2730 πατέρων
505 2657 691 2730 ἡμῶν,
732 2656 790 2712 οἳ
817 2659 909 2712 καὶ
941 2658 1044 2724 τῆν
1079 2657 1245 2730 ἆγίαν
1278 2659 1562 2724 ἐκκλησίαν
1594 2657 1940 2731 ὑπερείδουσι
1983 2658 2074 2712 καὶ
2111 2656 2240 2724 ὅλην
2289 2658 2393 2723 ’τὴν
2434 2675 2559 2729 χρι-

218 2744 504 2809 στιανικην
537 2743 817 2797 πολιτείαν
849 2750 1182 2814 κοσμοῦντες
1214 2742 1352 2816 πρὸς
1384 2749 1547 2797 θείαν
1582 2740 1879 2812 ὁδηγοῦσιν
1913 2741 2221 2814 εὐλάβειαν,
2279 2740 2553 2813 ἀνάθεμα.

356 2825 582 2881 Τούτων
593 2829 638 2858 ⁴²
675 2823 817 2879 οὕτω
854 2827 1236 2899 διωρισμένων
1269 2827 1407 2899 πρὸς
1456 2825 1767 2899 ἀσφάλειαν
1812 2832 1909 2891 τῆς
1956 2825 2116 2897 ἁγίας
2150 2828 2426 2893 ἐκκλησίας
2460 2830 2559 2881 τοῦ

218 2911 494 2984 ἀμέτοχον
529 2904 670 2963 εἶναι
704 2909 765 2963 τὸ
793 2906 1003 2979 εὐσεβὲς
1036 2916 1149 2965 τῶν
1173 2916 1519 2982 χριστιανῶν
1540 2911 1809 2984 πλήρωμα
1840 2916 1954 2963 τῶν
1978 2910 2035 2972 ἐξ
2058 2908 2339 2983 ἀθεμίτων
2361 2911 2560 2983 γάμων

219 2994 438 3068 ῥύπων,
492 2992 734 3065 δεόμεθα
768 2998 866 3058 τῆς
901 2997 997 3058 σῆς
1032 2991 1409 3063 ἇγαθότητος,
1452 3015 1540 3068 χρ
1558 3014 1575 3047 ι
1591 2995 1709 3048 στὲ
1757 2993 1786 3047 ὅ
1824 2993 1953 3053 θεὸς
1989 2996 2173 3066 ἡμῶν,
2225 2995 2307 3049 ἔτι
2339 2994 2429 3048 καὶ
2466 2993 2560 3048 διὰ

216 3078 429 3138 παντὸς
460 3081 576 3131 πᾶν
612 3075 933 3137 σκάνδαλον,
972 3081 1160 3130 πᾶσαν
1194 3079 1561 3150 διαμερισμοῦ
1597 3076 1782 3131 αἰτίαν
1807 3083 1905 3143 τῆς
1939 3083 2037 3143 σῆς
2071 3077 2365 3140 ἐξελαύνειν
2388 3077 2561 3143 ἐκκλη-

218 3166 345 3221 σίας
377 3161 470 3216 καὶ
508 3167 798 3231 συντηρεῖν
832 3158 968 3233 αὐτῇ
1001 3161 1099 3226 τὴν
1122 3160 1407 3232 εἷρηναίαν
1429 3160 1786 3223 κατάστασιν,
1825 3163 2135 3233 πρεσβείαις
2159 3151 2251 3227 τ’ἧς
2275 3162 2562 3226 δεσποίνης

220 3247 381 3320 ἡμῶν
414 3246 506 3300 καὶ
541 3244 821 3318 άχράντου
846 3264 945 3300 σου
972 3246 1200 3318 μητρὸς,
1239 3251 1355 3300 τῶν
1378 3250 1658 3319 πανιέρων
1682 3263 1783 3300 σου
1804 3252 2077 3318 μαθητῶν
2099 3247 2190 3301 καὶ
2216 3244 2558 3308 ἀποστόλων,

220 3328 288 3387 δι’
329 3319 409 3385 οἷν
442 3329 502 3385 έν
534 3330 682 3404 πάσῃ
720 3335 786 3403 τῇ
821 3330 1106 3404 οἰκουμένῃ
1146 3332 1246 3397 τὴν
1282 3331 1386 3396 σὴν
1409 3329 1818 3402 κατεφότευσας
1844 3329 2083 3402 εἰρήνην,
2119 3332 2209 3385 καὶ
2232 3331 2458 3385 πάντων
2484 3322 2565 3390 οἷς

218 3418 278 3479 ἐξ
311 3415 512 3475 αἰῶνος
545 3413 1005 3488 εὖαρεστοῦμενος
1040 3413 1241 3488 ὤφθης
1279 3414 1473 3488 ἁγίοις.
1549 3412 1712 3489 ἄμην.

217 3567 435 3639 ἔκγονοι
473 3559 632 3634 ἦσαν.
787 3570 829 3600 ³⁹
861 3574 969 3624 Mai.
1004 3570 1310 3642 μακαρίων.
1481 3572 1526 3601 ⁴⁰
1562 3574 1770 3624 Rhallis:
1809 3566 2079 3641 ἐχώριζεν.
2244 3571 2282 3600 ⁴¹
2320 3575 2425 3625 Mai.
2458 3587 2564 3641 μα-

221 3653 447 3725 καρίων.
648 3654 693 3683 ⁴²
743 3659 873 3707 Haec
908 3660 1075 3709 ultima
1112 3674 1165 3709 ex
1205 3660 1323 3711 Cod.
1359 3661 1586 3711 Vaticano
1624 3667 1677 3709 A.
1716 3659 1804 3708 Mai
1841 3659 1889 3708 in
1927 3659 2091 3722 Spicil.
2130 3660 2342 3708 Romano
2379 3661 2563 3722 primus

221 3743 384 3794 edidit.
456 3743 669 3795 Precatio
720 3757 828 3793 osse
875 3744 1073 3809 videtur,
1110 3745 1286 3809 addita,
1325 3752 1473 3810 quum
1509 3745 1769 3809 quotannis
1806 3743 2089 3793 recitaretur
2124 3743 2204 3792 hic
2240 3749 2414 3793 tumne.
2487 3743 2564 3794 Cf.

223 3835 323 3879 not.
359 3829 407 3880 4.
