2900 4950
296 246 424 308 356
1187 258 1304 308 eon.
1341 258 1412 307 iv.
1485 257 1598 307 mov.
1634 255 1771 307 xxn.

297 404 888 490 ἐπαισθανόμενοι,
933 404 1185 489 μᾶλλόν
1230 405 1397 473 εἰσιν
1433 404 1707 489 -ἰάσιμοι
1747 412 1895 482 τοῒς
1934 406 2424 487 θεραπευταῖς·
2470 402 2536 469 οἱ
2566 404 2645 471 δὲ

295 508 467 596 πρὸς
507 508 585 575 τὸ
626 512 913 593 μέγεθος
940 510 1058 593 τῆς
1085 505 1285 573 νόσου
1317 500 1880 594 άναισθητοῦντες
1907 506 2014 571 καὶ
2048 497 2194 570 οὐδ’
2229 500 2338 571 ὅτι
2366 507 2645 572 νοσοῦσι

293 609 749 698 γινώσκοντες,
819 609 1081 688 ἑαυτοῖς
1144 610 1251 675 καὶ
1314 618 1458 686 τοῖς
1519 607 1776 692 ἰατροῖς
1836 610 2203 692 παρέχουσι
2256 606 2637 692 πράγματα.

294 705 456 779 αὐτὸ
511 711 590 796 δὴ
646 712 844 776 τοῦτο
898 704 1018 776 κᾶν
1072 721 1219 790 τοῖς
1270 719 1579 795 ψυχικοῖς
1623 708 1767 775 ἔστι
1805 707 2098 774 κατιδεῖν
2143 701 2637 795 ἆῤῥωστήμασι,

290 815 398 880 καὶ
443 815 575 879 τῶν
622 808 1130 898 ἁμαρτανόντων
1173 807 1359 898 ἡμῶν
1406 810 1472 877 οἱ
1514 812 1634 894 μὲν
1680 808 1775 888 εἷς
1816 806 2037 894 βάθος
2065 811 2280 874 κακῶν
2311 807 2641 893 ἐμπεσόν-

291 940 399 995 τες
440 917 980 1002 καταφρονοῦμεν
1022 916 1133 980 καὶ
1174 916 1268 997 τῷ
1309 918 1586 998 μεγέθει
1627 914 1759 977 τῶν
1805 905 2245 997 ἀνομημάτων
2273 906 2640 996 ὖπερνικώ-
2667 899 2683 908 ’

292 1042 482 1100 μενοι
527 1011 670 1082 οὐδ’
723 1011 826 1081 ὅτι
871 1011 1330 1102 ἁμαρτάνομεν
1375 1012 1881 1098 αἰσθανόμεθα,
1932 1013 2026 1090 εἷς
2070 1010 2273 1099 φύσιν
2316 1012 2640 1093 πολλάκις

291 1121 408 1206 τῆς
464 1119 759 1204 πονηρᾶς
816 1117 1009 1196 ἕξεως
1051 1114 1632 1201 μεταπιπτούσης·
1689 1110 1791 1194 οἷς
1835 1114 1908 1180 δέ
1948 1139 2018 1179 τι
2058 1111 2225 1191 θεὸς
2267 1112 2638 1200 ἐπιλάμπει

294 1219 619 1308 σωτήριον
665 1221 810 1305 φῶς
851 1216 965 1284 καὶ
1006 1217 1094 1304 μὴ
1143 1217 1358 1304 πάντη
1403 1216 1482 1282 τὸ
1529 1212 1942 1304 διανοητικόν
1984 1217 2064 1301 τῇ
2109 1213 2287 1282 κάτω
2321 1214 2456 1282 ἰλύῖ
2484 1239 2638 1301 συγ-

292 1326 570 1403 κέχυται,
616 1320 783 1406 μηδὲ
824 1321 902 1406 τῇ
950 1319 1274 1406 πλινθείᾳ
1318 1315 1354 1384 ὃ
1399 1322 1554 1399 νοῦς
1595 1318 1921 1397 καθάπαξ
1964 1315 2296 1384 δουλεύειν
2314 1315 2634 1401 βιάζεται,

296 1421 440 1488 ἔστι
479 1420 739 1498 τούτοις
783 1422 889 1486 καὶ
936 1414 1291 1487 ἀνανεῦσαι
1332 1422 1451 1485 τοῦ
1496 1418 1884 1504 πτώματος,
1951 1420 2059 1485 καὶ
2105 1421 2273 1486 θεοῦ
2317 1416 2640 1497 πολλάκις

291 1522 458 1590 κατὰ
511 1521 589 1587 τὸ
645 1520 945 1588 ἑκούσιον
1003 1517 1449 1610 ὀλισθήσασιν
1506 1521 1998 1606 ἕπαναδραμεῒν
2055 1520 2150 1599 εἰς
2192 1519 2438 1587 ἐκεῖνον
2481 1519 2639 1588 ἑθε-

292 1625 542 1710 λουσίῳ
601 1617 989 1709 άναζητήσει
1043 1625 1161 1688 τοῦ
1217 1630 1605 1707 κρείττονος.
1696 1619 1864 1707 ὅπερ
1923 1622 1998 1709 δὴ
2043 1615 2162 1689 κάν
2205 1624 2285 1709 τῇ
2326 1617 2638 1709 βασιλείᾳ

289 1721 477 1812 ἡμῶν
523 1728 920 1810 συμβέβηκεν
964 1718 1264 1806 άτεχνιῦς.
1355 1723 1503 1791 ἐπεὶ
1560 1721 1682 1810 γὰρ
1731 1724 1801 1790 αἱ
1845 1723 2149 1791 ποικίλαι
2189 1725 2297 1789 καὶ
2341 1723 2637 1807 πολυμε-

292 1836 431 1911 ρεῖς
471 1829 605 1892 τῶν
650 1824 1053 1911 πραγμάτιον
1098 1824 1563 1911 περιστάσεις,
1622 1828 1730 1892 καὶ
1786 1820 1825 1912 ἡ
1872 1823 2296 1908 πανταχόθεν
2337 1825 2457 1907 μὲν
2500 1826 2636 1892 τῶν

294 1928 629 2014 δημοσίων
671 1925 1025 2013 προσόδων
1072 1927 1442 2007 ἐκκένωσις,
1504 1923 1973 2010 ἁπανταχόθεν
2017 1928 2089 1994 δὲ
2131 1929 2264 1992 τῶν
2310 1924 2550 2004 ἐξόδων
2592 1919 2633 2011 ἦ

293 2025 773 2112 ἁναστόμωσις,
820 2032 937 2094 τοῦ
982 2029 1260 2115 κράτους
1301 2025 1488 2115 ἡμῶν
1532 2034 1842 2112 συνέσχον
1885 2028 2002 2116 τὴν
2044 2025 2472 2116 γαληνότητα,
2524 2028 2634 2093 καὶ

291 2125 431 2214 ἅμα
472 2133 566 2217 τῷ
609 2134 726 2216 τῆς
765 2131 1109 2214 βασιλείου
1157 2130 1472 2218 ἐπιβῆναι
1518 2127 1717 2217 ἀρχῆς
1760 2129 2043 2196 κατόπιν
2088 2124 2292 2208 εὐθὺς
2336 2129 2406 2195 αἱ
2442 2153 2633 2214 περι-

292 2229 558 2310 στάσεις
603 2231 1183 2319 ἑπηκουλήθησαν,
1229 2230 1589 2300 κάντεῦθεν
1633 2226 1744 2298 ὑπ’
1795 2227 2186 2318 ἀμηχανίας,
2232 2233 2344 2298 καὶ
2383 2233 2501 2296 τοῦ
2542 2229 2632 2319 μὴ

290 2342 435 2410 τοῖς
478 2336 930 2416 συμπεσοῦσιν
976 2332 1142 2416 ἐ’χειν
1187 2329 1293 2400 ὅτι
1335 2337 1441 2401 καὶ
1488 2333 1837 2421 χρήσαιτο,
1903 2337 2036 2405 τῶν,
2082 2334 2274 2420 ἱεριῦν
2319 2332 2481 2419 ἔγνω
2524 2337 2633 2399 καὶ

288 2438 500 2502 θείων
558 2429 880 2519 ἅψασθαι
933 2436 1283 2521 κειμηλίων
1349 2439 1458 2504 καὶ
1516 2434 1778 2515 τούτοις
1831 2434 1910 2501 τὸ
1967 2438 2084 2524 τῆς
2133 2440 2356 2521 χρείας
2411 2433 2632 2502 ἐνδέον

289 2534 955 2623 παραμυθήσασθαι·
1015 2536 1202 2602 τουτὶ
1256 2540 1375 2621 μὲν
1429 2539 1508 2604 τὸ
1566 2537 1754 2623 ἔργον
1811 2537 1878 2603 ἐν
1923 2538 2210 2614 πολλαῖς
2250 2538 2384 2602 τῶν
2429 2531 2632 2623 ἁγίων

291 2637 644 2723 ἐκκλησιῶν
700 2636 1132 2722 διεπράξατο,
1189 2640 1296 2703 καὶ
1353 2638 1574 2706 πολλὰ
1616 2642 1749 2706 τῶν
1795 2635 2245 2725 ἀναθημάτων
2289 2634 2385 2716 εἰς
2428 2637 2635 2724 δημο-

291 2744 442 2816 σίας
501 2738 783 2824 ἕστρεψε
834 2746 1083 2825 χρείας,
1146 2733 1261 2821 οὐχ
1315 2735 1504 2825 ῦβρει
1544 2743 1652 2808 καὶ
1699 2738 2178 2828 περιφρονήσει
2221 2742 2420 2818 θεοῦ,
2478 2731 2626 2805 οὐδ’

292 2833 607 2926 ὀλιγωρίᾳ
649 2843 780 2905 τῶν
826 2834 1073 2926 εὗαγιῦς
1118 2834 1295 2926 αὐτῷ
1341 2835 1799 2909 ἀνατεθέντων
1845 2836 2070 2929 (ἀπείη
2113 2839 2236 2928 γὰρ
2268 2843 2466 2907 τοῦτο
2496 2838 2631 2907 πά-

291 2964 412 3029 σης
449 2941 1073 3030 χριστιανικωτάτης
1115 2945 1373 3030 ψυχῆς),
1424 2939 1592 3010 ἀλλὰ
1634 2947 1866 3029 καιροῦ
1911 2942 2319 3030 περιστάσει,
2364 2940 2475 3010 καὶ
2518 2942 2632 3008 λο-

287 3046 502 3129 γισμῷ
560 3040 911 3130 ἁπτομένῳ
968 3047 1224 3127 μέσως2
1265 3048 1382 3110 τοῦ
1429 3045 1850 3131 πράγματος·
1907 3039 2099 3133 ᾠήθη
2142 3042 2265 3130 γὰρ
2310 3039 2347 3132 ἡ
2394 3044 2630 3129 καρδία

286 3148 403 3232 τῆς
455 3145 800 3230 βασιλείας
853 3169 1014 3230 μου,
1081 3145 1284 3231 μηδέν
1348 3171 1417 3211 τι
1475 3146 1782 3213 ἐντεῦθεν
1812 3138 2227 3232 “ὂργίζεσθαι
2283 3144 2398 3212 τὸν
2442 3144 2627 3225 θεὸν,

290 3242 463 3312 ὅπου
505 3244 594 3333 μή
641 3246 901 3334 πονηρὰ
945 3247 1315 3333 συνείδησις
1351 3253 1860 3335 προκατακρίνει
1887 3247 2002 3314 τὸν
2033 3247 2428 3333 πράττοντα.
2476 3247 2631 3315 ἐπεὶ

289 3349 361 3414 δὲ
415 3349 525 3414 καὶ
584 3348 649 3413 εἴ
698 3353 766 3414 τί
809 3372 942 3413 που
989 3346 1057 3414 ἐν
1100 3358 1244 3427 τοῖς
1285 3352 1653 3434 βασιλείοις
1695 3344 2074 3416 ὖπόλοιπον
2118 3338 2226 3437 ἦν,
2285 3347 2628 3435 κατειργά-

287 3455 424 3534 σθη
482 3449 601 3533 μὲν
655 3442 914 3514 κάκεῒνο
959 3450 1064 3514 καὶ
1112 3443 1458 3537 άνηλώθη,
1519 3451 1805 3539 ἐχώρησε
1849 3451 1923 3518 δὲ
1968 3451 2061 3531 εἷς
2103 3450 2303 3537 μηδὲν
2349 3451 2501 3517 δέον
2542 3445 2630 3516 τὰ

288 3617 489 3683 p.2t2).
561 3619 720 3669 Edidit
753 3628 911 3670 autem
953 3622 1143 3674 Leuncl.
1181 3624 1227 3672 in
1262 3623 1385 3673 JGR.
1425 3625 1440 3673 t
1480 3625 1661 3687 ρ.12-1,
1699 3632 1747 3674 et
1781 3641 1837 3675 ex
1875 3641 1932 3675 eo
1971 3626 2148 3675 Rhattis
2185 3632 2234 3674 et
2259 3623 2403 3674 Portis
2439 3623 2486 3673 in
2508 3622 2627 3674 (3011.

288 3718 393 3753 eun.
431 3704 464 3752 V
501 3702 683 3767 p.281.
729 3696 781 3740 ’-
825 3705 941 3769 Ιηιρ.
979 3708 1169 3757 Alexius
1206 3723 1353 3770 quum
1391 3709 1451 3757 ob
1492 3717 1713 3771 urgentes
1751 3710 1861 3760 belli
1900 3710 2214 3760 necessitates
2251 3709 2440 3758 vasibus
2476 3710 2629 3757 sacris

288 3789 491 3854 aliisque
535 3785 830 3855 κειμηλίοις
877 3791 1188 3842 ecelesiarum
1238 3808 1407 3841 nunnus
1443 3793 1710 3857 intulisset,
1763 3810 1791 3844 a
1829 3795 1988 3845 Leone
2024 3795 2330 3858 metropolita
2365 3790 2629 3844 Chalcedo-

288 3875 425 3925 nensi
473 3890 760 3939 magnopere
808 3879 1130 3940 reprehensus
1178 3886 1267 3924 est.
1339 3878 1603 3941 Imperator
1650 3881 1877 3929 incensus
1928 3880 2136 3929 Leonem
2186 3879 2361 3942 deponi
2417 3880 2623 3927 curavit:

287 3960 621 4026 ,,σημείωμα
656 3951 866 4016 ἅλεξιόυ
913 3960 1009 4010 τοῦ
1044 3960 1319 4028 κομνηνοῦ
1354 3953 1442 4011 ἐπὶ
1477 3961 1543 4028 τῇ
1576 3959 1894 4030 καθαιρέσει
1926 3964 2024 4013 τοῦ
2049 3957 2392 4030 χαλκηδόνος
2425 3956 2629 4012 ἐκείνου

285 4044 453 4112 πυροῦ
487 4040 751 4097 uanos-n
784 4054 906 4095 extat
943 4046 989 4095 in
1011 4046 1126 4096 Cod.
1149 4046 1398 4096 ssudt.205
1423 4052 1491 4105 (et
1527 4046 1568 4095 si
1606 4055 1735 4096 recte
1772 4050 1982 4112 memini,
2019 4049 2241 4100 similiter
2275 4049 2323 4099 in
2345 4047 2541 4099 Coislin.
2562 4047 2628 4098 39

289 4136 333 4178 et
373 4129 518 4177 Paris.
559 4128 724 4185 1321).
798 4131 965 4179 Postea
1003 4131 1097 4179 Leo
1134 4132 1182 4181 in
1219 4132 1416 4193 gratiam
1451 4131 1624 4180 rediit:
1681 4147 1803 4195 «luae
1853 4149 1931 4183 res
1966 4134 2234 4184 arctissime
2271 4135 2530 4184 cohaerere
2563 4133 2632 4183 vi·

289 4211 429 4260 detur·
464 4226 573 4260 eum
609 4212 826 4277 Novella,
875 4229 1016 4278 quam
1056 4216 1131 4265 hie
1169 4216 1373 4265 edimus,
1446 4216 1603 4273 Quum
1641 4232 1750 4265 vero
1787 4217 1976 4267 Novella
2012 4219 2207 4282 quidem
2244 4233 2287 4268 ε.
2331 4218 2487 4280 1082,
2538 4230 2631 4277 em·

285 4295 506 4361 μείωμα
539 4304 696 4346 autem
732 4298 846 4346 ittud
882 4313 1009 4347 anno
1045 4294 1235 4367 ,3‘9915'
1283 4300 1315 4349 i.
1354 4314 1394 4349 e.
1439 4298 1570 4351 1086
1618 4301 1799 4351 editum
1836 4316 1945 4352 esse
1981 4302 2193 4364 dicatur,
2241 4302 2339 4351 sive
2375 4303 2499 4352 hane
2533 4302 2632 4352 sive

289 4379 416 4428 ittam
454 4381 684 4444 temporis
721 4388 879 4428 notam
917 4383 1252 4432 emendatione
1288 4383 1502 4445 indigere
1537 4385 1840 4436 crediderim.
1991 4383 2011 4412 ²
2045 4387 2186 4436 Forte
2223 4377 2454 4452 ιἰμέσως.
