2900 4950
345 242 471 306 360
1189 252 1328 303 moll.
1365 252 1439 303 1v.
1510 251 1624 302 Nov-
1659 249 1812 302 mv,

344 404 646 493 γνώσεως
657 405 698 482 ⁸,
759 396 1247 486 ἀσυλλογίστως
1304 399 1656 480 ἐπλάζετο,
1716 392 1758 463 ὅ
1809 420 1878 462 τι
1932 397 2102 463 ποτὲ
2142 402 2384 483 κυρίως
2427 395 2608 465 ἐστὶν
2648 393 2695 485 ἦ

344 510 663 592 μνηστεία
704 501 815 570 καὶ
861 499 1049 580 ὅπως
1094 500 1226 584 ἔχει
1265 501 1519 586 μᾶλλον
1561 498 1640 566 τὸ
1686 494 1981 586 ἀσφαλὲς
2026 498 2408 585 διακριβοῦν
2450 498 2542 587 μὴ
2575 499 2697 566 δυ-

346 606 642 691 νάμενος,
689 611 800 671 καί
843 627 977 671 που
1021 601 1188 685 τάχα
1221 601 1298 668 τὸ
1328 605 1443 690 τῆς
1477 602 1652 680 ἰδίας
1681 594 2166 667 ἀνεπίσκεπτον
2198 601 2498 680 διανοίας
2524 599 2700 667 κατὰ

350 712 466 794 τῆς
518 707 1049 795 ἒκκλησιαστικῆς
1105 702 1516 791 ἐπεγράφετο
1575 697 1928 788 ἀκριβείας.
2014 696 2054 787 ἦ
2103 701 2176 767 δὲ
2216 704 2335 789 τῆς
2374 697 2699 789 ἡμετέρας

349 802 694 899 βασιλείας
750 805 1050 892 εὐσέβεια
1095 804 1692 890 ἔπιστατικώτερον
1722 803 2154 888 ἐπιβαλοῦσα
2194 805 2273 891 τῇ
2320 802 2693 885 διασκέψει,

343 914 454 981 καὶ
497 914 576 998 τῇ
624 907 904 995 δοκούσῃ
953 904 1192 994 ταύτῃ’
1235 904 1621 974 έναντιώσει
1660 905 1876 983 καλῶς
1919 900 2011 983 ῶς
2054 899 2198 971 οἷόν
2226 930 2301 972 τε
2326 903 2439 972 καὶ
2468 900 2696 993 ἀσφα-

350 1015 483 1091 λῶς
545 1007 973 1096 διαιτήσασα,
1044 1002 1314 1095 ἀρίστην
1378 1005 1495 1095 τὴν
1562 1012 1954 1094 συμφωνίαν
2010 1003 2126 1072 διὰ
2176 1007 2294 1092 τῆς
2347 1003 2695 1094 παρούσης

349 1118 815 1198 θεσμοθεσίας
858 1110 1111 1195 ἐξεῦρεν
1127 1112 1186 1174 ”.

515 1213 595 1281 α’.
679 1208 857 1280 Ἐπεὶ
898 1210 1021 1297 γὰρ
1069 1206 1106 1276 ὃ
1148 1211 1269 1295 μὲν
1313 1207 1605 1286 παλαιὸς
1647 1206 1850 1292 νόμος
1889 1206 2007 1293 τὴν
2034 1214 2390 1292 μνηστείαν
2421 1207 2491 1275 ἐν
2518 1208 2691 1297 μόνῃ

343 1319 423 1404 τῇ
479 1318 612 1382 τῶν
671 1310 1246 1381 συναλλαττόντων
1298 1335 1372 1395 γι
1377 1309 1652 1394 ωρίζει
1694 1307 2037 1396 βουλήσει,
2095 1311 2204 1377 καὶ
2248 1310 2454 1376 πλέον
2499 1305 2694 1377 οὐδὲν

345 1418 773 1493 διαθέσεως12
815 1415 922 1481 καὶ
966 1416 1098 1479 τῶν
1145 1408 1262 1479 ἐπὶ
1301 1409 1505 1497 ταύτῃ
1553 1405 2095 1478 ἀκολουθούντων
2126 1413 2550 1495 συμβολαίων
2580 1413 2691 1479 καὶ

293 1548 302 1553 ·
342 1518 688 1605 μνήστρων
742 1512 1268 1601 περιεργάζεται·
1324 1506 1483 1598 ἡμῖν
1500 1513 1541 1547 ¹³
1598 1512 1669 1579 δὲ
1712 1513 1880 1579 θεοῦ
1921 1511 2145 1599 χάριτι
2185 1512 2356 1598 πρὸς
2394 1534 2695 1598 κυσμιω·

343 1625 538 1705 τέραν
582 1616 811 1702 πολλῷ
856 1619 964 1681 καὶ
1011 1614 1359 1698 ἱερωτέραν
1403 1611 1710 1681 ἐπίδοσιν
1752 1612 1838 1680 τὰ
1878 1617 1995 1680 τοῦ
2025 1620 2177 1700 βίου
2208 1614 2693 1702 προελήλυθε“

343 1719 720 1805 πράγματα,
766 1709 1124 1783 κάντεῦθεν
1169 1709 1283 1798 οὐχ
1327 1708 1362 1780 ὃ
1405 1713 1615 1800 γάμος
1654 1716 1881 1801 μόνον,
1927 1709 2097 1782 ἀλλὰ
2122 1716 2230 1782 καὶ
2262 1713 2423 1803 αὐτὴ
2456 1711 2495 1801 ἦ
2524 1741 2694 1804 μνη-

345 1828 535 1888 στεία
580 1818 759 1903 ἱερὰν
805 1812 1103 1903 εὐλογίαν
1149 1816 1656 1903 ἐπιτελουμένην
1702 1817 1834 1898 ἔχει
1863 1811 2019 1903 παρ’
2055 1816 2284 1903 ἑαυτῇ,
2330 1812 2507 1884 καὶὸ
2538 1842 2687 1885 και-

342 1921 460 2009 ρὸς
516 1917 880 2007 ὡρισμένος
935 1918 1049 1986 διὰ
1103 1923 1507 2005 νεαρωτέρου
1527 1921 1569 1953 ¹⁵
1609 1923 2081 2002 θεσπίσματος
2120 1920 2239 1984 τοῦ
2285 1917 2686 2006 σοφωτάτου

342 2024 670 2110 βασιλέως
711 2027 935 2105 κυρίου
979 2021 1373 2098 λέοντος““
1415 2019 1532 2086 ἐπὶ
1573 2022 1653 2105 τῇ
1689 2018 1920 2106 πρώτῃ
1951 2023 2084 2086 τῶν
2114 2018 2626 2105 συμβαλλόντων
2643 2024 2687 2058 ¹²

342 2127 717 2210 συναρμογῇ
738 2126 777 2158 ¹¹
834 2121 1136 2209 ἐξετέθη,
1192 2119 1391 2207 ἤγουν
1444 2120 1559 2187 ἐπὶ
1600 2122 1721 2204 μὲν
1767 2115 2055 2207 ἀῤῥένων
2101 2116 2137 2187 ὃ
2181 2122 2685 2189 πεντεκαιδέκα-

340 2249 454 2304 τος
494 2229 611 2313 τῆς
653 2220 908 2313 ἡλικίας
951 2222 1265 2302 ἐνιαυτὸς,
1314 2221 1426 2288 ἐπὶ
1475 2223 1548 2289 δὲ
1590 2224 1881 2308 θηλειῶν
1927 2217 1964 2289 ὃ
2007 2224 2559 2308 τρισκαιδέκατος,
2594 2221 2687 2291 ὃν

342 2326 481 2413 δὴ’9
519 2326 753 2412 χρόνον
796 2327 904 2392 καὶ
948 2324 1121 2410 πρὸς
1161 2323 1438 2411 γαμικὴν
1484 2324 1838 2390 συναυλίαν
1881 2324 2136 2392 τελείαν
2183 2320 2219 2391 ὃ
2251 2324 2541 2404 παλαιὸς
2570 2324 2688 2392 νό-

339 2452 465 2514 μος
509 2421 951 2514 ἀποχρώντως
994 2425 1160 2508 ἔχειν
1205 2424 1572 2513 ἐπέσκηψε·
1640 2427 1778 2494 δεῖν
1823 2425 1986 2511 ἔγνω
2030 2424 2144 2494 διὰ
2184 2430 2305 2494 τοῦ
2348 2428 2686 2516 παρόντος

339 2537 810 2614 θεσπίσματος
850 2527 928 2594 τὸ
971 2524 1285 2615 ἡμέτερον
1328 2526 1565 2612 κράτος
1609 2522 1929 2615 ἀσφαλῶς
1959 2523 2468 2617 ἀποφήνασθαι,
2516 2529 2683 2599 ἑκεί-

339 2657 456 2711 νας
500 2626 670 2698 εἶναι
710 2636 947 2716 κυρίως
984 2637 1337 2717 μνηστείας
1365 2631 1476 2696 καὶ
1502 2623 1786 2713 ἀτεχνῶς
1815 2629 2342 2715 ίσοδυναμούσας
2368 2635 2463 2718 τῷ
2492 2631 2687 2720 γάμῳ

337 2733 505 2801 κατὰ
546 2733 663 2821 τὴν
706 2735 822 2820 τῆς
866 2731 1209 2817 συνοδικῆς
1252 2726 1713 2817 ἀκριβολογίας
1758 2730 2187 2819 διάσκεψινω,
2235 2730 2394 2800 ὅσαι
2424 2738 2534 2801 καὶ
2562 2732 2681 2801 τὸν

336 2833 602 2920 χρόνον,
662 2832 738 2901 ὃν
792 2828 830 2919 ἡ
875 2835 994 2899 τοῦ
1034 2833 1362 2917 βασιλέως
1403 2838 1631 2918 κυρίου
1676 2832 2010 2913 λέοντος
2050 2839 2481 2919 θεσμοθεσία
2525 2831 2680 2922 ‹305-

333 2958 535 3015 »σατο,
595 2929 898 3021 ἀκέραιον
956 2933 1143 3016 ἔσχον
1199 2929 1354 3019 παρ’
1406 2933 1728 3012 {avwlg¹¹
1789 2936 1898 3001 καὶ
1954 2934 2071 3022 τὴν
2129 2934 2310 3022 ἱερὰν
2375 2931 2681 3022 εὐλογίαν

339 3036 933 3105 ἐπακολουθοῦσαν
978 3034 1355 3122 ἐγνώρισαν,
1401 3037 1510 3101 καὶ
1553 3029 1690 3102 κατ’
1740 3034 2001 3103 ἐκείνων
2035 3035 2150 3125 τὴν
2178 3041 2300 3104 τοῦ
2331 3038 2680 3106 συνοδικοῦ

334 3136 542 3224 τόμου
591 3132 879 3225 ὀφείλειν
924 3147 1184 3221 κρατεῖν
1227 3135 1703 3224 παρατήρησιν.
1775 3137 1834 3204 εἰ
1874 3136 1997 3224 γὰρ
2040 3142 2148 3205 καὶ
2192 3138 2485 3225 θάτερον
2519 3140 2686 3220 ἰ’σως

342 3244 475 3307 τῶν
520 3238 1028 3324 συμβαλλόντων
1069 3240 1287 3322 μερῶν
1330 3238 1610 3325 θανάτῳ
1651 3232 1695 3325 ἢ
1737 3239 2131 3324 περιστάσει
2171 3238 2364 3327 τύχης
2405 3240 2596 3328 ἑτέρᾳ
2638 3234 2686 3327 ἢ

344 3342 604 3430 γνώμης
642 3341 972 3426 μεταβολῇ
1019 3333 1511 3423 ἀποδιαστῆναι
1565 3346 1852 3427 συμβαίη
1896 3343 2002 3407 καὶ
2047 3341 2219 3428 πρὸς
2262 3342 2485 3426 ἑτέραν
2526 3347 2685 3426 βίου

342 3441 785 3529 συγκλήρωσιν
830 3438 1352 3523 μετατάξασθαι,
1400 3434 1516 3506 οὒκ
1561 3435 1779 3525 ὀλίγον
1811 3441 2105 3510 ἐνταῦθα
2132 3442 2209 3509 τὸ
2241 3441 2494 3510 ἄτοπον
2527 3442 2688 3510 ἑπι-

340 3541 626 3625 σύρεται,
669 3539 788 3620 τὰς
832 3539 1297 3624 προεισοδίους
1338 3543 1472 3607 τῶν
1514 3540 1740 3627 γάμων
1786 3538 1974 3625 εύχὰς
2019 3543 2129 3610 ἐπὶ
2174 3552 2496 3633 μνηστείᾳ
2527 3567 2688 3612 συν-

336 3642 765 3719 τελεσθείσας
796 3636 886 3718 ὥς
912 3665 981 3706 τι
1009 3643 1141 3706 τῶν
1174 3640 1436 3709 εἰκαίων
1468 3646 1575 3710 καὶ
1608 3650 2220 3732 συμπεφορημένων
2248 3648 2683 3732 λογίσασθαι,

343 3745 453 3810 καὶ
509 3737 896 3829 ἀδιαφόρως
952 3740 1356 3827 ἐπιλαβέσθαι
1407 3744 1563 3812 τόδε
1604 3743 1683 3811 τὸ
1727 3748 2030 3831 πρᾶγμα,
2092 3743 2321 3834 ὥσπερ
2367 3743 2448 3816 ἂν
2493 3749 2553 3816 εἰ
2591 3749 2687 3838 μὴ

340 3844 504 3924 θεὸς
544 3846 812 3930 μιέσον’”ι
845 3846 978 3910 τῶν
1025 3850 1539 3930 συναπτομένων
1582 3846 1970 3932 προσώπων
2015 3848 2129 3916 διὰ
2170 3852 2289 3936 τῆς
2328 3845 2692 3937 μνηστείας

466 4029 489 4058 ⁸
524 4032 595 4082 ΑΙ.
630 4025 1068 4092 ἐκκλησιαστικῆς
1101 4027 1457 4098 διασκέψεως.
1668 4032 1692 4062 ⁹
1737 4036 1808 4087 ΑΙ.
1844 4028 2060 4097 ταύτης.
2138 4037 2207 4087 ΑΙ.
2244 4037 2311 4106 τῇ
2346 4033 2690 4104 ἔναντιοφα-

337 4110 470 4178 νείᾳ.
614 4112 653 4141 ¹⁰
687 4115 758 4165 ΑΙ.
793 4112 1128 4181 νομοθεσίας
1162 4112 1452 4183 ἐξεύρηκεν.
1612 4117 1647 4147 ¹⁸
1683 4120 1754 4171 ΑΙ.
1793 4113 1977 4185 ὁρίζει.
2120 4118 2161 4149 ¹²
2195 4122 2266 4172 ΑΙ.
2303 4117 2684 4175 συναινέσεως.

335 4192 371 4225 ¹⁸
404 4199 556 4248 Verba
591 4199 765 4248 Leonis
803 4213 858 4250 ex
883 4200 1000 4250 Con.
1021 4201 1060 4251 ΙΙ
1099 4202 1213 4253 Nov.
1230 4201 1311 4253 89.
1446 4202 1484 4230 “
1522 4204 1592 4253 ΑΙ.
1629 4199 2062 4270 περιεληλύθασι.
2208 4203 2245 4234 ¹⁵
2282 4206 2353 4255 ΑΙ.
2388 4201 2681 4271 νεωτέρου.

335 4280 371 4307 ¹⁸
409 4279 479 4330 Cf.
518 4280 635 4331 (2011.
674 4282 713 4332 u
750 4284 862 4332 Nov.
883 4284 963 4334 74.
1134 4283 1170 4311 ¹²
1205 4288 1276 4337 ΑΙ.
1309 4282 1652 4352 ξυμβάντων.
1829 4288 1866 4315 ¹⁸
1902 4290 1973 4339 ΑΙ.
2008 4288 2369 4357 προσαγωγῇ.
2530 4285 2571 4315 ¹⁹
2607 4289 2683 4340 ΔΙ.

333 4359 524 4425 δῆπου.
666 4364 709 4392 ²⁰
743 4365 812 4415 ΑΙ.
849 4357 1125 4431 ἀκριβείας
1156 4360 1463 4433 ἐπίσκεψιν.
1606 4370 1641 4400 ²¹
1677 4374 1748 4423 ΑΙ.
1781 4363 1905 4423 καθ’
1945 4367 2155 4427 ἑαυτάς.
2307 4372 2350 4402 ²¹
2384 4373 2454 4423 ΑΙ.
2487 4368 2661 4438 μέσος
