<?xml version="1.0" encoding="UTF-8"?>
<!DOCTYPE html PUBLIC "-//W3C//DTD XHTML 1.0 Transitional//EN"
    "http://www.w3.org/TR/xhtml1/DTD/xhtml1-transitional.dtd">
<html xmlns="http://www.w3.org/1999/xhtml" xml:lang="en" lang="en">
 <head>
  <title>
</title>
<meta http-equiv="Content-Type" content="text/html;charset=utf-8" />
  <meta name='ocr-system' content='tesseract 3.04.00' />
  <meta name='ocr-capabilities' content='ocr_page ocr_carea ocr_par ocr_line ocrx_word'/>
</head>
<body>
  <div class='ocr_page' id='page_1' title='image "./jusgraecoromanu00linggoog_0662.png"; bbox 0 0 2900 4950; ppageno 0'>
   <div class='ocr_carea' id='block_1_1' title="bbox 331 217 1869 279">
    <p class='ocr_par' dir='ltr' id='par_1_1' title="bbox 331 217 1869 279">
     <span class='ocr_line' id='line_1_1' title="bbox 331 217 1869 279; baseline -0.003 0"><span class='ocrx_word' id='word_1_1' title='bbox 331 217 459 279; x_wconf 74' lang='lat'><strong><em>⁰⁰4</em></strong></span> <span class='ocrx_word' id='word_1_2' title='bbox 1147 227 1270 277; x_wconf 77' lang='lat' dir='ltr'>con.</span> <span class='ocrx_word' id='word_1_3' title='bbox 1309 227 1360 278; x_wconf 88' lang='lat' dir='ltr'><strong><em>v.</em></strong></span> <span class='ocrx_word' id='word_1_4' title='bbox 1429 225 1545 276; x_wconf 71' lang='lat' dir='ltr'><strong><em>um.</em></strong></span> <span class='ocrx_word' id='word_1_5' title='bbox 1581 225 1693 276; x_wconf 79' lang='lat' dir='ltr'><strong><em>m.</em></strong></span> <span class='ocrx_word' id='word_1_6' title='bbox 1732 224 1869 276; x_wconf 79' lang='lat' dir='ltr'>xvu.</span> 
     </span>
    </p>
   </div>
   <div class='ocr_carea' id='block_1_2' title="bbox 311 367 2695 3501">
    <p class='ocr_par' dir='ltr' id='par_1_2' title="bbox 311 367 2695 3501">
     <span class='ocr_line' id='line_1_2' title="bbox 329 367 2695 466; baseline -0.002 -22"><span class='ocrx_word' id='word_1_7' title='bbox 329 402 484 464; x_wconf 81' lang='grc' dir='ltr'><strong><em>μου</em></strong></span> <span class='ocrx_word' id='word_1_8' title='bbox 538 379 657 466; x_wconf 82' lang='grc' dir='ltr'><strong><em>τῆς</em></strong></span> <span class='ocrx_word' id='word_1_9' title='bbox 711 379 897 454; x_wconf 99' lang='grc' dir='ltr'><strong><em>νέας</em></strong></span> <span class='ocrx_word' id='word_1_10' title='bbox 937 379 1265 459; x_wconf 78' lang='grc' dir='ltr'><strong><em>πέτρας.</em></strong></span> <span class='ocrx_word' id='word_1_11' title='bbox 1355 372 1588 461; x_wconf 74' lang='grc' dir='ltr'><strong><em>ἐπειδὴ</em></strong></span> <span class='ocrx_word' id='word_1_12' title='bbox 1632 372 1757 458; x_wconf 83' lang='grc' dir='ltr'><strong><em>γὰρ</em></strong></span> <span class='ocrx_word' id='word_1_13' title='bbox 1798 367 1839 460; x_wconf 83' lang='grc' dir='ltr'><em>ἦ</em></span> <span class='ocrx_word' id='word_1_14' title='bbox 1885 369 2157 458; x_wconf 81' lang='grc' dir='ltr'><strong><em>τοιαύτη</em></strong></span> <span class='ocrx_word' id='word_1_15' title='bbox 2199 372 2401 459; x_wconf 86' lang='grc' dir='ltr'><strong><em>μονὴ,</em></strong></span> <span class='ocrx_word' id='word_1_16' title='bbox 2451 396 2695 458; x_wconf 86' lang='grc' dir='ltr'><strong><em>γυναι-</em></strong></span> 
     </span>
     <span class='ocr_line' id='line_1_3' title="bbox 329 466 2693 564; baseline -0.001 -19"><span class='ocrx_word' id='word_1_17' title='bbox 329 474 476 546; x_wconf 81' lang='grc' dir='ltr'><strong><em>κεία</em></strong></span> <span class='ocrx_word' id='word_1_18' title='bbox 517 466 688 543; x_wconf 75' lang='grc' dir='ltr'><strong><em>οὖσα</em></strong></span> <span class='ocrx_word' id='word_1_19' title='bbox 727 476 806 543; x_wconf 83' lang='grc' dir='ltr'><strong><em>τὸ</em></strong></span> <span class='ocrx_word' id='word_1_20' title='bbox 851 475 1194 562; x_wconf 84' lang='grc' dir='ltr'><strong><em>πρότερον,</em></strong></span> <span class='ocrx_word' id='word_1_21' title='bbox 1239 475 1520 564; x_wconf 85' lang='grc' dir='ltr'><strong><em>θελήσει</em></strong></span> <span class='ocrx_word' id='word_1_22' title='bbox 1547 477 1667 541; x_wconf 82' lang='grc' dir='ltr'><strong><em>τοῦ</em></strong></span> <span class='ocrx_word' id='word_1_23' title='bbox 1686 471 1994 541; x_wconf 80' lang='grc' dir='ltr'><strong><em>τοιούτου</em></strong></span> <span class='ocrx_word' id='word_1_24' title='bbox 2024 472 2500 561; x_wconf 71' lang='grc' dir='ltr'><strong><em>περιποθήτου</em></strong></span> <span class='ocrx_word' id='word_1_25' title='bbox 2530 469 2693 542; x_wconf 77' lang='grc' dir='ltr'><strong><em>ἆνε-</em></strong></span> 
     </span>
     <span class='ocr_line' id='line_1_4' title="bbox 330 572 2693 668; baseline -0.002 -23"><span class='ocrx_word' id='word_1_26' title='bbox 330 583 499 665; x_wconf 83' lang='grc' dir='ltr'><strong><em>ψιοῦ</em></strong></span> <span class='ocrx_word' id='word_1_27' title='bbox 543 581 659 668; x_wconf 82' lang='grc' dir='ltr'><strong><em>τῆς</em></strong></span> <span class='ocrx_word' id='word_1_28' title='bbox 699 578 1044 663; x_wconf 77' lang='grc' dir='ltr'><strong><em>βασιλείας</em></strong></span> <span class='ocrx_word' id='word_1_29' title='bbox 1083 601 1247 662; x_wconf 86' lang='grc' dir='ltr'><strong><em>μου,</em></strong></span> <span class='ocrx_word' id='word_1_30' title='bbox 1311 578 1723 663; x_wconf 82' lang='grc' dir='ltr'><strong><em>κομνηνοῦ</em></strong></span> <span class='ocrx_word' id='word_1_31' title='bbox 1765 577 1963 660; x_wconf 80' lang='grc' dir='ltr'><strong><em>κυροῦ</em></strong></span> <span class='ocrx_word' id='word_1_32' title='bbox 2011 572 2342 662; x_wconf 77' lang='grc' dir='ltr'><strong><em>ἶωάσαφ</em></strong></span> <span class='ocrx_word' id='word_1_33' title='bbox 2384 579 2506 641; x_wconf 82' lang='grc' dir='ltr'><strong><em>τοῦ</em></strong></span> <span class='ocrx_word' id='word_1_34' title='bbox 2537 601 2693 658; x_wconf 86' lang='grc' dir='ltr'><strong><em>μα-</em></strong></span> 
     </span>
     <span class='ocr_line' id='line_1_5' title="bbox 331 671 2691 767; baseline -0.001 -21"><span class='ocrx_word' id='word_1_35' title='bbox 331 682 762 767; x_wconf 81' lang='grc' dir='ltr'><strong><em>λιασηνοῢ,</em></strong></span> <span class='ocrx_word' id='word_1_36' title='bbox 808 683 917 746; x_wconf 76' lang='grc' dir='ltr'><strong><em>καὶ</em></strong></span> <span class='ocrx_word' id='word_1_37' title='bbox 963 674 1165 766; x_wconf 75' lang='grc' dir='ltr'><strong><em>αὐτῆς</em></strong></span> <span class='ocrx_word' id='word_1_38' title='bbox 1207 679 1280 745; x_wconf 81' lang='grc' dir='ltr'><strong><em>δὲ</em></strong></span> <span class='ocrx_word' id='word_1_39' title='bbox 1320 681 1438 764; x_wconf 88' lang='grc' dir='ltr'><strong><em>τῆς</em></strong></span> <span class='ocrx_word' id='word_1_40' title='bbox 1481 676 1757 763; x_wconf 77' lang='grc' dir='ltr'><strong><em>συζύγου</em></strong></span> <span class='ocrx_word' id='word_1_41' title='bbox 1801 671 2002 742; x_wconf 76' lang='grc' dir='ltr'><strong><em>αὐτοῦ</em></strong></span> <span class='ocrx_word' id='word_1_42' title='bbox 2045 678 2162 762; x_wconf 85' lang='grc' dir='ltr'><strong><em>τῆς</em></strong></span> <span class='ocrx_word' id='word_1_43' title='bbox 2205 676 2691 764; x_wconf 71' lang='grc' dir='ltr'><strong><em>περιποθήτου</em></strong></span> 
     </span>
     <span class='ocr_line' id='line_1_6' title="bbox 333 777 2689 869; baseline -0.003 -20"><span class='ocrx_word' id='word_1_44' title='bbox 333 777 622 868; x_wconf 83' lang='grc' dir='ltr'><strong><em>άνεψιᾶς</em></strong></span> <span class='ocrx_word' id='word_1_45' title='bbox 673 783 792 869; x_wconf 83' lang='grc' dir='ltr'><strong><em>τῆς</em></strong></span> <span class='ocrx_word' id='word_1_46' title='bbox 830 780 1176 866; x_wconf 73' lang='grc' dir='ltr'><strong><em>βασιλείας</em></strong></span> <span class='ocrx_word' id='word_1_47' title='bbox 1214 803 1376 864; x_wconf 88' lang='grc' dir='ltr'><strong><em>μου,</em></strong></span> <span class='ocrx_word' id='word_1_48' title='bbox 1443 782 1556 866; x_wconf 81' lang='grc' dir='ltr'><strong><em>τῆς</em></strong></span> <span class='ocrx_word' id='word_1_49' title='bbox 1597 777 2001 865; x_wconf 85' lang='grc' dir='ltr'><strong><em>τιμιωτάτης</em></strong></span> <span class='ocrx_word' id='word_1_50' title='bbox 2032 782 2328 863; x_wconf 78' lang='grc' dir='ltr'><strong><em>μοναχῆς</em></strong></span> <span class='ocrx_word' id='word_1_51' title='bbox 2370 803 2689 866; x_wconf 85' lang='grc' dir='ltr'><strong><em>κομνη-</em></strong></span> 
     </span>
     <span class='ocr_line' id='line_1_7' title="bbox 333 877 2682 971; baseline -0.002 -21"><span class='ocrx_word' id='word_1_52' title='bbox 333 887 471 971; x_wconf 89' lang='grc' dir='ltr'><strong><em>νῆς</em></strong></span> <span class='ocrx_word' id='word_1_53' title='bbox 523 886 724 968; x_wconf 83' lang='grc' dir='ltr'><strong><em>κυρᾶς</em></strong></span> <span class='ocrx_word' id='word_1_54' title='bbox 777 877 1201 967; x_wconf 81' lang='grc' dir='ltr'><strong><em>ἂνθούσης</em></strong></span> <span class='ocrx_word' id='word_1_55' title='bbox 1255 881 1775 967; x_wconf 80' lang='grc' dir='ltr'><strong><em>μαλιασηνῆς</em></strong></span> <span class='ocrx_word' id='word_1_56' title='bbox 1816 882 1935 966; x_wconf 80' lang='grc' dir='ltr'><strong><em>τῆς</em></strong></span> <span class='ocrx_word' id='word_1_57' title='bbox 1978 880 2682 968; x_wconf 86' lang='grc' dir='ltr'><strong><em>παλαιολογίνης,</em></strong></span> 
     </span>
     <span class='ocr_line' id='line_1_8' title="bbox 329 975 2691 1073; baseline -0.002 -23"><span class='ocrx_word' id='word_1_58' title='bbox 329 981 478 1073; x_wconf 74' lang='grc' dir='ltr'><strong><em>ἥτις</em></strong></span> <span class='ocrx_word' id='word_1_59' title='bbox 519 987 625 1050; x_wconf 76' lang='grc' dir='ltr'><strong><em>καὶ</em></strong></span> <span class='ocrx_word' id='word_1_60' title='bbox 668 982 785 1068; x_wconf 86' lang='grc' dir='ltr'><strong><em>τὴν</em></strong></span> <span class='ocrx_word' id='word_1_61' title='bbox 826 981 1135 1070; x_wconf 76' lang='grc' dir='ltr'><strong><em>τοιαύτην</em></strong></span> <span class='ocrx_word' id='word_1_62' title='bbox 1176 981 1383 1069; x_wconf 75' lang='grc' dir='ltr'><strong><em>μονὴν</em></strong></span> <span class='ocrx_word' id='word_1_63' title='bbox 1427 981 1499 1048; x_wconf 75' lang='grc' dir='ltr'><strong><em>ἐκ</em></strong></span> <span class='ocrx_word' id='word_1_64' title='bbox 1537 981 1816 1067; x_wconf 90' lang='grc' dir='ltr'><strong><em>βάθρων</em></strong></span> <span class='ocrx_word' id='word_1_65' title='bbox 1868 975 2167 1068; x_wconf 76' lang='grc' dir='ltr'><strong><em>ἀνήγειρε</em></strong></span> <span class='ocrx_word' id='word_1_66' title='bbox 2208 980 2318 1047; x_wconf 81' lang='grc' dir='ltr'><strong><em>καὶ</em></strong></span> <span class='ocrx_word' id='word_1_67' title='bbox 2363 987 2691 1070; x_wconf 83' lang='grc' dir='ltr'><strong><em>συνέστη-</em></strong></span> 
     </span>
     <span class='ocr_line' id='line_1_9' title="bbox 334 1075 2692 1172; baseline -0.001 -20"><span class='ocrx_word' id='word_1_68' title='bbox 334 1108 469 1166; x_wconf 87' lang='grc' dir='ltr'><strong><em>σεν,</em></strong></span> <span class='ocrx_word' id='word_1_69' title='bbox 518 1077 937 1172; x_wconf 71' lang='grc' dir='ltr'><strong><em>ἀποκατέστη</em></strong></span> <span class='ocrx_word' id='word_1_70' title='bbox 983 1088 1097 1151; x_wconf 77' lang='grc' dir='ltr'><strong><em>νῦν</em></strong></span> <span class='ocrx_word' id='word_1_71' title='bbox 1141 1084 1237 1163; x_wconf 77' lang='grc' dir='ltr'><strong><em>εἰς</em></strong></span> <span class='ocrx_word' id='word_1_72' title='bbox 1279 1078 1582 1170; x_wconf 78' lang='grc' dir='ltr'><strong><em>ἇνδρῴαν</em></strong></span> <span class='ocrx_word' id='word_1_73' title='bbox 1622 1081 1848 1169; x_wconf 85' lang='grc' dir='ltr'><strong><em>μονὴν,</em></strong></span> <span class='ocrx_word' id='word_1_74' title='bbox 1897 1075 2153 1169; x_wconf 76' lang='grc' dir='ltr'><strong><em>ὀφείλει</em></strong></span> <span class='ocrx_word' id='word_1_75' title='bbox 2186 1081 2352 1165; x_wconf 78' lang='grc' dir='ltr'><strong><em>ἔχειν</em></strong></span> <span class='ocrx_word' id='word_1_76' title='bbox 2380 1083 2462 1148; x_wconf 82' lang='grc' dir='ltr'><strong><em>τὸ</em></strong></span> <span class='ocrx_word' id='word_1_77' title='bbox 2490 1090 2692 1169; x_wconf 87' lang='grc' dir='ltr'><strong><em>στέρ-</em></strong></span> 
     </span>
     <span class='ocr_line' id='line_1_10' title="bbox 332 1178 2687 1272; baseline 0 -20"><span class='ocrx_word' id='word_1_78' title='bbox 332 1209 450 1272; x_wconf 85' lang='grc' dir='ltr'><strong><em>γον</em></strong></span> <span class='ocrx_word' id='word_1_79' title='bbox 493 1189 601 1253; x_wconf 74' lang='grc' dir='ltr'><strong><em>καὶ</em></strong></span> <span class='ocrx_word' id='word_1_80' title='bbox 648 1186 762 1253; x_wconf 72' lang='grc' dir='ltr'><strong><em>ἐπὶ</em></strong></span> <span class='ocrx_word' id='word_1_81' title='bbox 805 1184 1020 1270; x_wconf 77' lang='grc' dir='ltr'><strong><em>τούτῳ</em></strong></span> <span class='ocrx_word' id='word_1_82' title='bbox 1061 1188 1170 1253; x_wconf 76' lang='grc' dir='ltr'><strong><em>καὶ</em></strong></span> <span class='ocrx_word' id='word_1_83' title='bbox 1212 1191 1505 1271; x_wconf 86' lang='grc' dir='ltr'><strong><em>βέβαιον,</em></strong></span> <span class='ocrx_word' id='word_1_84' title='bbox 1571 1183 1804 1263; x_wconf 80' lang='grc' dir='ltr'><strong><em>καθὼς</em></strong></span> <span class='ocrx_word' id='word_1_85' title='bbox 1845 1178 2216 1271; x_wconf 74' lang='grc' dir='ltr'><strong><em>ἀμφότεροι</em></strong></span> <span class='ocrx_word' id='word_1_86' title='bbox 2258 1183 2687 1264; x_wconf 74' lang='grc' dir='ltr'><strong><em>διετάξαντο·</em></strong></span> 
     </span>
     <span class='ocr_line' id='line_1_11' title="bbox 335 1282 2685 1375; baseline -0.001 -20"><span class='ocrx_word' id='word_1_87' title='bbox 335 1288 485 1355; x_wconf 70' lang='grc' dir='ltr'><strong><em>ἐπεὶ</em></strong></span> <span class='ocrx_word' id='word_1_88' title='bbox 537 1288 614 1355; x_wconf 78' lang='grc' dir='ltr'><strong><em>δὲ</em></strong></span> <span class='ocrx_word' id='word_1_89' title='bbox 669 1282 991 1375; x_wconf 75' lang='grc' dir='ltr'><strong><em>ἀνέφερον</em></strong></span> <span class='ocrx_word' id='word_1_90' title='bbox 1043 1289 1151 1353; x_wconf 80' lang='grc' dir='ltr'><strong><em>καὶ</em></strong></span> <span class='ocrx_word' id='word_1_91' title='bbox 1211 1283 1320 1353; x_wconf 78' lang='grc' dir='ltr'><strong><em>ὅτι</em></strong></span> <span class='ocrx_word' id='word_1_92' title='bbox 1371 1283 1410 1375; x_wconf 81' lang='grc' dir='ltr'><strong><em>ἧ</em></strong></span> <span class='ocrx_word' id='word_1_93' title='bbox 1473 1286 1568 1365; x_wconf 77' lang='grc' dir='ltr'><strong><em>εἷς</em></strong></span> <span class='ocrx_word' id='word_1_94' title='bbox 1621 1284 1739 1372; x_wconf 85' lang='grc' dir='ltr'><strong><em>τὴν</em></strong></span> <span class='ocrx_word' id='word_1_95' title='bbox 1789 1284 2259 1370; x_wconf 85' lang='grc' dir='ltr'><strong><em>χάρμαιναν</em></strong></span> <span class='ocrx_word' id='word_1_96' title='bbox 2302 1286 2685 1373; x_wconf 81' lang='grc' dir='ltr'><strong><em>διακειμένη</em></strong></span> 
     </span>
     <span class='ocr_line' id='line_1_12' title="bbox 331 1381 2689 1480; baseline -0.001 -24"><span class='ocrx_word' id='word_1_97' title='bbox 331 1388 501 1476; x_wconf 76' lang='grc' dir='ltr'><strong><em>μονὴ</em></strong></span> <span class='ocrx_word' id='word_1_98' title='bbox 544 1391 662 1475; x_wconf 83' lang='grc' dir='ltr'><strong><em>τῆς</em></strong></span> <span class='ocrx_word' id='word_1_99' title='bbox 702 1384 1074 1473; x_wconf 77' lang='grc' dir='ltr'><strong><em>ὑπεράγνου</em></strong></span> <span class='ocrx_word' id='word_1_100' title='bbox 1115 1411 1247 1471; x_wconf 88' lang='grc' dir='ltr'><strong><em>μου</em></strong></span> <span class='ocrx_word' id='word_1_101' title='bbox 1290 1387 1706 1480; x_wconf 74' lang='grc' dir='ltr'><strong><em>θεομῄτορος</em></strong></span> <span class='ocrx_word' id='word_1_102' title='bbox 1746 1389 1864 1475; x_wconf 79' lang='grc' dir='ltr'><strong><em>τῆς</em></strong></span> <span class='ocrx_word' id='word_1_103' title='bbox 1906 1393 2238 1472; x_wconf 84' lang='grc' dir='ltr'><strong><em>παναγίας</em></strong></span> <span class='ocrx_word' id='word_1_104' title='bbox 2266 1381 2555 1475; x_wconf 73' lang='grc' dir='ltr'><strong><em>ἀνετέθη</em></strong></span> <span class='ocrx_word' id='word_1_105' title='bbox 2589 1389 2689 1467; x_wconf 81' lang='grc' dir='ltr'><strong><em>είς</em></strong></span> 
     </span>
     <span class='ocr_line' id='line_1_13' title="bbox 331 1483 2687 1575; baseline 0 -19"><span class='ocrx_word' id='word_1_106' title='bbox 331 1487 636 1574; x_wconf 82' lang='grc' dir='ltr'><strong><em>μετόχιον</em></strong></span> <span class='ocrx_word' id='word_1_107' title='bbox 680 1488 867 1574; x_wconf 83' lang='grc' dir='ltr'><strong><em>παρὰ</em></strong></span> <span class='ocrx_word' id='word_1_108' title='bbox 907 1492 1026 1554; x_wconf 83' lang='grc' dir='ltr'><strong><em>τοῦ</em></strong></span> <span class='ocrx_word' id='word_1_109' title='bbox 1072 1489 1501 1574; x_wconf 74' lang='grc' dir='ltr'><strong><em>ἱερομονάχου</em></strong></span> <span class='ocrx_word' id='word_1_110' title='bbox 1543 1490 2006 1556; x_wconf 87' lang='grc' dir='ltr'><strong><em>θεοδοσίου</em></strong></span> <span class='ocrx_word' id='word_1_111' title='bbox 2051 1483 2134 1555; x_wconf 76' lang='grc' dir='ltr'><strong><em>δι’</em></strong></span> <span class='ocrx_word' id='word_1_112' title='bbox 2183 1488 2513 1575; x_wconf 73' lang='grc' dir='ltr'><strong><em>ἐγγράφου</em></strong></span> <span class='ocrx_word' id='word_1_113' title='bbox 2561 1485 2687 1556; x_wconf 73' lang='grc' dir='ltr'><strong><em>αὖ·</em></strong></span> 
     </span>
     <span class='ocr_line' id='line_1_14' title="bbox 332 1587 2683 1678; baseline 0.002 -23"><span class='ocrx_word' id='word_1_114' title='bbox 332 1594 450 1655; x_wconf 84' lang='grc' dir='ltr'><strong><em>τοῦ</em></strong></span> <span class='ocrx_word' id='word_1_115' title='bbox 506 1589 976 1673; x_wconf 74' lang='grc' dir='ltr'><strong><em>παραδόσεως,</em></strong></span> <span class='ocrx_word' id='word_1_116' title='bbox 1032 1593 1150 1656; x_wconf 80' lang='grc' dir='ltr'><strong><em>τοῦ</em></strong></span> <span class='ocrx_word' id='word_1_117' title='bbox 1207 1594 1318 1655; x_wconf 78' lang='grc' dir='ltr'><strong><em>καὶ</em></strong></span> <span class='ocrx_word' id='word_1_118' title='bbox 1362 1596 1859 1677; x_wconf 83' lang='grc' dir='ltr'><strong><em>συστησαμένου</em></strong></span> <span class='ocrx_word' id='word_1_119' title='bbox 1901 1588 2143 1676; x_wconf 77' lang='grc' dir='ltr'><strong><em>ταύτην</em></strong></span> <span class='ocrx_word' id='word_1_120' title='bbox 2188 1588 2359 1674; x_wconf 85' lang='grc' dir='ltr'><strong><em>πρὸς</em></strong></span> <span class='ocrx_word' id='word_1_121' title='bbox 2399 1587 2521 1678; x_wconf 82' lang='grc' dir='ltr'><strong><em>τὴν</em></strong></span> <span class='ocrx_word' id='word_1_122' title='bbox 2569 1614 2683 1659; x_wconf 83' lang='grc' dir='ltr'><strong><em>σε·</em></strong></span> 
     </span>
     <span class='ocr_line' id='line_1_15' title="bbox 332 1687 2687 1778; baseline 0.002 -23"><span class='ocrx_word' id='word_1_123' title='bbox 332 1694 627 1774; x_wconf 83' lang='grc' dir='ltr'><strong><em>βασμίαν</em></strong></span> <span class='ocrx_word' id='word_1_124' title='bbox 667 1689 875 1778; x_wconf 83' lang='grc' dir='ltr'><strong><em>μονὴν</em></strong></span> <span class='ocrx_word' id='word_1_125' title='bbox 915 1693 1032 1778; x_wconf 80' lang='grc' dir='ltr'><strong><em>τῆς</em></strong></span> <span class='ocrx_word' id='word_1_126' title='bbox 1074 1687 1446 1776; x_wconf 83' lang='grc' dir='ltr'><strong><em>ὖπεράγνου</em></strong></span> <span class='ocrx_word' id='word_1_127' title='bbox 1500 1716 1630 1776; x_wconf 89' lang='grc' dir='ltr'><strong><em>μου</em></strong></span> <span class='ocrx_word' id='word_1_128' title='bbox 1674 1690 2088 1778; x_wconf 88' lang='grc' dir='ltr'><strong><em>θεομήτορος</em></strong></span> <span class='ocrx_word' id='word_1_129' title='bbox 2128 1693 2247 1777; x_wconf 82' lang='grc' dir='ltr'><strong><em>τῆς</em></strong></span> <span class='ocrx_word' id='word_1_130' title='bbox 2284 1716 2687 1778; x_wconf 82' lang='grc' dir='ltr'><strong><em>μακρινι-</em></strong></span> 
     </span>
     <span class='ocr_line' id='line_1_16' title="bbox 313 1775 2685 1881; baseline 0.001 -24"><span class='ocrx_word' id='word_1_131' title='bbox 313 1775 629 1878; x_wconf 72' lang='grc' dir='ltr'><strong><em>’τίσσης</em></strong></span> <span class='ocrx_word' id='word_1_132' title='bbox 683 1793 794 1858; x_wconf 82' lang='grc' dir='ltr'><strong><em>καὶ</em></strong></span> <span class='ocrx_word' id='word_1_133' title='bbox 849 1787 1066 1871; x_wconf 80' lang='grc' dir='ltr'><strong><em>ὀξείας</em></strong></span> <span class='ocrx_word' id='word_1_134' title='bbox 1119 1785 1540 1878; x_wconf 73' lang='grc' dir='ltr'><strong><em>ἐπισκέψεως</em></strong></span> <span class='ocrx_word' id='word_1_135' title='bbox 1598 1792 1768 1876; x_wconf 82' lang='grc' dir='ltr'><strong><em>μετὰ</em></strong></span> <span class='ocrx_word' id='word_1_136' title='bbox 1822 1795 1956 1859; x_wconf 83' lang='grc' dir='ltr'><strong><em>τῶν</em></strong></span> <span class='ocrx_word' id='word_1_137' title='bbox 2020 1791 2411 1877; x_wconf 80' lang='grc' dir='ltr'><strong><em>προσόντων</em></strong></span> <span class='ocrx_word' id='word_1_138' title='bbox 2472 1793 2685 1881; x_wconf 79' lang='grc' dir='ltr'><strong><em>ταύτῃ</em></strong></span> 
     </span>
     <span class='ocr_line' id='line_1_17' title="bbox 336 1888 2685 1981; baseline 0.001 -23"><span class='ocrx_word' id='word_1_139' title='bbox 336 1893 609 1959; x_wconf 86' lang='grc' dir='ltr'><strong><em>δικαίων</em></strong></span> <span class='ocrx_word' id='word_1_140' title='bbox 651 1894 758 1959; x_wconf 81' lang='grc' dir='ltr'><strong><em>καὶ</em></strong></span> <span class='ocrx_word' id='word_1_141' title='bbox 804 1892 1209 1978; x_wconf 77' lang='grc' dir='ltr'><strong><em>πραγμάτων</em></strong></span> <span class='ocrx_word' id='word_1_142' title='bbox 1250 1896 1358 1961; x_wconf 82' lang='grc' dir='ltr'><strong><em>καὶ</em></strong></span> <span class='ocrx_word' id='word_1_143' title='bbox 1403 1898 1849 1976; x_wconf 78' lang='grc' dir='ltr'><strong><em>κατεχομένων</em></strong></span> <span class='ocrx_word' id='word_1_144' title='bbox 1894 1888 2049 1978; x_wconf 78' lang='grc' dir='ltr'><strong><em>παρ’</em></strong></span> <span class='ocrx_word' id='word_1_145' title='bbox 2096 1889 2299 1981; x_wconf 72' lang='grc' dir='ltr'><strong><em>αὐτῆς</em></strong></span> <span class='ocrx_word' id='word_1_146' title='bbox 2338 1899 2532 1980; x_wconf 82' lang='grc' dir='ltr'><strong><em>μέχρι</em></strong></span> <span class='ocrx_word' id='word_1_147' title='bbox 2562 1899 2685 1962; x_wconf 81' lang='grc' dir='ltr'><strong><em>τοῦ</em></strong></span> 
     </span>
     <span class='ocr_line' id='line_1_18' title="bbox 335 1988 2689 2082; baseline 0.002 -23"><span class='ocrx_word' id='word_1_148' title='bbox 335 1996 488 2073; x_wconf 80' lang='grc' dir='ltr'><strong><em>νῦν,</em></strong></span> <span class='ocrx_word' id='word_1_149' title='bbox 548 1988 806 2082; x_wconf 83' lang='grc' dir='ltr'><strong><em>ὀφείλει</em></strong></span> <span class='ocrx_word' id='word_1_150' title='bbox 863 1996 1032 2077; x_wconf 69' lang='grc' dir='ltr'><strong><em>ἔχειν</em></strong></span> <span class='ocrx_word' id='word_1_151' title='bbox 1084 1998 1192 2062; x_wconf 78' lang='grc' dir='ltr'><strong><em>καὶ</em></strong></span> <span class='ocrx_word' id='word_1_152' title='bbox 1248 1999 1445 2061; x_wconf 78' lang='grc' dir='ltr'><strong><em>τοῦτο</em></strong></span> <span class='ocrx_word' id='word_1_153' title='bbox 1491 1991 1703 2073; x_wconf 73' lang='grc' dir='ltr'><strong><em>οὕτως</em></strong></span> <span class='ocrx_word' id='word_1_154' title='bbox 1743 1997 1851 2061; x_wconf 80' lang='grc' dir='ltr'><strong><em>καὶ</em></strong></span> <span class='ocrx_word' id='word_1_155' title='bbox 1898 1996 2230 2078; x_wconf 85' lang='grc' dir='ltr'><strong><em>διαμένειν</em></strong></span> <span class='ocrx_word' id='word_1_156' title='bbox 2272 1990 2689 2063; x_wconf 84' lang='grc' dir='ltr'><strong><em>άναποσπά-</em></strong></span> 
     </span>
     <span class='ocr_line' id='line_1_19' title="bbox 335 2091 2688 2218; baseline 0.002 -58"><span class='ocrx_word' id='word_1_157' title='bbox 335 2117 510 2174; x_wconf 87' lang='grc' dir='ltr'><strong><em>στως</em></strong></span> <span class='ocrx_word' id='word_1_158' title='bbox 550 2099 658 2162; x_wconf 78' lang='grc' dir='ltr'><strong><em>καὶ</em></strong></span> <span class='ocrx_word' id='word_1_159' title='bbox 704 2091 1164 2183; x_wconf 84' lang='grc' dir='ltr'><strong><em>άναφαιρέτως</em></strong></span> <span class='ocrx_word' id='word_1_160' title='bbox 1193 2096 1287 2174; x_wconf 82' lang='grc' dir='ltr'><strong><em>εἰς</em></strong></span> <span class='ocrx_word' id='word_1_161' title='bbox 1313 2094 1620 2179; x_wconf 82' lang='grc' dir='ltr'><strong><em>μετόχιον</em></strong></span> <span class='ocrx_word' id='word_1_162' title='bbox 1648 2099 1764 2183; x_wconf 81' lang='grc' dir='ltr'><strong><em>τῆς</em></strong></span> <span class='ocrx_word' id='word_1_163' title='bbox 1793 2096 2281 2218; x_wconf 82' lang='grc' dir='ltr'><strong><em>διαληφθείσης</em></strong></span> <span class='ocrx_word' id='word_1_164' title='bbox 2311 2103 2688 2182; x_wconf 84' lang='grc' dir='ltr'><strong><em>σεβασμίας</em></strong></span> 
     </span>
     <span class='ocr_line' id='line_1_20' title="bbox 330 2193 2687 2286; baseline 0.001 -23"><span class='ocrx_word' id='word_1_165' title='bbox 330 2199 554 2283; x_wconf 81' lang='grc' dir='ltr'><strong><em>μονῆς.</em></strong></span> <span class='ocrx_word' id='word_1_166' title='bbox 602 2198 673 2263; x_wconf 76' lang='grc' dir='ltr'><strong><em>αἱ</em></strong></span> <span class='ocrx_word' id='word_1_167' title='bbox 718 2198 789 2264; x_wconf 81' lang='grc' dir='ltr'><strong><em>δὲ</em></strong></span> <span class='ocrx_word' id='word_1_168' title='bbox 834 2198 1250 2285; x_wconf 81' lang='grc' dir='ltr'><strong><em>δηλωθεῒσαι</em></strong></span> <span class='ocrx_word' id='word_1_169' title='bbox 1292 2195 1410 2263; x_wconf 82' lang='grc' dir='ltr'><strong><em>δύο</em></strong></span> <span class='ocrx_word' id='word_1_170' title='bbox 1453 2197 1691 2264; x_wconf 85' lang='grc' dir='ltr'><strong><em>τούτου</em></strong></span> <span class='ocrx_word' id='word_1_171' title='bbox 1722 2196 1944 2280; x_wconf 83' lang='grc' dir='ltr'><strong><em>μοναὶ,</em></strong></span> <span class='ocrx_word' id='word_1_172' title='bbox 1988 2193 2032 2283; x_wconf 81' lang='grc' dir='ltr'>ἥ</span> <span class='ocrx_word' id='word_1_173' title='bbox 2059 2223 2131 2263; x_wconf 90' lang='grc' dir='ltr'><strong><em>τε</em></strong></span> <span class='ocrx_word' id='word_1_174' title='bbox 2158 2201 2276 2286; x_wconf 86' lang='grc' dir='ltr'><strong><em>τῆς</em></strong></span> <span class='ocrx_word' id='word_1_175' title='bbox 2306 2194 2687 2284; x_wconf 80' lang='grc' dir='ltr'><strong><em>ὖπεράγνου</em></strong></span> 
     </span>
     <span class='ocr_line' id='line_1_21' title="bbox 331 2293 2688 2420; baseline 0.002 -57"><span class='ocrx_word' id='word_1_176' title='bbox 331 2320 462 2381; x_wconf 88' lang='grc' dir='ltr'><strong><em>μου</em></strong></span> <span class='ocrx_word' id='word_1_177' title='bbox 501 2297 936 2420; x_wconf 61' lang='grc' dir='ltr'><strong><em>εθεομήτορος</em></strong></span> <span class='ocrx_word' id='word_1_178' title='bbox 988 2301 1105 2384; x_wconf 81' lang='grc' dir='ltr'><strong><em>τῆς</em></strong></span> <span class='ocrx_word' id='word_1_179' title='bbox 1157 2304 1800 2384; x_wconf 83' lang='grc' dir='ltr'><strong><em>μακρινιτίσσης</em></strong></span> <span class='ocrx_word' id='word_1_180' title='bbox 1841 2303 1948 2364; x_wconf 75' lang='grc' dir='ltr'><strong><em>καὶ</em></strong></span> <span class='ocrx_word' id='word_1_181' title='bbox 1995 2293 2214 2379; x_wconf 80' lang='grc' dir='ltr'><strong><em>ὀξείας</em></strong></span> <span class='ocrx_word' id='word_1_182' title='bbox 2257 2298 2688 2385; x_wconf 76' lang='grc' dir='ltr'><strong><em>ἐπισκέψεως</em></strong></span> 
     </span>
     <span class='ocr_line' id='line_1_22' title="bbox 332 2395 2682 2487; baseline 0.001 -22"><span class='ocrx_word' id='word_1_183' title='bbox 332 2403 441 2465; x_wconf 76' lang='grc' dir='ltr'><strong><em>καὶ</em></strong></span> <span class='ocrx_word' id='word_1_184' title='bbox 485 2395 524 2486; x_wconf 86' lang='grc' dir='ltr'><em>ἦ</em></span> <span class='ocrx_word' id='word_1_185' title='bbox 569 2403 686 2465; x_wconf 85' lang='grc' dir='ltr'><strong><em>τοῦ</em></strong></span> <span class='ocrx_word' id='word_1_186' title='bbox 731 2409 954 2483; x_wconf 84' lang='grc' dir='ltr'><strong><em>τιμίου</em></strong></span> <span class='ocrx_word' id='word_1_187' title='bbox 988 2423 1118 2482; x_wconf 84' lang='grc' dir='ltr'><strong><em>μου</em></strong></span> <span class='ocrx_word' id='word_1_188' title='bbox 1163 2398 1649 2485; x_wconf 88' lang='grc' dir='ltr'><strong><em>προδρόμου</em></strong></span> <span class='ocrx_word' id='word_1_189' title='bbox 1691 2402 1807 2487; x_wconf 79' lang='grc' dir='ltr'><strong><em>τῆς</em></strong></span> <span class='ocrx_word' id='word_1_190' title='bbox 1850 2405 2037 2480; x_wconf 85' lang='grc' dir='ltr'><strong><em>νέας</em></strong></span> <span class='ocrx_word' id='word_1_191' title='bbox 2080 2406 2416 2487; x_wconf 86' lang='grc' dir='ltr'><strong><em>πέτρας,</em></strong></span> <span class='ocrx_word' id='word_1_192' title='bbox 2462 2402 2534 2468; x_wconf 74' lang='grc' dir='ltr'><strong><em>αἱ</em></strong></span> <span class='ocrx_word' id='word_1_193' title='bbox 2567 2427 2682 2468; x_wconf 83' lang='grc' dir='ltr'><strong><em>και</em></strong></span> 
     </span>
     <span class='ocr_line' id='line_1_23' title="bbox 332 2494 2681 2588; baseline 0.002 -22"><span class='ocrx_word' id='word_1_194' title='bbox 332 2499 681 2585; x_wconf 84' lang='grc' dir='ltr'><strong><em>γονικόθεν</em></strong></span> <span class='ocrx_word' id='word_1_195' title='bbox 707 2494 986 2578; x_wconf 76' lang='grc' dir='ltr'><strong><em>’τούτοις</em></strong></span> <span class='ocrx_word' id='word_1_196' title='bbox 1029 2501 1488 2588; x_wconf 86' lang='grc' dir='ltr'><strong><em>διαφέρουσαι,</em></strong></span> <span class='ocrx_word' id='word_1_197' title='bbox 1536 2495 1653 2566; x_wconf 74' lang='grc' dir='ltr'><strong><em>οὐκ</em></strong></span> <span class='ocrx_word' id='word_1_198' title='bbox 1696 2496 2082 2588; x_wconf 87' lang='grc' dir='ltr'><strong><em>ὀφείλουσιν</em></strong></span> <span class='ocrx_word' id='word_1_199' title='bbox 2126 2502 2317 2588; x_wconf 72' lang='grc' dir='ltr'><strong><em>ἑτέρα</em></strong></span> <span class='ocrx_word' id='word_1_200' title='bbox 2362 2503 2681 2587; x_wconf 80' lang='grc' dir='ltr'><strong><em>[ἑτέρας]“</em></strong></span> 
     </span>
     <span class='ocr_line' id='line_1_24' title="bbox 332 2595 2680 2692; baseline 0.003 -28"><span class='ocrx_word' id='word_1_201' title='bbox 332 2601 965 2681; x_wconf 83' lang='grc' dir='ltr'><strong><em>κατεξανίστασθαι,</em></strong></span> <span class='ocrx_word' id='word_1_202' title='bbox 1024 2595 1194 2670; x_wconf 76' lang='grc' dir='ltr'><strong><em>ἀλλὰ</em></strong></span> <span class='ocrx_word' id='word_1_203' title='bbox 1248 2602 1719 2686; x_wconf 86' lang='grc' dir='ltr'><strong><em>διατηρεῒσθαι</em></strong></span> <span class='ocrx_word' id='word_1_204' title='bbox 1774 2601 2011 2691; x_wconf 77' lang='grc' dir='ltr'><strong><em>ἑκάστη</em></strong></span> <span class='ocrx_word' id='word_1_205' title='bbox 2066 2603 2236 2672; x_wconf 82' lang='grc' dir='ltr'><strong><em>κατὰ</em></strong></span> <span class='ocrx_word' id='word_1_206' title='bbox 2287 2608 2515 2672; x_wconf 83' lang='grc' dir='ltr'><strong><em>πᾶσαν</em></strong></span> <span class='ocrx_word' id='word_1_207' title='bbox 2558 2604 2680 2692; x_wconf 83' lang='grc' dir='ltr'><strong><em>τὴν</em></strong></span> 
     </span>
     <span class='ocr_line' id='line_1_25' title="bbox 335 2698 2682 2790; baseline 0.003 -24"><span class='ocrx_word' id='word_1_208' title='bbox 335 2698 404 2766; x_wconf 78' lang='grc' dir='ltr'><strong><em>ἐν</em></strong></span> <span class='ocrx_word' id='word_1_209' title='bbox 446 2709 592 2778; x_wconf 77' lang='grc' dir='ltr'><strong><em>τοῖς</em></strong></span> <span class='ocrx_word' id='word_1_210' title='bbox 633 2708 882 2786; x_wconf 87' lang='grc' dir='ltr'><strong><em>κυρίοις</em></strong></span> <span class='ocrx_word' id='word_1_211' title='bbox 920 2709 1391 2789; x_wconf 86' lang='grc' dir='ltr'><strong><em>μοναστηρίοις</em></strong></span> <span class='ocrx_word' id='word_1_212' title='bbox 1433 2704 1938 2790; x_wconf 84' lang='grc' dir='ltr'><strong><em>φυλασσομένην</em></strong></span> <span class='ocrx_word' id='word_1_213' title='bbox 1981 2705 2169 2784; x_wconf 77' lang='grc' dir='ltr'><strong><em>τάξιν</em></strong></span> <span class='ocrx_word' id='word_1_214' title='bbox 2210 2730 2285 2773; x_wconf 88' lang='grc' dir='ltr'><strong><em>τε</em></strong></span> <span class='ocrx_word' id='word_1_215' title='bbox 2324 2708 2432 2773; x_wconf 78' lang='grc' dir='ltr'><strong><em>καὶ</em></strong></span> <span class='ocrx_word' id='word_1_216' title='bbox 2476 2705 2682 2773; x_wconf 88' lang='grc' dir='ltr'><strong><em>κατά-</em></strong></span> 
     </span>
     <span class='ocr_line' id='line_1_26' title="bbox 311 2801 2678 2893; baseline 0.004 -27"><span class='ocrx_word' id='word_1_217' title='bbox 311 2823 591 2882; x_wconf 40' lang='grc' dir='ltr'><strong><em>κστασιν,</em></strong></span> <span class='ocrx_word' id='word_1_218' title='bbox 637 2805 747 2869; x_wconf 78' lang='grc' dir='ltr'><strong><em>καὶ</em></strong></span> <span class='ocrx_word' id='word_1_219' title='bbox 788 2809 1079 2886; x_wconf 86' lang='grc' dir='ltr'><strong><em>κατέχειν</em></strong></span> <span class='ocrx_word' id='word_1_220' title='bbox 1121 2803 1207 2869; x_wconf 84' lang='grc' dir='ltr'><strong><em>τὰ</em></strong></span> <span class='ocrx_word' id='word_1_221' title='bbox 1249 2801 1815 2889; x_wconf 79' lang='grc' dir='ltr'><strong><em>προσαρμόσαντα</em></strong></span> <span class='ocrx_word' id='word_1_222' title='bbox 1858 2805 2096 2893; x_wconf 77' lang='grc' dir='ltr'><strong><em>ἑκάστῃ</em></strong></span> <span class='ocrx_word' id='word_1_223' title='bbox 2142 2801 2271 2874; x_wconf 80' lang='grc' dir='ltr'><strong><em>άνὰ</em></strong></span> <span class='ocrx_word' id='word_1_224' title='bbox 2295 2814 2495 2892; x_wconf 81' lang='grc' dir='ltr'><strong><em>μέρος</em></strong></span> <span class='ocrx_word' id='word_1_225' title='bbox 2523 2807 2678 2874; x_wconf 63' lang='grc' dir='ltr'><strong><em>κτί-</em></strong></span> 
     </span>
     <span class='ocr_line' id='line_1_27' title="bbox 331 2901 2677 2996; baseline 0.003 -27"><span class='ocrx_word' id='word_1_226' title='bbox 331 2901 514 2987; x_wconf 88' lang='grc' dir='ltr'><strong><em>ματά</em></strong></span> <span class='ocrx_word' id='word_1_227' title='bbox 554 2929 627 2972; x_wconf 88' lang='grc' dir='ltr'><strong><em>τε</em></strong></span> <span class='ocrx_word' id='word_1_228' title='bbox 668 2907 774 2971; x_wconf 81' lang='grc' dir='ltr'><strong><em>καὶ</em></strong></span> <span class='ocrx_word' id='word_1_229' title='bbox 818 2904 1111 2990; x_wconf 84' lang='grc' dir='ltr'><strong><em>μετόχια,</em></strong></span> <span class='ocrx_word' id='word_1_230' title='bbox 1157 2908 1265 2972; x_wconf 74' lang='grc' dir='ltr'><strong><em>καὶ</em></strong></span> <span class='ocrx_word' id='word_1_231' title='bbox 1288 2906 1624 2992; x_wconf 84' lang='grc' dir='ltr'><strong><em>μηδέποτε</em></strong></span> <span class='ocrx_word' id='word_1_232' title='bbox 1653 2910 2064 2995; x_wconf 84' lang='grc' dir='ltr'><strong><em>πειραθῆναι</em></strong></span> <span class='ocrx_word' id='word_1_233' title='bbox 2094 2908 2212 2996; x_wconf 88' lang='grc' dir='ltr'><strong><em>τὴν</em></strong></span> <span class='ocrx_word' id='word_1_234' title='bbox 2242 2905 2532 2993; x_wconf 64' lang='grc' dir='ltr'><strong><em>ἑτέρανε</em></strong></span> <span class='ocrx_word' id='word_1_235' title='bbox 2497 2935 2677 2976; x_wconf 81' lang='grc' dir='ltr'><strong><em>υπα-</em></strong></span> 
     </span>
     <span class='ocr_line' id='line_1_28' title="bbox 332 3003 2676 3094; baseline 0.003 -22"><span class='ocrx_word' id='word_1_236' title='bbox 332 3014 556 3091; x_wconf 81' lang='grc' dir='ltr'><strong><em>γαγεῖν</em></strong></span> <span class='ocrx_word' id='word_1_237' title='bbox 609 3005 703 3085; x_wconf 82' lang='grc' dir='ltr'><strong><em>είς</em></strong></span> <span class='ocrx_word' id='word_1_238' title='bbox 755 3005 1060 3091; x_wconf 85' lang='grc' dir='ltr'><strong><em>μετόχιον</em></strong></span> <span class='ocrx_word' id='word_1_239' title='bbox 1114 3009 1224 3073; x_wconf 81' lang='grc' dir='ltr'><strong><em>καὶ</em></strong></span> <span class='ocrx_word' id='word_1_240' title='bbox 1281 3010 1566 3094; x_wconf 84' lang='grc' dir='ltr'><strong><em>ποιῆσαι</em></strong></span> <span class='ocrx_word' id='word_1_241' title='bbox 1623 3003 1733 3094; x_wconf 70' lang='grc' dir='ltr'><strong><em>ὑφ’</em></strong></span> <span class='ocrx_word' id='word_1_242' title='bbox 1781 3008 2045 3094; x_wconf 77' lang='grc' dir='ltr'><strong><em>ἑαυτὴν,</em></strong></span> <span class='ocrx_word' id='word_1_243' title='bbox 2115 3004 2285 3076; x_wconf 78' lang='grc' dir='ltr'><strong><em>ἀλλὰ</em></strong></span> <span class='ocrx_word' id='word_1_244' title='bbox 2339 3011 2676 3094; x_wconf 83' lang='grc' dir='ltr'><strong><em>διαμένειν</em></strong></span> 
     </span>
     <span class='ocr_line' id='line_1_29' title="bbox 333 3100 2677 3197; baseline 0.003 -25"><span class='ocrx_word' id='word_1_245' title='bbox 333 3100 461 3172; x_wconf 83' lang='grc' dir='ltr'><strong><em>άνὰ</em></strong></span> <span class='ocrx_word' id='word_1_246' title='bbox 500 3113 699 3192; x_wconf 82' lang='grc' dir='ltr'><strong><em>μέρος</em></strong></span> <span class='ocrx_word' id='word_1_247' title='bbox 738 3109 846 3174; x_wconf 81' lang='grc' dir='ltr'><strong><em>καὶ</em></strong></span> <span class='ocrx_word' id='word_1_248' title='bbox 891 3102 1044 3174; x_wconf 84' lang='grc' dir='ltr'><strong><em>καθ’</em></strong></span> <span class='ocrx_word' id='word_1_249' title='bbox 1094 3104 1327 3187; x_wconf 80' lang='grc' dir='ltr'><strong><em>αὖτὰς,</em></strong></span> <span class='ocrx_word' id='word_1_250' title='bbox 1385 3107 1617 3187; x_wconf 86' lang='grc' dir='ltr'><strong><em>καθως</em></strong></span> <span class='ocrx_word' id='word_1_251' title='bbox 1673 3133 1857 3175; x_wconf 89' lang='grc' dir='ltr'><strong><em>ουτοι</em></strong></span> <span class='ocrx_word' id='word_1_252' title='bbox 1899 3104 2052 3176; x_wconf 76' lang='grc' dir='ltr'><strong><em>καθ’</em></strong></span> <span class='ocrx_word' id='word_1_253' title='bbox 2103 3107 2140 3175; x_wconf 84' lang='grc' dir='ltr'>ὃ</span> <span class='ocrx_word' id='word_1_254' title='bbox 2183 3111 2521 3197; x_wconf 84' lang='grc' dir='ltr'><strong><em>κτήτορες“’</em></strong></span> <span class='ocrx_word' id='word_1_255' title='bbox 2564 3115 2677 3179; x_wconf 77' lang='grc' dir='ltr'><strong><em>καὶ</em></strong></span> 
     </span>
     <span class='ocr_line' id='line_1_30' title="bbox 334 3205 2677 3297; baseline 0.002 -24"><span class='ocrx_word' id='word_1_256' title='bbox 334 3207 770 3292; x_wconf 80' lang='grc' dir='ltr'><strong><em>διεσκέψαντο</em></strong></span> <span class='ocrx_word' id='word_1_257' title='bbox 828 3235 934 3276; x_wconf 85' lang='grc' dir='ltr'><strong><em>και</em></strong></span> <span class='ocrx_word' id='word_1_258' title='bbox 991 3208 1392 3289; x_wconf 84' lang='grc' dir='ltr'><strong><em>διετάξαντο.</em></strong></span> <span class='ocrx_word' id='word_1_259' title='bbox 1484 3205 1741 3297; x_wconf 85' lang='grc' dir='ltr'><strong><em>ὀφείλει</em></strong></span> <span class='ocrx_word' id='word_1_260' title='bbox 1784 3211 1857 3277; x_wconf 85' lang='grc' dir='ltr'><strong><em>δὲ</em></strong></span> <span class='ocrx_word' id='word_1_261' title='bbox 1898 3212 2008 3294; x_wconf 67' lang='grc' dir='ltr'><strong><em>καὶ</em></strong></span> <span class='ocrx_word' id='word_1_262' title='bbox 2056 3206 2093 3274; x_wconf 87' lang='grc' dir='ltr'><strong><em>ό</em></strong></span> <span class='ocrx_word' id='word_1_263' title='bbox 2136 3210 2282 3291; x_wconf 76' lang='grc' dir='ltr'><strong><em>υίὸς</em></strong></span> <span class='ocrx_word' id='word_1_264' title='bbox 2324 3206 2569 3291; x_wconf 72' lang='grc' dir='ltr'><strong><em>αυτῶν,</em></strong></span> <span class='ocrx_word' id='word_1_265' title='bbox 2632 3209 2677 3278; x_wconf 80' lang='grc' dir='ltr'><em>ὃ</em></span> 
     </span>
     <span class='ocr_line' id='line_1_31' title="bbox 334 3308 2673 3401; baseline 0.002 -26"><span class='ocrx_word' id='word_1_266' title='bbox 334 3308 578 3389; x_wconf 79' lang='grc' dir='ltr'><strong><em>οἰκεῖος</em></strong></span> <span class='ocrx_word' id='word_1_267' title='bbox 618 3313 697 3397; x_wconf 83' lang='grc' dir='ltr'><strong><em>τῇ</em></strong></span> <span class='ocrx_word' id='word_1_268' title='bbox 726 3311 1034 3398; x_wconf 76' lang='grc' dir='ltr'><strong><em>βασιλείᾳ</em></strong></span> <span class='ocrx_word' id='word_1_269' title='bbox 1062 3336 1191 3395; x_wconf 85' lang='grc' dir='ltr'><strong><em>μου</em></strong></span> <span class='ocrx_word' id='word_1_270' title='bbox 1235 3311 1641 3399; x_wconf 86' lang='grc' dir='ltr'><strong><em>κομνηνὸς</em></strong></span> <span class='ocrx_word' id='word_1_271' title='bbox 1682 3314 1876 3396; x_wconf 78' lang='grc' dir='ltr'><strong><em>κῦρος</em></strong></span> <span class='ocrx_word' id='word_1_272' title='bbox 1922 3310 2278 3401; x_wconf 81' lang='grc' dir='ltr'><strong><em>ἰωάννης</em></strong></span> <span class='ocrx_word' id='word_1_273' title='bbox 2320 3313 2673 3380; x_wconf 78' lang='grc' dir='ltr'><strong><em>παλαιο·</em></strong></span> 
     </span>
     <span class='ocr_line' id='line_1_32' title="bbox 334 3406 2683 3501; baseline 0.005 -28"><span class='ocrx_word' id='word_1_274' title='bbox 334 3409 572 3494; x_wconf 89' lang='grc' dir='ltr'><strong><em>λόγος</em></strong></span> <span class='ocrx_word' id='word_1_275' title='bbox 616 3406 653 3476; x_wconf 83' lang='grc' dir='ltr'><em>ὃ</em></span> <span class='ocrx_word' id='word_1_276' title='bbox 695 3410 1242 3500; x_wconf 81' lang='grc' dir='ltr'><strong><em>μαλιασηνός,</em></strong></span> <span class='ocrx_word' id='word_1_277' title='bbox 1285 3413 1453 3498; x_wconf 82' lang='grc' dir='ltr'><strong><em>μετὰ</em></strong></span> <span class='ocrx_word' id='word_1_278' title='bbox 1494 3411 1611 3500; x_wconf 81' lang='grc' dir='ltr'><strong><em>τὴν</em></strong></span> <span class='ocrx_word' id='word_1_279' title='bbox 1654 3412 1956 3501; x_wconf 81' lang='grc' dir='ltr'><strong><em>τελευτὴν</em></strong></span> <span class='ocrx_word' id='word_1_280' title='bbox 2001 3408 2218 3482; x_wconf 75' lang='grc' dir='ltr'><strong><em>αὐτῶν</em></strong></span> <span class='ocrx_word' id='word_1_281' title='bbox 2262 3410 2433 3483; x_wconf 77' lang='grc' dir='ltr'><strong><em>εἶναί</em></strong></span> <span class='ocrx_word' id='word_1_282' title='bbox 2463 3415 2683 3484; x_wconf 79' lang='grc' dir='ltr'><strong><em>τεκαὶ</em></strong></span> 
     </span>
    </p>
   </div>
   <div class='ocr_carea' id='block_1_3' title="bbox 334 3510 899 3595">
    <p class='ocr_par' dir='ltr' id='par_1_3' title="bbox 334 3510 899 3595">
     <span class='ocr_line' id='line_1_33' title="bbox 334 3510 899 3595; baseline 0.005 -20"><span class='ocrx_word' id='word_1_283' title='bbox 334 3510 756 3595; x_wconf 81' lang='grc' dir='ltr'><strong><em>λογίζεσθαι·</em></strong></span> <span class='ocrx_word' id='word_1_284' title='bbox 799 3562 816 3578; x_wconf 93' lang='grc'><strong>.</strong></span> <span class='ocrx_word' id='word_1_285' title='bbox 842 3562 858 3578; x_wconf 91' lang='grc'><em>.</em></span> <span class='ocrx_word' id='word_1_286' title='bbox 884 3563 899 3578; x_wconf 93' lang='grc'><strong>.</strong></span> 
     </span>
    </p>
   </div>
   <div class='ocr_carea' id='block_1_4' title="bbox 332 3766 2688 3991">
    <p class='ocr_par' dir='ltr' id='par_1_4' title="bbox 332 3766 2688 3991">
     <span class='ocr_line' id='line_1_34' title="bbox 466 3766 2685 3836; baseline 0.002 -16.158"><span class='ocrx_word' id='word_1_287' title='bbox 466 3766 684 3820; x_wconf 73' lang='lat' dir='ltr'>‘Deest</span> <span class='ocrx_word' id='word_1_288' title='bbox 716 3770 844 3835; x_wconf 71' lang='lat' dir='ltr'>apud</span> <span class='ocrx_word' id='word_1_289' title='bbox 881 3770 1063 3833; x_wconf 74' lang='lat' dir='ltr'>Pasini,</span> <span class='ocrx_word' id='word_1_290' title='bbox 1113 3770 1234 3821; x_wconf 77' lang='lat' dir='ltr'>forte</span> <span class='ocrx_word' id='word_1_291' title='bbox 1285 3774 1502 3836; x_wconf 70' lang='lat' dir='ltr'><strong>typorum</strong></span> <span class='ocrx_word' id='word_1_292' title='bbox 1540 3773 1676 3836; x_wconf 72' lang='lat' dir='ltr'>vilio,</span> <span class='ocrx_word' id='word_1_293' title='bbox 1723 3788 1870 3836; x_wconf 82' lang='lat' dir='ltr'><strong>quum</strong></span> <span class='ocrx_word' id='word_1_294' title='bbox 1907 3774 2052 3823; x_wconf 74' lang='lat' dir='ltr'><strong>latine</strong></span> <span class='ocrx_word' id='word_1_295' title='bbox 2087 3776 2279 3823; x_wconf 79' lang='lat' dir='ltr'><strong><em>verterit</em></strong></span> <span class='ocrx_word' id='word_1_296' title='bbox 2312 3775 2415 3822; x_wconf 74' lang='lat' dir='ltr'>sic:</span> <span class='ocrx_word' id='word_1_297' title='bbox 2468 3790 2565 3824; x_wconf 68' lang='lat' dir='ltr'><strong><em>non</em></strong></span> <span class='ocrx_word' id='word_1_298' title='bbox 2600 3778 2685 3824; x_wconf 81' lang='lat' dir='ltr'><strong><em>de-</em></strong></span> 
     </span>
     <span class='ocr_line' id='line_1_35' title="bbox 334 3851 2688 3923; baseline 0 -17"><span class='ocrx_word' id='word_1_299' title='bbox 334 3858 437 3906; x_wconf 73' lang='lat' dir='ltr'><strong><em>bent</em></strong></span> <span class='ocrx_word' id='word_1_300' title='bbox 472 3859 665 3907; x_wconf 72' lang='lat' dir='ltr'><strong><em>alterum</em></strong></span> <span class='ocrx_word' id='word_1_301' title='bbox 700 3859 861 3907; x_wconf 73' lang='lat' dir='ltr'><em>advers</em></span> <span class='ocrx_word' id='word_1_302' title='bbox 840 3874 921 3907; x_wconf 73' lang='lat' dir='ltr'><strong><em>ssu</em></strong></span> <span class='ocrx_word' id='word_1_303' title='bbox 956 3858 1105 3907; x_wconf 73' lang='grc' dir='ltr'><strong><em>αιιίιει·</em></strong></span> <span class='ocrx_word' id='word_1_304' title='bbox 1075 3874 1200 3908; x_wconf 81' lang='grc' dir='ltr'><strong><em>ιιιιιι</em></strong></span> <span class='ocrx_word' id='word_1_305' title='bbox 1192 3859 1292 3907; x_wconf 79' lang='lat' dir='ltr'><strong><em>&#39;mu</em></strong></span> <span class='ocrx_word' id='word_1_306' title='bbox 1294 3873 1397 3921; x_wconf 79' lang='lat' dir='ltr'><strong><em>rr9e</em></strong></span> <span class='ocrx_word' id='word_1_307' title='bbox 1399 3873 1437 3907; x_wconf 84' lang='lat' dir='ltr'><strong><em>e.</em></strong></span> <span class='ocrx_word' id='word_1_308' title='bbox 1625 3854 1642 3882; x_wconf 85' lang='lat'>²</span> <span class='ocrx_word' id='word_1_309' title='bbox 1677 3858 1865 3908; x_wconf 75' lang='lat' dir='ltr'>Pasini:</span> <span class='ocrx_word' id='word_1_310' title='bbox 1904 3851 2321 3923; x_wconf 76' lang='grc' dir='ltr'><strong><em>καθοκτῆτορες.</em></strong></span> <span class='ocrx_word' id='word_1_311' title='bbox 2496 3854 2520 3883; x_wconf 81' lang='lat'>⁸</span> <span class='ocrx_word' id='word_1_312' title='bbox 2561 3860 2688 3909; x_wconf 78' lang='lat' dir='ltr'>Cae-</span> 
     </span>
     <span class='ocr_line' id='line_1_36' title="bbox 332 3938 986 3991; baseline 0.003 -2"><span class='ocrx_word' id='word_1_313' title='bbox 332 3947 436 3990; x_wconf 72' lang='lat' dir='ltr'><strong><em>len</em></strong></span> <span class='ocrx_word' id='word_1_314' title='bbox 473 3941 671 3991; x_wconf 76' lang='lat' dir='ltr'>deerant</span> <span class='ocrx_word' id='word_1_315' title='bbox 707 3942 753 3991; x_wconf 85' lang='lat' dir='ltr'><strong><em>in</em></strong></span> <span class='ocrx_word' id='word_1_316' title='bbox 792 3938 986 3991; x_wconf 81' lang='lat' dir='ltr'>Codic‘e.</span> 
     </span>
    </p>
   </div>
  </div>
 </body>
</html>
