2900 4950
1068 231 1184 295 Imp.
1223 230 1382 281 Basilii
1420 231 1843 295 Porphytogeniti..
2491 217 2614 279 317

270 378 597 465 πρόεδρος
653 379 992 462 βασίλειος
1049 383 1156 444 καὶ
1213 377 1807 462 παρακοιμώμενος
1859 385 2130 464 κατέβη,
2194 378 2289 456 εἷς
2347 379 2435 444 δὲ,
2461 379 2616 457 τοὺς

268 480 612 557 τοιούτους
652 478 924 563 χρόνους
968 473 1044 543 οὗ
1088 477 1173 545 τά
1217 481 1535 545 δοκοῦντα
1578 474 1735 565 ἡμῖν
1782 478 2045 565 ε’γίνετο,
2094 474 2231 545 ἀλλ(
2280 475 2333 564 ἦ
2367 479 2613 547 ἐκείνου

271 581 339 648 ἐν
384 583 558 647 πᾶσι
598 581 877 667 θέλησις
923 580 1242 665 ἐνεργεῒτο
1285 583 1393 646 καὶ
1439 579 1835 663 πρόσταξις,
1895 579 2489 666 παρακελευόμεθα
2532 579 2615 647 τὰ

271 681 339 748 ἐν
396 682 667 759 ἐκείνοις
721 693 867 760 τοῖς
917 682 1182 766 χρόνοις
1235 681 1550 766 γενόμενα
1601 681 2084 766 χρυσοβούλλια
2137 680 2360 747 πάντα
2405 679 2612 766 ἄκυρα

269 788 487 866 μένειν
531 787 640 849 καὶ
687 776 1101 868 ἀνενέργητα,
1152 779 1277 848 ὅσα
1324 781 1630 867 δηλονότι
1672 782 1761 867 μὴ
1807 788 2401 868 προεκομίσθησαν
2445 779 2609 865 μετὰ

269 887 467 949 τοῦτο
511 886 590 970 τῇ
635 886 942 970 βασιλείᾳ
983 908 1111 967 μου
1154 886 1261 948 καὶ
1307 882 1383 948 τὸ
1429 882 1809 969 ,,ἔτηρήθη“
1855 884 1922 950 ἕν
1967 880 2193 962 αὐτοῖς
2239 881 2507 969 ἐγράφη.
2569 877 2609 967 ἡ

269 985 393 1069 γὰρ
437 986 743 1069 βασιλεία
788 980 991 1068 ἡμῶν,
1044 981 1233 1071 ἡνίκα
1276 984 1391 1051 τὸν
1437 985 1826 1069 δηλωθέντα
1869 985 2194 1069 πρόεδρον
2236 985 2346 1050 καὶ
2390 1008 2613 1067 παρα-

274 1084 683 1169 κοιμώμενον
712 1093 1103 1171 κατεβίβασε
1117 1090 1177 1164 ⁸¹‚
1213 1082 1577 1169 πρόσταξιν
1610 1085 1896 1164 ἐξέθετο,
1943 1087 2053 1153 ἵνα
2084 1087 2326 1163 πάντες
2356 1084 2439 1151 τὰ
2467 1108 2610 1152 τοι-

275 1190 444 1252 αὕτα
499 1192 963 1270 προκομίσωσι
1021 1185 1503 1272 χρυσοβούλλια
1566 1182 1655 1265 ὥς
1721 1181 1800 1252 ἂν
1855 1193 2215 1271 βεβαίωσιν
2272 1187 2605 1264 δέξωνται,

271 1291 390 1354 τοῦ
434 1287 816 1374 ,,ἐτηρήθη“
860 1287 1257 1374 οἰκειοχείρῳ
1299 1284 1485 1375 ἡμῶν
1528 1289 1748 1374 γραφῇ
1793 1291 2328 1371 προστιθεμένου
2372 1285 2438 1351 ἐν
2467 1296 2611 1363 τοῖς

271 1387 618 1467 τοιούτοις.
710 1384 962 1455 ὅσαδὲ
1018 1385 1092 1455 ού
1152 1395 1740 1474 προεκομίσθησαν
1801 1384 1952 1455 οὐδὲ
1998 1387 2299 1473 ἐδέξαντο
2342 1383 2457 1472 τὴν
2500 1393 2612 1469 βε·-

269 1497 585 1576 βαίωσιν,
646 1484 853 1574 ἀκυρὰ
906 1493 1016 1556 καὶ
1061 1486 1341 1575 ἀβέβαια
1388 1489 1682 1555 ἔστωσαν
1728 1485 1818 1568 ὥς
1860 1489 2048 1556 νόθω
2091 1490 2200 1554 καὶ
2246 1490 2493 1573 ψευδῆ·
2552 1487 2611 1552 εἰ
2642 1539 2659 1566 -,

269 1591 390 1677 γὰρ
438 1587 657 1678 ἀληθῆ
699 1581 866 1676 ἦσαν
911 1596 1498 1677 προεκομίσθησαν
1566 1585 1645 1657 ἀν
1689 1590 1877 1675 παρὰ
1917 1594 2049 1656 τῶν
2096 1588 2374 1671 ἐχόντων
2420 1583 2606 1654 αὖτά.

442 1691 501 1772 ζ’
519 1695 577 1757 ⁸².
648 1692 1040 1759 Τελευταῒον
1085 1694 1156 1760 δὲ
1199 1695 1307 1758 καὶ
1351 1690 1429 1756 τὸ
1475 1694 1626 1777 περὶ
1672 1695 1789 1758 τοῦ
1836 1694 2093 1757 δικαίου
2137 1694 2270 1756 τῶν
2313 1687 2611 1775 πανηγύ-

270 1819 436 1879 ρεων
494 1795 906 1859 στασιασθὲν
959 1793 1345 1877 βουλόμεθα
1400 1793 1517 1879 τὴν
1584 1793 2046 1877 προσήκουσαν
2110 1792 2300 1870 τάξιν
2367 1791 2604 1872 λαχεῖν.

267 1889 443 1962 Ἐπεὶ
487 1893 608 1978 γὰρ
656 1893 1022 1980 ἐδεήθησάν
1066 1919 1240 1972 τινες
1285 1895 1787 1978 διεγκαλοῦντες,
1836 1888 1926 1970 ὥς
1972 1892 2252 1958 ἔκπαλαι
2295 1894 2428 1958 τῶν
2454 1890 2612 1975 χρό-

274 2021 403 2062 νων
448 1994 725 2076 ἐχόντων
772 1990 985 2060 αὐτῶν
1031 1994 1392 2079 πανήγυριν
1438 2000 1908 2076 συνισταμένην
1958 1991 2026 2059 έν
2069 2003 2214 2069 τοῖς
2258 1993 2456 2069 ἰδίοις
2496 1992 2611 2056 τό-

272 2121 461 2174 ποις,
524 2089 929 2181 ἀφίστανται
982 2096 1231 2160 τούτων
1289 2098 1398 2160 καὶ
1454 2090 1903 2178 ἀναχωροῦσιν
1961 2093 2025 2158 οἱ
2084 2091 2200 2178 τὴν
2246 2091 2608 2178 πανήγυριν

278 2199 711 2273 συνιστῶντες
764 2198 1290 2280 πραγματευταὶ,
1351 2198 1459 2261 καὶ
1515 2190 1668 2273 τοὺς
1718 2195 1840 2277 μὲν
1895 2193 2223 2271 παλαιοὺς
2280 2192 2612 2270 δεσπότας

274 2301 391 2383 τῆς
434 2296 857 2382 πανηγύρεως
901 2297 1180 2385 ἐρήμους
1219 2296 1860 2381 καταλιμπάνουσιν,
1923 2295 1989 2384 ἐν
2051 2296 2121 2361 δὲ
2173 2305 2316 2372 τοῖς
2371 2293 2611 2372 τόποις

271 2402 405 2465 τῶν
447 2394 946 2483 ὑποδεχομένων
993 2393 1230 2478 αὐτοὺς
1257 2401 1622 2479 καινίζουσι
1650 2397 1766 2485 τὴν
1799 2396 2162 2484 πανήγυριν
2184 2416 2198 2431 ·
2242 2394 2605 2480 κελεύομεν,

274 2502 460 2585 εἴπερ
519 2504 700 2567 ποτὲ·
743 2500 1046 2567 τοιοῦτόν
1098 2527 1166 2567 τι
1217 2508 1510 2587 γένηται,
1573 2501 1632 2568 εἰ
1684 2494 2104 2585 μὲνάθρόον
2151 2498 2397 2575 πάντες
2441 2499 2608 2563 καὶω

274 2598 706 2686 ὁμοθυμαδὸν
751 2605 816 2670 οἱ
860 2606 1338 2689 πανηγυρισταὶ
1383 2606 1490 2669 καὶ
1540 2604 1823 2686 ἔμποροι
1870 2601 2038 2666 οἵτε
2068 2596 2469 2682 αὐτόχθονες
2498 2594 2609 2664 καὶ

273 2705 338 2769 οἱ
393 2704 711 2790 ἐπήλυδες
770 2700 1172 2790 ἀφίστανται
1226 2706 1346 2787 μὲν
1401 2700 1541 2770 ἀπὸ
1595 2706 1711 2768 τοῦ
1769 2703 2061 2768 παλαιοῦ
2115 2698 2445 2768 δεσπότου
2490 2702 2607 2784 τῆς

272 2805 727 2890 πανηγύρεως,
796 2811 1277 2888 προσέρχονται
1331 2806 1402 2870 δὲ
1458 2804 1707 2888 ἑτέροις
1761 2803 1999 2879 τόποις
2052 2803 2448 2881 καινίζοντες
2492 2799 2609 2886 τὴν

273 2907 655 2991 πανήγυριν,
705 2905 870 2985 ἔχειν
917 2902 1153 2981 αὐτοὺς
1194 2906 1272 2969 τὸ
1317 2900 1649 2985 ἀκώλυτον
1692 2904 1803 2969 καὶ
1848 2903 2216 2984 ἐλεύθερον,
2262 2905 2369 2967 καὶ
2409 2896 2499 2977 ὥς
2531 2895 2610 2967 ἂν

187 3038 200 3049 ,
276 3005 354 3093 δὴ
371 3010 412 3041 ⁸⁸
466 3005 820 3088 βούλονται
876 3007 1224 3089 διενεργεῖν
1279 3009 1395 3089 τῆς
1440 3004 1863 3091 πανηγύρεως
1903 3002 2182 3087 τοπικὴν
2225 3001 2611 3083 μετάθεσιν,

270 3106 360 3190 μὴ
414 3107 843 3191 βιαζομένους
899 3104 1195 3185 πάντως,
1260 3100 1396 3171 ἀλλ’
1460 3105 1773 3182 ἑκουσίως
1826 3106 1933 3170 καὶ
1982 3098 2398 3185 αὐθαιρέτως
2441 3100 2611 3184 πρὸς

270 3210 468 3274 τοῦτο
513 3212 933 3293 φερομένους.
997 3206 1056 3273 εἰ
1100 3209 1172 3273 δὲ
1218 3206 1566 3283 διάστασις
1611 3205 1678 3271 ἐν
1708 3216 1849 3283 τοῖς
1879 3211 2399 3290 πανηγυρισταῖς
2427 3206 2612 3286 γένη-

270 3335 400 3388 ται,
447 3308 559 3374 καὶ
601 3308 666 3373 οἱ
708 3310 829 3390 μὲν
873 3309 1214 3391 αἱροῦνται
1258 3302 1431 3374 εἶναι
1475 3306 1542 3373 ἐν
1588 3301 1690 3385 οἷς
1732 3305 1970 3384 τόποις
2001 3302 2470 3390 ἐπανηγύριζον
2499 3300 2610 3367 καὶ

274 3410 630 3494 πρότερον,
693 3410 759 3475 οἱ
817 3411 888 3476 δὲ
943 3410 1193 3476 τούτων
1253 3403 1658 3496 ἀφίστανται
1710 3410 1817 3474 καὶ
1878 3405 2049 3492 πρὸς
2109 3405 2368 3489 ἑτέρους
2409 3408 2612 3487 μεθί-

277 3534 569 3589 στανται,
617 3514 972 3597 τηνικαῦτα
1014 3509 1092 3576 τὸ
1125 3512 1442 3598 διαφέρον
1472 3514 1550 3598 τῇ
1585 3505 1965 3595 ἀρχαιότητι
1994 3519 2271 3591 κρατεῖν,
2318 3508 2424 3573 καὶ
2457 3504 2611 3582 τοὺς

274 3608 762 3699 ἀφισταμένους
813 3612 1063 3696 μᾶλλον
1122 3608 1354 3679 ὁποῖοι
1412 3611 1491 3678 ἂν
1547 3636 1721 3690 τινες
1761 3616 1867 3677 καὶ
1917 3604 2043 3677 εἶεν
2090 3608 2611 3675 συνελαύνεσθαι

275 3715 447 3797 πρὸς
487 3713 603 3800 τὴν
651 3714 884 3780 ἕνωσιν
927 3716 1059 3778 τῶν
1104 3714 1539 3798 αἱρουμένων,
1584 3715 1692 3779 καὶ
1738 3724 1995 3796 κρατεῖν
2039 3709 2115 3776 τὸ
2160 3708 2449 3776 παλαιὸν
2492 3709 2609 3770 τοῦ

278 3814 492 3880 τόπου
510 3818 554 3849 ⁸⁵
596 3813 982 3899 προνόμιον.
1072 3816 1180 3879 καὶ
1240 3814 1386 3880 ἐπεὶ
1434 3814 1503 3879 αἱ
1547 3814 1981 3897 μεταστάσεις
2023 3809 2173 3897 ἤτοι
2215 3812 2612 3892 μεταθέσεις

279 3919 412 3982 τῶν
468 3915 894 4002 πανηγύρεων
949 3917 1274 3997 τετραχῶς
1324 3914 1441 4000 τὴν
1489 3915 1808 3997 διαίρεσιν
1855 3913 2153 3993 δέχονται
2198 3902 2263 3992 (ἢ
2304 3906 2426 3993 γάρ
2472 3902 2612 3973 ἀπὸ

413 4169 449 4195 ⁸¹
489 4172 680 4222 Leuncl.
716 4163 1047 4221 κατεδίκασε.
1190 4165 1232 4193 ⁸²
1273 4170 1392 4218 Huic
1431 4168 1573 4231 capiti
1609 4166 1894 4216 illustrando
1931 4165 2178 4226 insigniter
2214 4164 2403 4215 inservit
2440 4162 2611 4230 Πεῖρα

278 4253 411 4316 LVII,
453 4255 493 4303 1.
676 4253 716 4282 ⁸³
751 4258 896 4307 Abest
931 4270 958 4304 a
996 4255 1111 4305 Cod.
1148 4254 1286 4304 Laut.
1327 4253 1493 4315 LXXX,
1531 4253 1576 4303 8.
1727 4247 1769 4276 ⁸¹
1808 4250 1967 4301 Idem:
2007 4244 2073 4309 δὴ
2107 4244 2212 4298 καί.
2367 4245 2408 4274 ⁸⁵
2446 4249 2607 4298 idem:

277 4330 443 4385 τοῦτό
477 4350 594 4386 που.
