2900 4950
345 223 470 284 290
1202 234 1320 284 con.
1361 234 1438 283 m.
1511 234 1623 283 Nov.
1660 233 1815 284 xvnt.

343 387 532 461 νέων
597 392 756 474 τῶν
811 412 888 455 τε
961 383 1207 456 ἄλλων
1278 380 1406 455 καὶ
1483 387 1642 457 τῶν
1704 384 2099 484 ἐγκλήματι
2172 377 2416 479 φόνου
2487 407 2697 476 περι-

1262 497 1688 578 πιπτόντων
1711 504 1761 576 3.

514 652 595 718 α’.
657 650 1043 735 Κελεύομεν,
1081 651 1145 717 εἶ’
1170 675 1343 730 τινες
1369 653 1503 715 τῶν
1536 644 1946 734 ἀρμενίων
1977 651 2401 734 στρατιωτῶν
2434 643 2692 731 ἀναχω-

345 753 659 844 ρήσαντες
700 749 989 837 τριετίαν
1036 746 1318 835 ἀλλαχοῦ
1363 751 1738 838 ποιήσαιεν,
1785 754 1893 818 καὶ
1925 750 2334 837 μετὰταῦτα
2362 741 2692 836 ὗποστρέ-

345 870 595 943 ψαντες
649 851 898 940 εὕροιεν
953 853 1107 932 τοὺς
1165 854 1415 920 ἑαυτῶν
1470 852 1723 933 τόπους
1768 854 1901 921 εἴτε
1958 852 2130 938 πρὸς
2175 851 2491 938 φύλαξιν*
2556 852 2693 918 ε’ίτε

343 961 481 1025 τισὶ
529 956 964 1041 στρατιώταις
1009 952 1099 1033 ὥς
1142 949 1608 1039 ἀριστεύσασιν
1656 955 2128 1033 ἐπιδοθέντας,
2171 947 2215 1041 ἢ
2258 955 2365 1019 καὶ
2413 949 2689 1037 ἄρχουσι

341 1068 737 1145 θεματικοῖς
797 1061 903 1125 καὶ
962 1067 1388 1142 ταγματικοῖς
1444 1057 1578 1125 εἴτε
1644 1067 2033 1144 στρατηγοῖς
2100 1050 2688 1142 ἀνδραγαθήσασιν

345 1156 389 1251 ἢ
444 1164 549 1228 καὶ
609 1161 858 1245 ἑτέροις
910 1162 1050 1226 τισὶ
1105 1157 1217 1224 διὰ
1270 1161 1700 1245 κοινωφελεῖς
1767 1160 2067 1240 δουλείας
2117 1161 2686 1240 παρασχεθέντας,

345 1263 434 1351 μὴ
480 1264 645 1346 ἔχειν
691 1256 792 1328 ἐπ’
832 1257 1057 1339 ἀδείας
1098 1259 1253 1338 τοὺς
1293 1259 1461 1342 μετὰ
1503 1259 1620 1348 τὴν
1662 1257 1967 1347 τριετίαν
1998 1254 2088 1342 ἀρ
2102 1286 2147 1343 μ
2166 1266 2439 1335 ενὶους
2485 1280 2687 1343 στρα-

346 1363 591 1445 τιώτας
636 1361 1131 1440 ἐπανελθόντας
1173 1360 1327 1440 τοὺς
1381 1363 1725 1441 τοιούτους
1771 1363 1982 1447 ζητεῖν
2032 1363 2140 1427 καὶ
2188 1355 2689 1443 ἀπολαμβάνειν

347 1466 616 1546 τόπους.
663 1464 740 1530 τὸ
770 1465 890 1551 γὰρ
921 1467 1055 1530 τῶν
1086 1459 1376 1548 ἀρμενί
1391 1489 1495 1529 ων
1526 1460 1813 1530 ἄστατον
1856 1464 1962 1528 καὶ
1996 1461 2420 1538 πολυπλανὲς
2451 1457 2564 1527 ἐὰν
2598 1459 2688 1546 μὴ

351 1567 464 1636 διὰ
506 1572 622 1653 τῆς
663 1565 969 1652 τοιαύτης
1013 1570 1420 1648 νομοθεσίας
1464 1565 1837 1651 παιδευθῇ,
1900 1557 2037 1630 ἀλλ’
2089 1558 2190 1630 ἐπ’
2242 1562 2542 1641 ἔξουσίας
2586 1561 2689 1646 εἴη

349 1668 611 1747 τούτοις
668 1662 949 1749 ἀλλαχοῦ
1007 1661 1280 1732 ἀπιέναι
1334 1669 1439 1731 καὶ
1495 1669 1859 1750 μετοικεῖν5
1916 1667 2024 1731 καὶ
2084 1665 2287 1732 πάλιν
2331 1662 2692 1745 ἐπανερχο-

347 1778 574 1857 μένοις
616 1767 768 1847 τοὺς
810 1768 1059 1846 τόπους
1104 1762 1454 1846 ἀκωλύτως
1497 1773 1819 1850 κατέχειν,
1879 1766 2101 1833 πάντα
2155 1765 2239 1832 τὰ
2282 1758 2374 1849 ἀρ
2388 1789 2531 1846 μεν
2551 1762 2691 1830 ικὰ

352 1872 746 1958 οἰχήσονται.
817 1863 984 1935 ἀλλὰ
1022 1867 1160 1955 χρὴ,
1207 1867 1390 1935 καθὰ
1436 1867 1821 1953 δεδήλωται,
1867 1868 2022 1948 τοὺς
2050 1871 2182 1934 τῶν
2228 1862 2690 1950 ἀναχωρησάν-

349 2000 481 2041 των
513 1968 804 2057 ἀρμενί
820 1996 921 2036 ων
944 1968 1212 2048 τόπους,
1248 1970 1306 2036 εἰ
1336 1977 1589 2053 τριετία
1620 1970 1886 2036 διέλθοι
1914 1973 2021 2036 καὶ
2044 1970 2132 2055 μὴ
2168 1965 2687 2052 ὖποστρέψαιεν,

351 2076 484 2142 είτε
526 2073 698 2159 πρὸς
743 2071 1022 2159 φύλαξιν
1080 2067 1170 2148 (ὗς
1216 2072 1471 2157 εἴρηταί
1513 2095 1654 2137 τισι
1696 2077 2008 2155 παρέχειν
2062 2072 2195 2138 εἴτε
2252 2066 2693 2153 στρατιώταις
2741 2078 2761 2090 “

351 2172 854 2259 ἀνδρισαμένοις
900 2169 989 2250 ὥς
1033 2167 1366 2255 ἀριστεῖον
1414 2173 1692 2238 διδόναι.
1785 2173 1843 2240 εἰ
1889 2175 1959 2238 δέ
2002 2198 2153 2238 τινα
2194 2175 2327 2238 τῶν
2371 2170 2693 2238 τοιούτων

352 2273 713 2362 ἀρμενικῶν
768 2281 1025 2339 τοπίων
1071 2273 1203 2341 εἴτε
1255 2279 1333 2361 τῇ
1389 2275 1698 2361 βασιλικῇ
1753 2277 1871 2361 τῆς
1914 2273 2323 2356 λακοίπης6
2384 2276 2552 2359 μονῇ
2601 2268 2694 2351 ῶς

353 2379 649 2463 ’ἔγραψας
693 2375 1135 2462 ἐπεδόθησαν,
1186 2376 1318 2442 ε’ίτε
1356 2371 1847 2462 ἀφωρίσθησαν
1880 2374 2314 2462 οἱαισδήποτε
2355 2398 2694 2459 κουρατω-

351 2488 578 2565 ρείαις,
625 2471 668 2566 ἢ
710 2484 820 2543 καί
862 2504 996 2544 τινι
1037 2481 1170 2544 τῶν
1213 2479 1507 2545 δυνατῶν
1553 2473 1628 2543 οὗ
1683 2478 1795 2545 διά
1836 2505 2022 2556 τινας
2065 2479 2495 2565 κοινωφελεῖς
2539 2478 2695 2543 δου-

352 2579 533 2661 λείας
589 2576 758 2646 ἀλλὰ
826 2579 938 2645 διὰ
978 2578 1219 2667 μόνην7
1263 2578 1744 2665 προσπάθειαν
1791 2579 2245 2669 ἐδωρήθησαν,
2292 2583 2425 2645 τῶν
2469 2578 2693 2647 τοιού-

351 2709 484 2749 των
532 2683 594 2748 oi
637 2679 1049 2765 κληρονόμοι,
1095 2680 1183 2766 μὴ
1228 2679 1433 2765 μόνον
1480 2682 1538 2748 εἰ
1581 2679 1833 2768 τριετία
1878 2683 2171 2767 διῆλθεν,
2220 2677 2388 2748 ἀλλὰ
2418 2684 2522 2747 καὶ
2555 2681 2693 2766 πρὸ

350 2788 468 2872 τῆς
510 2782 966 2869 παρελεύσεως
1009 2786 1141 2849 τῶν
1184 2783 1537 2867 τριάκοντα
1577 2782 1826 2868 χρόνων
1862 2780 2413 2871 ὑποστρέφοντες,
2461 2782 2694 2866 ἐχέτω-

354 2909 478 2952 σαν
525 2879 626 2952 ἐπ’
675 2879 900 2963 ἀδείας
945 2880 1430 2968 ἀναλαμβάνειν
1474 2885 1558 2951 τὰ
1602 2886 1762 2953 ἰ’δια.
1834 2880 1954 2954 κᾶν
1997 2884 2118 2972 γὰρ
2177 2886 2517 2971 λιβέλλους
2570 2884 2694 2951 ἐπ-

354 2990 579 3053 οπτῶν
623 2989 734 3052 καὶ
773 2985 1287 3071 χρυσοβούλλια“
1344 2987 1783 3075 ἐπιφέρονται
1827 2989 1892 3056 οἱ
1935 2992 2145 3054 ταῦτα
2190 2985 2532 3074 εἰληφότες
2580 2985 2694 3052 διὰ

351 3087 834 3176 προσπάθειαν
868 3082 957 3166 ὥς
989 3088 1261 3175 εἴρηται,
1295 3086 1371 3153 τὸ
1401 3090 1639 3177 μηδὲν9
1668 3089 2011 3174 κελεύομεν
2032 3090 2419 3175 λογίζεσθαι
2447 3087 2689 3168 πάντα,

352 3195 461 3259 καὶ
506 3190 660 3269 τοὺς
702 3193 833 3256 τῶν
880 3192 1303 3273 στρατιωτῶν
1346 3191 1791 3277 κληρονόμους
1834 3192 1988 3270 τοὺς
2040 3191 2248 3271 ἰδίους
2294 3186 2694 3277 ἀπολαμβά-

351 3320 487 3362 νειν
532 3294 921 3380 βουλόμεθα
961 3290 1229 3370 τόπους.
1323 3292 1381 3359 εἰ
1426 3293 1496 3358 δὲ
1545 3288 1941 3377 ἀνταλλαγαὶ
1987 3292 2174 3379 παρά
2216 3288 2485 3379 τινωνῆ
2529 3286 2690 3376 παρ’

356 3513 646 3582 φονευτῶν
679 3529 718 3561 s.
755 3508 880 3575 περὶ
917 3505 1310 3577 φονευσάντων
1346 3516 1489 3577 capiti
1518 3515 1547 3564 2
1584 3514 1804 3564 Novettae
1840 3514 1935 3565 sive
1973 3532 2012 3566 c.
2040 3517 2069 3566 5
2101 3517 2347 3580 Epitomae
2373 3524 2695 3580 praeponunt,

355 3599 493 3664 quasi
532 3613 585 3647 ex
623 3598 808 3646 duabu<
846 3597 1047 3645 Nox-eliis
1085 3596 1297 3646 confecta
1336 3599 1433 3658 sit.)
1508 3600 1591 3648 Cui
1631 3614 1742 3660 ergo
1790 3599 2067 3664 imperatori
2111 3601 2234 3650 lianc
2270 3601 2506 3651 Novettam
2543 3600 2695 3649 vindi-

354 3683 559 3735 cemus?
625 3682 692 3731 Ex
729 3696 802 3741 e0‚
840 3681 967 3744 quod
1006 3682 1088 3730 c.i
1135 3682 1194 3731 de
1230 3683 1418 3743 triginta
1456 3699 1688 3734 annorum
1726 3686 2105 3750 praescriptione
2143 3701 2302 3735 sermo
2341 3692 2414 3734 cst
2448 3686 2695 3744 (ctetiam

352 3772 464 3823 Nov.
487 3770 527 3819 11
564 3784 605 3818 c.
622 3769 690 3828 4),
728 3782 869 3831 quam
908 3767 982 3815 xt,
1017 3781 1250 3817 annorum
1287 3782 1396 3817 esse
1435 3769 1777 3818 Constantinus
1813 3771 2098 3835 Porptnyrog.
2134 3769 2367 3820 nomint}
2406 3769 2492 3818 αἱ
2528 3770 2694 3834 jussit,

353 3865 401 3906 ct
438 3870 493 3903 ex
527 3855 713 3904 ratione
749 3868 872 3916 quae
909 3853 1033 3902 inter
1081 3868 1121 3902 c.
1150 3852 1180 3901 2
1218 3860 1264 3902 et
1299 3853 1410 3902 Nov.
1449 3855 1666 3918 ejusdcm
1719 3855 2014 3905 Constantini
2039 3857 2097 3905 ΧΙ
2135 3872 2177 3906 c.
2202 3855 2234 3904 4
2272 3853 2539 3911 intercedit,
2576 3854 2695 3903 uiuit

355 3941 472 3990 certi
510 3939 664 4000 coltigi
703 3946 878 4001 potest.
949 3939 1268 4001 Nicephorum
1305 3945 1464 3987 autem
1500 3949 1745 3989 auctorem
1785 3955 1891 3989 esse
1930 3940 2230 4001 crediderim,
2271 3940 2449 4004 quippe
2485 3937 2562 3987 cui
2588 3946 2699 4001 post

354 4039 435 4075 res
470 4026 518 4074 in
555 4025 664 4073 Asia
701 4022 872 4072 minori
911 4030 1066 4083 gestas
1103 4023 1459 4072 Armenicnrum
1498 4038 1656 4073 rerum
1694 4031 1868 4073 statum
1908 4032 1955 4074 ct
1990 4032 2155 4075 notum
2199 4032 2242 4073 et
2282 4038 2427 4072 curae
2463 4022 2698 4087 cordique

354 4110 507 4159 fuisse
542 4108 790 4170 probabile
826 4108 903 4155 sit.
1089 4104 1109 4133 ⁸
1147 4107 1291 4156 Paris,
1333 4107 1493 4157 1388:
1530 4105 1953 4177 περιπεσόντων.
2142 4106 2164 4134 ¹
2202 4108 2321 4172 Epit.
2358 4102 2692 4177 πρόσφυξιν.

356 4189 378 4219 ⁸
412 4189 864 4256 Μῶμε-τοιαῦτ,
904 4205 1155 4253 operarum
1182 4191 1308 4250 vitio,
1345 4199 1398 4241 ut
1431 4192 1631 4242 videtur.
1735 4191 1757 4218 ⁸
1792 4193 1936 4242 Lnbb.
1963 4193 2102 4243 vertit
2121 4193 2414 4254 Lacapenae.
2519 4190 2538 4216 ⁷
2573 4191 2698 4255 Epit.

359 4270 453 4326 διὰ
477 4269 650 4341 χάριν
684 4264 714 4332 ἢ
751 4286 942 4339 necent.
1149 4272 1170 4300 ⁸
1206 4275 1321 4324 ibid.
1350 4271 1728 4343 χρυσόβουλλα
1761 4270 2153 4345 ἔπιφέρωνται.
2365 4274 2387 4305 ⁹
2421 4277 2539 4327 thid.
2578 4267 2696 4325 ἀντ’

361 4349 597 4409 οὐδενός.
