<?xml version="1.0" encoding="UTF-8"?>
<!DOCTYPE html PUBLIC "-//W3C//DTD XHTML 1.0 Transitional//EN"
    "http://www.w3.org/TR/xhtml1/DTD/xhtml1-transitional.dtd">
<html xmlns="http://www.w3.org/1999/xhtml" xml:lang="en" lang="en">
 <head>
  <title>
</title>
<meta http-equiv="Content-Type" content="text/html;charset=utf-8" />
  <meta name='ocr-system' content='tesseract 3.04.00' />
  <meta name='ocr-capabilities' content='ocr_page ocr_carea ocr_par ocr_line ocrx_word'/>
</head>
<body>
  <div class='ocr_page' id='page_1' title='image "./jusgraecoromanu00linggoog_0535.png"; bbox 0 0 2900 4950; ppageno 0'>
   <div class='ocr_carea' id='block_1_1' title="bbox 1039 302 2531 380">
    <p class='ocr_par' dir='ltr' id='par_1_1' title="bbox 1039 302 2531 380">
     <span class='ocr_line' id='line_1_1' title="bbox 1039 302 2531 380; baseline -0.001 -15"><span class='ocrx_word' id='word_1_1' title='bbox 1039 317 1155 380; x_wconf 86' lang='lat' dir='ltr'>lmp.</span> <span class='ocrx_word' id='word_1_2' title='bbox 1195 316 1426 366; x_wconf 68' lang='lat' dir='ltr'>Manat-lis</span> <span class='ocrx_word' id='word_1_3' title='bbox 1465 316 1713 367; x_wconf 67' lang='lat' dir='ltr'><strong>Colunt-ui.</strong></span> <span class='ocrx_word' id='word_1_4' title='bbox 2415 302 2531 365; x_wconf 81' lang='lat'><strong><em>481</em></strong></span> 
     </span>
    </p>
   </div>
   <div class='ocr_carea' id='block_1_2' title="bbox 200 457 2543 2067">
    <p class='ocr_par' dir='ltr' id='par_1_2' title="bbox 200 457 2543 2067">
     <span class='ocr_line' id='line_1_2' title="bbox 200 457 2537 551; baseline 0.001 -22"><span class='ocrx_word' id='word_1_5' title='bbox 200 464 313 529; x_wconf 85' lang='grc' dir='ltr'><strong><em>καὶ</em></strong></span> <span class='ocrx_word' id='word_1_6' title='bbox 364 462 482 549; x_wconf 88' lang='grc' dir='ltr'><strong><em>τὴν</em></strong></span> <span class='ocrx_word' id='word_1_7' title='bbox 527 464 653 528; x_wconf 80' lang='grc' dir='ltr'><strong><em>τοῦ</em></strong></span> <span class='ocrx_word' id='word_1_8' title='bbox 717 457 979 547; x_wconf 75' lang='grc' dir='ltr'><strong><em>ἀγαθοῦ</em></strong></span> <span class='ocrx_word' id='word_1_9' title='bbox 1035 463 1225 548; x_wconf 76' lang='grc' dir='ltr'><strong><em>ἔργου</em></strong></span> <span class='ocrx_word' id='word_1_10' title='bbox 1282 458 1460 550; x_wconf 75' lang='grc' dir='ltr'><strong><em>αὐτῷ</em></strong></span> <span class='ocrx_word' id='word_1_11' title='bbox 1518 468 2008 551; x_wconf 88' lang='grc' dir='ltr'><strong><em>προσεπιφέρει</em></strong></span> <span class='ocrx_word' id='word_1_12' title='bbox 2064 462 2537 550; x_wconf 73' lang='grc' dir='ltr'><em>συμπλήρωσιν</em></span> 
     </span>
     <span class='ocr_line' id='line_1_3' title="bbox 206 562 2534 651; baseline -0 -20"><span class='ocrx_word' id='word_1_13' title='bbox 206 563 300 642; x_wconf 81' lang='grc' dir='ltr'><strong><em>εἰς</em></strong></span> <span class='ocrx_word' id='word_1_14' title='bbox 339 562 458 650; x_wconf 87' lang='grc' dir='ltr'><strong><em>τὴν</em></strong></span> <span class='ocrx_word' id='word_1_15' title='bbox 498 563 854 651; x_wconf 85' lang='grc' dir='ltr'><strong><em>μοναχικὴν</em></strong></span> <span class='ocrx_word' id='word_1_16' title='bbox 895 564 1242 631; x_wconf 75' lang='grc' dir='ltr'><strong><em>πολιτείαν</em></strong></span> <span class='ocrx_word' id='word_1_17' title='bbox 1282 591 1357 632; x_wconf 90' lang='grc' dir='ltr'><strong><em>τε</em></strong></span> <span class='ocrx_word' id='word_1_18' title='bbox 1399 565 1902 651; x_wconf 80' lang='grc' dir='ltr'><strong><em>παραδεξαμένη</em></strong></span> <span class='ocrx_word' id='word_1_19' title='bbox 1948 567 2056 630; x_wconf 82' lang='grc' dir='ltr'><strong><em>καὶ</em></strong></span> <span class='ocrx_word' id='word_1_20' title='bbox 2100 562 2534 633; x_wconf 85' lang='grc' dir='ltr'><strong><em>κατάστασιν·</em></strong></span> 
     </span>
     <span class='ocr_line' id='line_1_4' title="bbox 203 659 2536 754; baseline 0.001 -23"><span class='ocrx_word' id='word_1_21' title='bbox 203 668 353 743; x_wconf 77' lang='grc' dir='ltr'><strong><em>πῶς</em></strong></span> <span class='ocrx_word' id='word_1_22' title='bbox 396 659 514 730; x_wconf 76' lang='grc' dir='ltr'><strong><em>οὐκ</em></strong></span> <span class='ocrx_word' id='word_1_23' title='bbox 557 659 637 731; x_wconf 74' lang='grc' dir='ltr'><strong><em>ἂν</em></strong></span> <span class='ocrx_word' id='word_1_24' title='bbox 682 666 782 749; x_wconf 71' lang='grc' dir='ltr'><strong><em>εἴη</em></strong></span> <span class='ocrx_word' id='word_1_25' title='bbox 829 663 1068 750; x_wconf 76' lang='grc' dir='ltr'><strong><em>ἄλογον</em></strong></span> <span class='ocrx_word' id='word_1_26' title='bbox 1111 669 1219 731; x_wconf 76' lang='grc' dir='ltr'><strong><em>καὶ</em></strong></span> <span class='ocrx_word' id='word_1_27' title='bbox 1263 676 1406 744; x_wconf 81' lang='grc' dir='ltr'><strong><em>τοῖς</em></strong></span> <span class='ocrx_word' id='word_1_28' title='bbox 1462 671 1933 751; x_wconf 79' lang='grc' dir='ltr'><strong><em>πνευματικοῖς</em></strong></span> <span class='ocrx_word' id='word_1_29' title='bbox 1981 664 2210 750; x_wconf 89' lang='grc' dir='ltr'><strong><em>νόμοις</em></strong></span> <span class='ocrx_word' id='word_1_30' title='bbox 2252 661 2536 754; x_wconf 75' lang='grc' dir='ltr'><strong><em>ἀπᾷδον,</em></strong></span> 
     </span>
     <span class='ocr_line' id='line_1_5' title="bbox 206 760 2540 855; baseline 0.001 -23"><span class='ocrx_word' id='word_1_31' title='bbox 206 761 696 851; x_wconf 82' lang='grc' dir='ltr'><strong><em>άναγκαστικῶς</em></strong></span> <span class='ocrx_word' id='word_1_32' title='bbox 738 760 1225 851; x_wconf 83' lang='grc' dir='ltr'><strong><em>άποκείρεσθαί</em></strong></span> <span class='ocrx_word' id='word_1_33' title='bbox 1262 793 1444 847; x_wconf 88' lang='grc' dir='ltr'><strong><em>τινα,</em></strong></span> <span class='ocrx_word' id='word_1_34' title='bbox 1500 771 1612 834; x_wconf 87' lang='grc' dir='ltr'><strong><em>καὶ</em></strong></span> <span class='ocrx_word' id='word_1_35' title='bbox 1666 771 1875 834; x_wconf 84' lang='grc' dir='ltr'><strong><em>ταῦτα</em></strong></span> <span class='ocrx_word' id='word_1_36' title='bbox 1918 772 2156 855; x_wconf 90' lang='grc' dir='ltr'><strong><em>φονέα,</em></strong></span> <span class='ocrx_word' id='word_1_37' title='bbox 2217 765 2291 834; x_wconf 82' lang='grc' dir='ltr'><strong><em>ὃν</em></strong></span> <span class='ocrx_word' id='word_1_38' title='bbox 2347 773 2540 854; x_wconf 86' lang='grc' dir='ltr'><strong><em>μέχρι</em></strong></span> 
     </span>
     <span class='ocr_line' id='line_1_6' title="bbox 203 862 2540 957; baseline 0 -23"><span class='ocrx_word' id='word_1_39' title='bbox 203 866 526 934; x_wconf 80' lang='grc' dir='ltr'><strong><em>τοσούτου</em></strong></span> <span class='ocrx_word' id='word_1_40' title='bbox 584 862 620 932; x_wconf 84' lang='grc' dir='ltr'><em>ὃ</em></span> <span class='ocrx_word' id='word_1_41' title='bbox 677 866 842 947; x_wconf 89' lang='grc' dir='ltr'><strong><em>θεὸς</em></strong></span> <span class='ocrx_word' id='word_1_42' title='bbox 898 866 1348 953; x_wconf 71' lang='grc' dir='ltr'><strong><em>ἐγκατέλιπεν,</em></strong></span> <span class='ocrx_word' id='word_1_43' title='bbox 1416 865 1590 936; x_wconf 76' lang='grc' dir='ltr'><strong><em>ὥστε</em></strong></span> <span class='ocrx_word' id='word_1_44' title='bbox 1641 872 1750 936; x_wconf 80' lang='grc' dir='ltr'><strong><em>καὶ</em></strong></span> <span class='ocrx_word' id='word_1_45' title='bbox 1793 864 2125 957; x_wconf 78' lang='grc' dir='ltr'><strong><em>άδελφικῷ</em></strong></span> <span class='ocrx_word' id='word_1_46' title='bbox 2166 872 2540 955; x_wconf 82' lang='grc' dir='ltr'><strong><em>χρανθῆναι</em></strong></span> 
     </span>
     <span class='ocr_line' id='line_1_7' title="bbox 204 965 2540 1058; baseline 0.001 -24"><span class='ocrx_word' id='word_1_47' title='bbox 204 968 325 1047; x_wconf 84' lang='grc' dir='ltr'><strong><em>τὰς</em></strong></span> <span class='ocrx_word' id='word_1_48' title='bbox 364 978 587 1053; x_wconf 80' lang='grc' dir='ltr'><strong><em>χεῖρας</em></strong></span> <span class='ocrx_word' id='word_1_49' title='bbox 631 969 899 1052; x_wconf 70' lang='grc' dir='ltr'><strong><em>αἵματις</em></strong></span> <span class='ocrx_word' id='word_1_50' title='bbox 957 970 1104 1048; x_wconf 86' lang='grc' dir='ltr'><strong><em>δέος</em></strong></span> <span class='ocrx_word' id='word_1_51' title='bbox 1156 969 1311 1055; x_wconf 83' lang='grc' dir='ltr'><strong><em>γὰρ,</em></strong></span> <span class='ocrx_word' id='word_1_52' title='bbox 1368 969 1611 1058; x_wconf 85' lang='grc' dir='ltr'><strong><em>μήπως</em></strong></span> <span class='ocrx_word' id='word_1_53' title='bbox 1655 965 1942 1057; x_wconf 79' lang='grc' dir='ltr'><strong><em>άκουσίῳ</em></strong></span> <span class='ocrx_word' id='word_1_54' title='bbox 1994 976 2385 1055; x_wconf 83' lang='grc' dir='ltr'><strong><em>προαιρέσει</em></strong></span> <span class='ocrx_word' id='word_1_55' title='bbox 2424 970 2540 1037; x_wconf 90' lang='grc' dir='ltr'><strong><em>τὸν</em></strong></span> 
     </span>
     <span class='ocr_line' id='line_1_8' title="bbox 207 1064 2542 1159; baseline 0.002 -24"><span class='ocrx_word' id='word_1_56' title='bbox 207 1064 545 1156; x_wconf 84' lang='grc' dir='ltr'><strong><em>ἇγγελικὸν</em></strong></span> <span class='ocrx_word' id='word_1_57' title='bbox 612 1077 761 1155; x_wconf 82' lang='grc' dir='ltr'><strong><em>βίον</em></strong></span> <span class='ocrx_word' id='word_1_58' title='bbox 827 1066 1144 1138; x_wconf 75' lang='grc' dir='ltr'><strong><em>ὑπελθών</em></strong></span> <span class='ocrx_word' id='word_1_59' title='bbox 1208 1073 1317 1137; x_wconf 80' lang='grc' dir='ltr'><strong><em>καὶ</em></strong></span> <span class='ocrx_word' id='word_1_60' title='bbox 1382 1080 1501 1159; x_wconf 78' lang='grc' dir='ltr'><strong><em>βίᾳ</em></strong></span> <span class='ocrx_word' id='word_1_61' title='bbox 1563 1075 1798 1139; x_wconf 80' lang='grc' dir='ltr'><strong><em>τοῦτον</em></strong></span> <span class='ocrx_word' id='word_1_62' title='bbox 1863 1072 2381 1157; x_wconf 81' lang='grc' dir='ltr'><strong><em>καταδεξάμενος</em></strong></span> <span class='ocrx_word' id='word_1_63' title='bbox 2447 1072 2542 1150; x_wconf 81' lang='grc' dir='ltr'><strong><em>εἷς</em></strong></span> 
     </span>
     <span class='ocr_line' id='line_1_9' title="bbox 207 1169 2542 1260; baseline 0.001 -23"><span class='ocrx_word' id='word_1_64' title='bbox 207 1169 583 1256; x_wconf 73' lang='grc' dir='ltr'><strong><em>ἔμπαιγμὸν</em></strong></span> <span class='ocrx_word' id='word_1_65' title='bbox 638 1174 732 1258; x_wconf 74' lang='grc' dir='ltr'><strong><em>τῷ</em></strong></span> <span class='ocrx_word' id='word_1_66' title='bbox 790 1171 1109 1259; x_wconf 82' lang='grc' dir='ltr'><strong><em>φρικώδει</em></strong></span> <span class='ocrx_word' id='word_1_67' title='bbox 1157 1172 1480 1260; x_wconf 84' lang='grc' dir='ltr'><strong><em>χρήσηται</em></strong></span> <span class='ocrx_word' id='word_1_68' title='bbox 1535 1173 1847 1259; x_wconf 88' lang='grc' dir='ltr'><strong><em>σχήματι·</em></strong></span> <span class='ocrx_word' id='word_1_69' title='bbox 1909 1173 2249 1260; x_wconf 82' lang='grc' dir='ltr'><strong><em>πεφύκασι</em></strong></span> <span class='ocrx_word' id='word_1_70' title='bbox 2300 1173 2423 1259; x_wconf 83' lang='grc' dir='ltr'><strong><em>γὰρ</em></strong></span> <span class='ocrx_word' id='word_1_71' title='bbox 2475 1173 2542 1240; x_wconf 84' lang='grc' dir='ltr'><strong><em>οἱ</em></strong></span> 
     </span>
     <span class='ocr_line' id='line_1_10' title="bbox 204 1267 2541 1361; baseline 0.001 -23"><span class='ocrx_word' id='word_1_72' title='bbox 204 1275 340 1339; x_wconf 83' lang='grc' dir='ltr'><strong><em>τῶν</em></strong></span> <span class='ocrx_word' id='word_1_73' title='bbox 385 1267 769 1357; x_wconf 75' lang='grc' dir='ltr'><strong><em>ἀνθρώπων</em></strong></span> <span class='ocrx_word' id='word_1_74' title='bbox 812 1272 1206 1361; x_wconf 83' lang='grc' dir='ltr'><strong><em>κουφότεροι</em></strong></span> <span class='ocrx_word' id='word_1_75' title='bbox 1251 1275 1345 1353; x_wconf 79' lang='grc' dir='ltr'><strong><em>εἷς</em></strong></span> <span class='ocrx_word' id='word_1_76' title='bbox 1389 1269 1717 1341; x_wconf 76' lang='grc' dir='ltr'><strong><em>ἀπόνοιαν</em></strong></span> <span class='ocrx_word' id='word_1_77' title='bbox 1775 1273 2173 1359; x_wconf 80' lang='grc' dir='ltr'><strong><em>ἐμπεσόντες</em></strong></span> <span class='ocrx_word' id='word_1_78' title='bbox 2220 1276 2328 1341; x_wconf 83' lang='grc' dir='ltr'><strong><em>καὶ</em></strong></span> <span class='ocrx_word' id='word_1_79' title='bbox 2392 1285 2541 1353; x_wconf 79' lang='grc' dir='ltr'><strong><em>ταῖς</em></strong></span> 
     </span>
     <span class='ocr_line' id='line_1_11' title="bbox 204 1370 2541 1461; baseline 0.001 -21"><span class='ocrx_word' id='word_1_80' title='bbox 204 1378 567 1458; x_wconf 84' lang='grc' dir='ltr'><strong><em>χειρίσταις</em></strong></span> <span class='ocrx_word' id='word_1_81' title='bbox 611 1371 720 1439; x_wconf 82' lang='grc' dir='ltr'><strong><em>καὶ</em></strong></span> <span class='ocrx_word' id='word_1_82' title='bbox 764 1376 1353 1461; x_wconf 77' lang='grc' dir='ltr'><strong><em>παραβολωτέραις</em></strong></span> <span class='ocrx_word' id='word_1_83' title='bbox 1395 1375 1761 1460; x_wconf 70' lang='grc' dir='ltr'><strong><em>ἐπιτολμᾶν</em></strong></span> <span class='ocrx_word' id='word_1_84' title='bbox 1792 1376 2131 1461; x_wconf 84' lang='grc' dir='ltr'><strong><em>πράξεσιν.</em></strong></span> <span class='ocrx_word' id='word_1_85' title='bbox 2221 1370 2366 1443; x_wconf 74' lang='grc' dir='ltr'><strong><em>ἀντὶ</em></strong></span> <span class='ocrx_word' id='word_1_86' title='bbox 2399 1382 2541 1442; x_wconf 89' lang='grc' dir='ltr'><strong><em>τοί-</em></strong></span> 
     </span>
     <span class='ocr_line' id='line_1_12' title="bbox 207 1469 2542 1565; baseline -0 -23"><span class='ocrx_word' id='word_1_87' title='bbox 207 1501 321 1542; x_wconf 86' lang='grc' dir='ltr'><strong><em>νυν</em></strong></span> <span class='ocrx_word' id='word_1_88' title='bbox 363 1478 480 1562; x_wconf 84' lang='grc' dir='ltr'><strong><em>τῆς</em></strong></span> <span class='ocrx_word' id='word_1_89' title='bbox 525 1469 957 1560; x_wconf 81' lang='grc' dir='ltr'><strong><em>ἇποκάρσεως</em></strong></span> <span class='ocrx_word' id='word_1_90' title='bbox 998 1483 1357 1561; x_wconf 85' lang='grc' dir='ltr'><strong><em>νομοθετεῖ</em></strong></span> <span class='ocrx_word' id='word_1_91' title='bbox 1396 1472 1435 1565; x_wconf 83' lang='grc' dir='ltr'><em>ἦ</em></span> <span class='ocrx_word' id='word_1_92' title='bbox 1481 1478 1790 1562; x_wconf 83' lang='grc' dir='ltr'><strong><em>βασιλεία</em></strong></span> <span class='ocrx_word' id='word_1_93' title='bbox 1841 1502 2003 1562; x_wconf 89' lang='grc' dir='ltr'><strong><em>μου,</em></strong></span> <span class='ocrx_word' id='word_1_94' title='bbox 2059 1477 2175 1544; x_wconf 87' lang='grc' dir='ltr'><strong><em>τὸν</em></strong></span> <span class='ocrx_word' id='word_1_95' title='bbox 2230 1478 2542 1563; x_wconf 82' lang='grc' dir='ltr'><strong><em>πεπλημ-</em></strong></span> 
     </span>
     <span class='ocr_line' id='line_1_13' title="bbox 205 1573 2540 1667; baseline 0.001 -24"><span class='ocrx_word' id='word_1_96' title='bbox 205 1575 532 1662; x_wconf 88' lang='grc' dir='ltr'><strong><em>μεληκότα</em></strong></span> <span class='ocrx_word' id='word_1_97' title='bbox 577 1574 783 1662; x_wconf 90' lang='grc' dir='ltr'><strong><em>φόνον</em></strong></span> <span class='ocrx_word' id='word_1_98' title='bbox 826 1578 1340 1663; x_wconf 82' lang='grc' dir='ltr'><strong><em>μεμελετημένον</em></strong></span> <span class='ocrx_word' id='word_1_99' title='bbox 1387 1577 1687 1645; x_wconf 79' lang='grc' dir='ltr'><strong><em>ἑκούσιον</em></strong></span> <span class='ocrx_word' id='word_1_100' title='bbox 1744 1577 1811 1645; x_wconf 82' lang='grc' dir='ltr'><strong><em>έν</em></strong></span> <span class='ocrx_word' id='word_1_101' title='bbox 1868 1579 2124 1667; x_wconf 85' lang='grc' dir='ltr'><strong><em>φυλακῇ</em></strong></span> <span class='ocrx_word' id='word_1_102' title='bbox 2180 1573 2337 1663; x_wconf 73' lang='grc' dir='ltr'><strong><em>παρ’</em></strong></span> <span class='ocrx_word' id='word_1_103' title='bbox 2385 1575 2540 1645; x_wconf 78' lang='grc' dir='ltr'><strong><em>ὅλον</em></strong></span> 
     </span>
     <span class='ocr_line' id='line_1_14' title="bbox 213 1672 2542 1767; baseline 0.001 -24"><span class='ocrx_word' id='word_1_104' title='bbox 213 1677 331 1743; x_wconf 87' lang='grc' dir='ltr'><strong><em>τὸν</em></strong></span> <span class='ocrx_word' id='word_1_105' title='bbox 384 1680 502 1764; x_wconf 80' lang='grc' dir='ltr'><strong><em>τῆς</em></strong></span> <span class='ocrx_word' id='word_1_106' title='bbox 558 1676 725 1765; x_wconf 81' lang='grc' dir='ltr'><strong><em>ζωῆς</em></strong></span> <span class='ocrx_word' id='word_1_107' title='bbox 781 1672 981 1744; x_wconf 75' lang='grc' dir='ltr'><strong><em>αὐτοῦ</em></strong></span> <span class='ocrx_word' id='word_1_108' title='bbox 1042 1678 1335 1764; x_wconf 68' lang='grc' dir='ltr'><strong><em>χρόνον’”</em></strong></span> <span class='ocrx_word' id='word_1_109' title='bbox 1398 1678 1679 1764; x_wconf 78' lang='grc' dir='ltr'><strong><em>διάγειν,</em></strong></span> <span class='ocrx_word' id='word_1_110' title='bbox 1746 1682 1857 1746; x_wconf 87' lang='grc' dir='ltr'><strong><em>καὶ</em></strong></span> <span class='ocrx_word' id='word_1_111' title='bbox 1907 1674 2224 1767; x_wconf 74' lang='grc' dir='ltr'><strong><em>μηδέποτ’</em></strong></span> <span class='ocrx_word' id='word_1_112' title='bbox 2285 1680 2542 1747; x_wconf 72' lang='grc' dir='ltr'><strong><em>ἐκεῖθεν</em></strong></span> 
     </span>
     <span class='ocr_line' id='line_1_15' title="bbox 208 1774 2541 1868; baseline 0 -22"><span class='ocrx_word' id='word_1_113' title='bbox 208 1778 597 1865; x_wconf 73' lang='grc' dir='ltr'><strong><em>ἐξάγεσθαι,</em></strong></span> <span class='ocrx_word' id='word_1_114' title='bbox 662 1774 813 1866; x_wconf 75' lang='grc' dir='ltr'><strong><em>μηδ’</em></strong></span> <span class='ocrx_word' id='word_1_115' title='bbox 861 1774 999 1846; x_wconf 81' lang='grc' dir='ltr'><strong><em>ἀπὸ</em></strong></span> <span class='ocrx_word' id='word_1_116' title='bbox 1041 1781 1387 1868; x_wconf 77' lang='grc' dir='ltr'><strong><em>βασιλικῆς</em></strong></span> <span class='ocrx_word' id='word_1_117' title='bbox 1431 1782 1596 1860; x_wconf 84' lang='grc' dir='ltr'><strong><em>ἰ’σως</em></strong></span> <span class='ocrx_word' id='word_1_118' title='bbox 1638 1781 2065 1865; x_wconf 83' lang='grc' dir='ltr'><strong><em>προστάξεως</em></strong></span> <span class='ocrx_word' id='word_1_119' title='bbox 2118 1779 2284 1847; x_wconf 82' lang='grc' dir='ltr'><strong><em>κατὰ</em></strong></span> <span class='ocrx_word' id='word_1_120' title='bbox 2326 1783 2541 1867; x_wconf 88' lang='grc' dir='ltr'><strong><em>λήθην</em></strong></span> 
     </span>
     <span class='ocr_line' id='line_1_16' title="bbox 207 1878 2543 1968; baseline 0.001 -23"><span class='ocrx_word' id='word_1_121' title='bbox 207 1880 678 1966; x_wconf 82' lang='grc' dir='ltr'><strong><em>ποριζομένης·</em></strong></span> <span class='ocrx_word' id='word_1_122' title='bbox 724 1879 839 1946; x_wconf 73' lang='grc' dir='ltr'><strong><em>ἐπὶ</em></strong></span> <span class='ocrx_word' id='word_1_123' title='bbox 885 1883 956 1948; x_wconf 81' lang='grc' dir='ltr'><strong><em>δὲ</em></strong></span> <span class='ocrx_word' id='word_1_124' title='bbox 1000 1893 1149 1959; x_wconf 82' lang='grc' dir='ltr'><strong><em>ταῖς</em></strong></span> <span class='ocrx_word' id='word_1_125' title='bbox 1192 1889 1612 1967; x_wconf 75' lang='grc' dir='ltr'><strong><em>περιουσίαις</em></strong></span> <span class='ocrx_word' id='word_1_126' title='bbox 1657 1878 1871 1949; x_wconf 75' lang='grc' dir='ltr'><strong><em>αὐτῶν</em></strong></span> <span class='ocrx_word' id='word_1_127' title='bbox 1913 1889 2256 1968; x_wconf 86' lang='grc' dir='ltr'><strong><em>γίνεσθαι,</em></strong></span> <span class='ocrx_word' id='word_1_128' title='bbox 2312 1879 2543 1961; x_wconf 77' lang='grc' dir='ltr'><strong><em>καθὼς</em></strong></span> 
     </span>
     <span class='ocr_line' id='line_1_17' title="bbox 207 1976 1673 2067; baseline 0.002 -21"><span class='ocrx_word' id='word_1_129' title='bbox 207 1976 245 2046; x_wconf 81' lang='grc' dir='ltr'><em>ὃ</em></span> <span class='ocrx_word' id='word_1_130' title='bbox 290 1980 911 2067; x_wconf 84' lang='grc' dir='ltr'><strong><em>προμνημονευθεὶς</em></strong></span> <span class='ocrx_word' id='word_1_131' title='bbox 952 1981 1264 2067; x_wconf 76' lang='grc' dir='ltr'><strong><em>βασιλεύς</em></strong></span> <span class='ocrx_word' id='word_1_132' title='bbox 1308 1982 1673 2062; x_wconf 81' lang='grc' dir='ltr'><strong><em>διετάξατο.</em></strong></span> 
     </span>
    </p>
   </div>
   <div class='ocr_carea' id='block_1_3' title="bbox 378 2077 2623 2171">
    <p class='ocr_par' dir='ltr' id='par_1_3' title="bbox 378 2077 2623 2171">
     <span class='ocr_line' id='line_1_18' title="bbox 378 2077 2623 2171; baseline 0.001 -24"><span class='ocrx_word' id='word_1_133' title='bbox 378 2081 457 2167; x_wconf 91' lang='grc' dir='ltr'><strong><em>γ’.</em></strong></span> <span class='ocrx_word' id='word_1_134' title='bbox 538 2077 713 2149; x_wconf 83' lang='grc' dir='ltr'><strong><em>Ἐπεὶ</em></strong></span> <span class='ocrx_word' id='word_1_135' title='bbox 764 2083 836 2148; x_wconf 80' lang='grc' dir='ltr'><strong><em>δὲ</em></strong></span> <span class='ocrx_word' id='word_1_136' title='bbox 892 2083 957 2148; x_wconf 76' lang='grc' dir='ltr'><strong><em>οἱ</em></strong></span> <span class='ocrx_word' id='word_1_137' title='bbox 1013 2084 1287 2162; x_wconf 88' lang='grc' dir='ltr'><strong><em>πλείους</em></strong></span> <span class='ocrx_word' id='word_1_138' title='bbox 1338 2087 1470 2149; x_wconf 80' lang='grc' dir='ltr'><strong><em>τῶν</em></strong></span> <span class='ocrx_word' id='word_1_139' title='bbox 1516 2089 1774 2171; x_wconf 82' lang='grc' dir='ltr'><strong><em>φονέων</em></strong></span> <span class='ocrx_word' id='word_1_140' title='bbox 1820 2083 1887 2150; x_wconf 76' lang='grc' dir='ltr'><strong><em>ἐκ</em></strong></span> <span class='ocrx_word' id='word_1_141' title='bbox 1928 2085 2200 2171; x_wconf 82' lang='grc' dir='ltr'><strong><em>μελέτης</em></strong></span> <span class='ocrx_word' id='word_1_142' title='bbox 2241 2087 2348 2150; x_wconf 79' lang='grc' dir='ltr'><strong><em>καὶ</em></strong></span> <span class='ocrx_word' id='word_1_143' title='bbox 2396 2085 2541 2150; x_wconf 84' lang='grc' dir='ltr'><strong><em>δια·</em></strong></span> <span class='ocrx_word' id='word_1_144' title='bbox 2604 2094 2623 2117; x_wconf 76' lang='grc'><strong>’</strong></span> 
     </span>
    </p>
   </div>
   <div class='ocr_carea' id='block_1_4' title="bbox 207 2181 2545 4095">
    <p class='ocr_par' dir='ltr' id='par_1_4' title="bbox 207 2181 2545 3384">
     <span class='ocr_line' id='line_1_19' title="bbox 212 2181 2541 2272; baseline 0.001 -24"><span class='ocrx_word' id='word_1_145' title='bbox 212 2187 511 2267; x_wconf 79' lang='grc' dir='ltr'><strong><em>σκέψεως</em></strong></span> <span class='ocrx_word' id='word_1_146' title='bbox 559 2182 658 2247; x_wconf 71' lang='grc' dir='ltr'><strong><em>[οἱ</em></strong></span> <span class='ocrx_word' id='word_1_147' title='bbox 671 2208 705 2261; x_wconf 89' lang='grc' dir='ltr'><strong><em>ς</em></strong></span> <span class='ocrx_word' id='word_1_148' title='bbox 748 2183 995 2271; x_wconf 89' lang='grc' dir='ltr'><strong><em>φόνους</em></strong></span> <span class='ocrx_word' id='word_1_149' title='bbox 1035 2182 1594 2270; x_wconf 79' lang='grc' dir='ltr'><strong><em>κατεργαζόμενοι,</em></strong></span> <span class='ocrx_word' id='word_1_150' title='bbox 1650 2185 1885 2252; x_wconf 74' lang='grc' dir='ltr'><strong><em>ἔπειτα</em></strong></span> <span class='ocrx_word' id='word_1_151' title='bbox 1926 2189 2004 2272; x_wconf 86' lang='grc' dir='ltr'><strong><em>τῇ</em></strong></span> <span class='ocrx_word' id='word_1_152' title='bbox 2050 2181 2379 2272; x_wconf 84' lang='grc' dir='ltr'><strong><em>ἆγιωτάτη</em></strong></span> <span class='ocrx_word' id='word_1_153' title='bbox 2422 2187 2541 2250; x_wconf 82' lang='grc' dir='ltr'><strong><em>τοῦ</em></strong></span> 
     </span>
     <span class='ocr_line' id='line_1_20' title="bbox 209 2282 2540 2373; baseline 0.002 -24"><span class='ocrx_word' id='word_1_154' title='bbox 209 2287 380 2350; x_wconf 82' lang='grc' dir='ltr'><strong><em>θεοῦ</em></strong></span> <span class='ocrx_word' id='word_1_155' title='bbox 421 2284 668 2371; x_wconf 81' lang='grc' dir='ltr'><strong><em>μεγάλῃ</em></strong></span> <span class='ocrx_word' id='word_1_156' title='bbox 714 2284 1019 2373; x_wconf 73' lang='grc' dir='ltr'><strong><em>ἐκκλησίᾳ</em></strong></span> <span class='ocrx_word' id='word_1_157' title='bbox 1061 2286 1573 2372; x_wconf 68' lang='grc' dir='ltr'><strong><em>προσελθόντες,</em></strong></span> <span class='ocrx_word' id='word_1_158' title='bbox 1619 2282 1734 2370; x_wconf 77' lang='grc' dir='ltr'><strong><em>οὐχ</em></strong></span> <span class='ocrx_word' id='word_1_159' title='bbox 1765 2312 1855 2365; x_wconf 88' lang='grc' dir='ltr'><strong><em>ως</em></strong></span> <span class='ocrx_word' id='word_1_160' title='bbox 1882 2292 2105 2372; x_wconf 90' lang='grc' dir='ltr'><strong><em>γέγονε</em></strong></span> <span class='ocrx_word' id='word_1_161' title='bbox 2134 2282 2288 2371; x_wconf 71' lang='grc' dir='ltr'><strong><em>παρ’</em></strong></span> <span class='ocrx_word' id='word_1_162' title='bbox 2326 2282 2540 2353; x_wconf 81' lang='grc' dir='ltr'><strong><em>αυτῶν</em></strong></span> 
     </span>
     <span class='ocr_line' id='line_1_21' title="bbox 210 2379 2544 2512; baseline 0.001 -62.018"><span class='ocrx_word' id='word_1_163' title='bbox 210 2380 248 2450; x_wconf 84' lang='grc' dir='ltr'><strong><em>ό</em></strong></span> <span class='ocrx_word' id='word_1_164' title='bbox 210 2384 521 2474; x_wconf 87' lang='grc' dir='ltr'><strong><em>οφόνος,</em></strong></span> <span class='ocrx_word' id='word_1_165' title='bbox 569 2379 737 2452; x_wconf 79' lang='grc' dir='ltr'><strong><em>ἀλλὰ</em></strong></span> <span class='ocrx_word' id='word_1_166' title='bbox 778 2386 951 2473; x_wconf 87' lang='grc' dir='ltr'><strong><em>πρὸς</em></strong></span> <span class='ocrx_word' id='word_1_167' title='bbox 993 2387 1071 2453; x_wconf 85' lang='grc' dir='ltr'><strong><em>τὸ</em></strong></span> <span class='ocrx_word' id='word_1_168' title='bbox 1116 2387 1357 2456; x_wconf 78' lang='grc' dir='ltr'><strong><em>οἰκεῖον</em></strong></span> <span class='ocrx_word' id='word_1_169' title='bbox 1402 2394 1740 2477; x_wconf 82' lang='grc' dir='ltr'><strong><em>συμφέρον</em></strong></span> <span class='ocrx_word' id='word_1_170' title='bbox 1769 2391 2124 2455; x_wconf 82' lang='grc' dir='ltr'><strong><em>ποιοῦνται</em></strong></span> <span class='ocrx_word' id='word_1_171' title='bbox 2165 2388 2302 2512; x_wconf 66' lang='grc' dir='ltr'><strong><em>τὴνε</em></strong></span> <span class='ocrx_word' id='word_1_172' title='bbox 2312 2387 2544 2473; x_wconf 75' lang='grc' dir='ltr'><strong><em>ἐξομο-</em></strong></span> 
     </span>
     <span class='ocr_line' id='line_1_22' title="bbox 207 2463 2543 2610; baseline 0.002 -56"><span class='ocrx_word' id='word_1_173' title='bbox 207 2486 477 2574; x_wconf 86' lang='grc' dir='ltr'><strong><em>λόγησιν</em></strong></span> <span class='ocrx_word' id='word_1_174' title='bbox 519 2487 637 2574; x_wconf 83' lang='grc' dir='ltr'><strong><em>τὴν</em></strong></span> <span class='ocrx_word' id='word_1_175' title='bbox 683 2483 1006 2610; x_wconf 75' lang='grc' dir='ltr'><strong><em>ἀλήθειαν</em></strong></span> <span class='ocrx_word' id='word_1_176' title='bbox 1047 2463 1664 2576; x_wconf 86' lang='grc' dir='ltr'><strong><em>παρακρύπτοντες·</em></strong></span> <span class='ocrx_word' id='word_1_177' title='bbox 1708 2490 2220 2578; x_wconf 85' lang='grc' dir='ltr'><strong><em>παρακελεύεται</em></strong></span> <span class='ocrx_word' id='word_1_178' title='bbox 2264 2485 2302 2577; x_wconf 82' lang='grc' dir='ltr'><em>ἦ</em></span> <span class='ocrx_word' id='word_1_179' title='bbox 2346 2496 2543 2575; x_wconf 80' lang='grc' dir='ltr'><strong><em>βασι·</em></strong></span> 
     </span>
     <span class='ocr_line' id='line_1_23' title="bbox 207 2588 2544 2678; baseline 0.001 -23"><span class='ocrx_word' id='word_1_180' title='bbox 207 2590 354 2656; x_wconf 91' lang='grc' dir='ltr'><strong><em>λεία</em></strong></span> <span class='ocrx_word' id='word_1_181' title='bbox 406 2614 536 2673; x_wconf 94' lang='grc' dir='ltr'><strong><em>μου</em></strong></span> <span class='ocrx_word' id='word_1_182' title='bbox 590 2591 848 2678; x_wconf 82' lang='grc' dir='ltr'><strong><em>γραφὴν</em></strong></span> <span class='ocrx_word' id='word_1_183' title='bbox 903 2597 1216 2678; x_wconf 87' lang='grc' dir='ltr'><strong><em>γίνεσθαι</em></strong></span> <span class='ocrx_word' id='word_1_184' title='bbox 1269 2596 1388 2659; x_wconf 83' lang='grc' dir='ltr'><strong><em>τοῦ</em></strong></span> <span class='ocrx_word' id='word_1_185' title='bbox 1443 2592 1611 2660; x_wconf 80' lang='grc' dir='ltr'><strong><em>κατὰ</em></strong></span> <span class='ocrx_word' id='word_1_186' title='bbox 1665 2592 1932 2678; x_wconf 84' lang='grc' dir='ltr'><strong><em>καιροὺς</em></strong></span> <span class='ocrx_word' id='word_1_187' title='bbox 1985 2588 2356 2677; x_wconf 83' lang='grc' dir='ltr'><strong><em>ἆγιωτάτου</em></strong></span> <span class='ocrx_word' id='word_1_188' title='bbox 2408 2617 2544 2657; x_wconf 88' lang='grc' dir='ltr'><strong><em>πα-</em></strong></span> 
     </span>
     <span class='ocr_line' id='line_1_24' title="bbox 209 2688 2542 2780; baseline 0 -23"><span class='ocrx_word' id='word_1_189' title='bbox 209 2690 521 2776; x_wconf 83' lang='grc' dir='ltr'><strong><em>τριάρχου</em></strong></span> <span class='ocrx_word' id='word_1_190' title='bbox 563 2717 687 2776; x_wconf 92' lang='grc' dir='ltr'><strong><em>μετ</em></strong></span> <span class='ocrx_word' id='word_1_191' title='bbox 751 2693 1092 2778; x_wconf 80' lang='grc' dir='ltr'><strong><em>ἐπιτιμίου</em></strong></span> <span class='ocrx_word' id='word_1_192' title='bbox 1137 2693 1309 2779; x_wconf 88' lang='grc' dir='ltr'><strong><em>πρὸς</em></strong></span> <span class='ocrx_word' id='word_1_193' title='bbox 1349 2696 1466 2761; x_wconf 85' lang='grc' dir='ltr'><strong><em>τὸν</em></strong></span> <span class='ocrx_word' id='word_1_194' title='bbox 1506 2693 1674 2762; x_wconf 83' lang='grc' dir='ltr'><strong><em>κατὰ</em></strong></span> <span class='ocrx_word' id='word_1_195' title='bbox 1697 2693 1915 2780; x_wconf 82' lang='grc' dir='ltr'><strong><em>χώραν</em></strong></span> <span class='ocrx_word' id='word_1_196' title='bbox 1947 2688 2247 2778; x_wconf 77' lang='grc' dir='ltr'><strong><em>ἀρχιερέα</em></strong></span> <span class='ocrx_word' id='word_1_197' title='bbox 2289 2696 2397 2760; x_wconf 84' lang='grc' dir='ltr'><strong><em>καὶ</em></strong></span> <span class='ocrx_word' id='word_1_198' title='bbox 2424 2692 2542 2759; x_wconf 88' lang='grc' dir='ltr'><strong><em>τὸν</em></strong></span> 
     </span>
     <span class='ocr_line' id='line_1_25' title="bbox 209 2787 2541 2881; baseline 0.001 -23"><span class='ocrx_word' id='word_1_199' title='bbox 209 2787 323 2858; x_wconf 71' lang='grc' dir='ltr'><strong><em>ὑπ’</em></strong></span> <span class='ocrx_word' id='word_1_200' title='bbox 374 2787 573 2859; x_wconf 72' lang='grc' dir='ltr'><strong><em>αὐτὸν</em></strong></span> <span class='ocrx_word' id='word_1_201' title='bbox 617 2794 884 2880; x_wconf 84' lang='grc' dir='ltr'><strong><em>κλῆρον,</em></strong></span> <span class='ocrx_word' id='word_1_202' title='bbox 943 2788 1112 2860; x_wconf 80' lang='grc' dir='ltr'><strong><em>ἀλλὰ</em></strong></span> <span class='ocrx_word' id='word_1_203' title='bbox 1163 2796 1284 2879; x_wconf 81' lang='grc' dir='ltr'><strong><em>μὲν</em></strong></span> <span class='ocrx_word' id='word_1_204' title='bbox 1338 2798 1445 2862; x_wconf 80' lang='grc' dir='ltr'><strong><em>καὶ</em></strong></span> <span class='ocrx_word' id='word_1_205' title='bbox 1502 2795 1617 2862; x_wconf 86' lang='grc' dir='ltr'><strong><em>τὸν</em></strong></span> <span class='ocrx_word' id='word_1_206' title='bbox 1669 2799 1787 2863; x_wconf 84' lang='grc' dir='ltr'><strong><em>τοῦ</em></strong></span> <span class='ocrx_word' id='word_1_207' title='bbox 1841 2800 2142 2878; x_wconf 89' lang='grc' dir='ltr'><strong><em>θέματος</em></strong></span> <span class='ocrx_word' id='word_1_208' title='bbox 2183 2794 2541 2881; x_wconf 84' lang='grc' dir='ltr'><strong><em>διαιτητὴν,</em></strong></span> 
     </span>
     <span class='ocr_line' id='line_1_26' title="bbox 209 2891 2544 2983; baseline 0.001 -24"><span class='ocrx_word' id='word_1_209' title='bbox 209 2895 317 2959; x_wconf 83' lang='grc' dir='ltr'><strong><em>καὶ</em></strong></span> <span class='ocrx_word' id='word_1_210' title='bbox 362 2892 593 2970; x_wconf 82' lang='grc' dir='ltr'><strong><em>καθὼς</em></strong></span> <span class='ocrx_word' id='word_1_211' title='bbox 634 2892 884 2980; x_wconf 67' lang='grc' dir='ltr'><strong><em>μάθῃ80</em></strong></span> <span class='ocrx_word' id='word_1_212' title='bbox 936 2900 1250 2980; x_wconf 88' lang='grc' dir='ltr'><strong><em>γενέσθαι</em></strong></span> <span class='ocrx_word' id='word_1_213' title='bbox 1292 2895 1407 2961; x_wconf 87' lang='grc' dir='ltr'><strong><em>τὸν</em></strong></span> <span class='ocrx_word' id='word_1_214' title='bbox 1464 2895 1671 2983; x_wconf 89' lang='grc' dir='ltr'><strong><em>φόνον</em></strong></span> <span class='ocrx_word' id='word_1_215' title='bbox 1716 2891 1856 2962; x_wconf 78' lang='grc' dir='ltr'><strong><em>ἀπὸ</em></strong></span> <span class='ocrx_word' id='word_1_216' title='bbox 1898 2899 2015 2981; x_wconf 78' lang='grc' dir='ltr'><strong><em>τῆς</em></strong></span> <span class='ocrx_word' id='word_1_217' title='bbox 2058 2895 2317 2962; x_wconf 75' lang='grc' dir='ltr'><strong><em>ἐκείνων</em></strong></span> <span class='ocrx_word' id='word_1_218' title='bbox 2361 2892 2544 2962; x_wconf 62' lang='lat' dir='ltr'><strong><em>‹im-</em></strong></span> 
     </span>
     <span class='ocr_line' id='line_1_27' title="bbox 208 2991 2543 3082; baseline 0.002 -23"><span class='ocrx_word' id='word_1_219' title='bbox 208 2998 494 3082; x_wconf 73' lang='grc' dir='ltr'><strong><em>γραφῆς,</em></strong></span> <span class='ocrx_word' id='word_1_220' title='bbox 563 2991 737 3060; x_wconf 66' lang='grc' dir='ltr'><strong><em>οὕτω</em></strong></span> <span class='ocrx_word' id='word_1_221' title='bbox 782 3005 1006 3060; x_wconf 78' lang='grc' dir='ltr'><strong><em>ποιεῖν</em></strong></span> <span class='ocrx_word' id='word_1_222' title='bbox 1049 2998 1155 3061; x_wconf 83' lang='grc' dir='ltr'><strong><em>καὶ</em></strong></span> <span class='ocrx_word' id='word_1_223' title='bbox 1199 2995 1315 3081; x_wconf 83' lang='grc' dir='ltr'><strong><em>τὴν</em></strong></span> <span class='ocrx_word' id='word_1_224' title='bbox 1360 2995 1807 3075; x_wconf 77' lang='grc' dir='ltr'><strong><em>ἒπεξέλευσιν·</em></strong></span> <span class='ocrx_word' id='word_1_225' title='bbox 1862 2998 1969 3061; x_wconf 83' lang='grc' dir='ltr'><strong><em>καὶ</em></strong></span> <span class='ocrx_word' id='word_1_226' title='bbox 2012 2995 2101 3082; x_wconf 86' lang='grc' dir='ltr'><strong><em>μὴ</em></strong></span> <span class='ocrx_word' id='word_1_227' title='bbox 2144 2995 2259 3061; x_wconf 88' lang='grc' dir='ltr'><strong><em>τὸν</em></strong></span> <span class='ocrx_word' id='word_1_228' title='bbox 2316 2995 2386 3063; x_wconf 73' lang='grc' dir='ltr'><strong><em>ἐκ</em></strong></span> <span class='ocrx_word' id='word_1_229' title='bbox 2426 3003 2543 3079; x_wconf 64' lang='grc' dir='ltr'><strong><em>με·</em></strong></span> 
     </span>
     <span class='ocr_line' id='line_1_28' title="bbox 213 3091 2542 3183; baseline 0 -22"><span class='ocrx_word' id='word_1_230' title='bbox 213 3097 401 3181; x_wconf 84' lang='grc' dir='ltr'><strong><em>λέτης</em></strong></span> <span class='ocrx_word' id='word_1_231' title='bbox 457 3094 823 3181; x_wconf 87' lang='grc' dir='ltr'><strong><em>φονεύοντα</em></strong></span> <span class='ocrx_word' id='word_1_232' title='bbox 879 3095 991 3161; x_wconf 86' lang='grc' dir='ltr'><strong><em>διὰ</em></strong></span> <span class='ocrx_word' id='word_1_233' title='bbox 1053 3094 1170 3183; x_wconf 82' lang='grc' dir='ltr'><strong><em>τὴν</em></strong></span> <span class='ocrx_word' id='word_1_234' title='bbox 1229 3099 1440 3183; x_wconf 82' lang='grc' dir='ltr'><strong><em>ψευδῆ</em></strong></span> <span class='ocrx_word' id='word_1_235' title='bbox 1498 3091 1700 3163; x_wconf 77' lang='grc' dir='ltr'><strong><em>αὐτοῦ</em></strong></span> <span class='ocrx_word' id='word_1_236' title='bbox 1753 3095 2185 3181; x_wconf 67' lang='grc' dir='ltr'><strong><em>ἐξαγορείαν31</em></strong></span> <span class='ocrx_word' id='word_1_237' title='bbox 2248 3095 2370 3174; x_wconf 84' lang='grc' dir='ltr'><strong><em>τὰς</em></strong></span> <span class='ocrx_word' id='word_1_238' title='bbox 2424 3100 2542 3162; x_wconf 80' lang='grc' dir='ltr'><strong><em>τοῦ</em></strong></span> 
     </span>
     <span class='ocr_line' id='line_1_29' title="bbox 212 3193 2545 3284; baseline 0 -21"><span class='ocrx_word' id='word_1_239' title='bbox 212 3197 381 3263; x_wconf 85' lang='grc' dir='ltr'><strong><em>κατὰ</em></strong></span> <span class='ocrx_word' id='word_1_240' title='bbox 434 3195 629 3282; x_wconf 87' lang='grc' dir='ltr'><strong><em>τύχην</em></strong></span> <span class='ocrx_word' id='word_1_241' title='bbox 684 3198 793 3263; x_wconf 79' lang='grc' dir='ltr'><strong><em>καὶ</em></strong></span> <span class='ocrx_word' id='word_1_242' title='bbox 853 3193 1261 3280; x_wconf 86' lang='grc' dir='ltr'><strong><em>άπροόπτως</em></strong></span> <span class='ocrx_word' id='word_1_243' title='bbox 1312 3202 1407 3284; x_wconf 78' lang='grc' dir='ltr'><strong><em>τῷ</em></strong></span> <span class='ocrx_word' id='word_1_244' title='bbox 1465 3196 1745 3283; x_wconf 82' lang='grc' dir='ltr'><strong><em>τοιούτῳ</em></strong></span> <span class='ocrx_word' id='word_1_245' title='bbox 1796 3194 2279 3284; x_wconf 87' lang='grc' dir='ltr'><strong><em>περιπεσόντος</em></strong></span> <span class='ocrx_word' id='word_1_246' title='bbox 2324 3195 2545 3283; x_wconf 77' lang='grc' dir='ltr'><strong><em>ἐγκλή-</em></strong></span> 
     </span>
     <span class='ocr_line' id='line_1_30' title="bbox 209 3296 1666 3384; baseline 0.001 -20"><span class='ocrx_word' id='word_1_247' title='bbox 209 3323 375 3384; x_wconf 87' lang='grc' dir='ltr'><strong><em>ματι</em></strong></span> <span class='ocrx_word' id='word_1_248' title='bbox 420 3299 736 3381; x_wconf 84' lang='grc' dir='ltr'><strong><em>δέχεσθαι</em></strong></span> <span class='ocrx_word' id='word_1_249' title='bbox 777 3296 1022 3377; x_wconf 83' lang='grc' dir='ltr'><strong><em>ποινὰς</em></strong></span> <span class='ocrx_word' id='word_1_250' title='bbox 1061 3297 1172 3364; x_wconf 83' lang='grc' dir='ltr'><strong><em>καὶ</em></strong></span> <span class='ocrx_word' id='word_1_251' title='bbox 1212 3299 1297 3366; x_wconf 75' lang='grc' dir='ltr'><strong><em>τὰ</em></strong></span> <span class='ocrx_word' id='word_1_252' title='bbox 1340 3299 1666 3384; x_wconf 75' lang='grc' dir='ltr'><strong><em>ἐπιτίμια.</em></strong></span> 
     </span>
    </p>

    <p class='ocr_par' dir='ltr' id='par_1_5' title="bbox 207 3395 2544 4095">
     <span class='ocr_line' id='line_1_31' title="bbox 382 3395 2543 3489; baseline 0 -24"><span class='ocrx_word' id='word_1_253' title='bbox 382 3400 468 3465; x_wconf 87' lang='grc' dir='ltr'><strong><em>δ’.</em></strong></span> <span class='ocrx_word' id='word_1_254' title='bbox 531 3401 622 3466; x_wconf 77' lang='grc' dir='ltr'><strong><em>Εἴ</em></strong></span> <span class='ocrx_word' id='word_1_255' title='bbox 647 3426 750 3479; x_wconf 89' lang='grc' dir='ltr'><strong><em>τις</em></strong></span> <span class='ocrx_word' id='word_1_256' title='bbox 786 3405 1015 3485; x_wconf 87' lang='grc' dir='ltr'><strong><em>μέντοι</em></strong></span> <span class='ocrx_word' id='word_1_257' title='bbox 1058 3403 1190 3466; x_wconf 81' lang='grc' dir='ltr'><strong><em>τῶν</em></strong></span> <span class='ocrx_word' id='word_1_258' title='bbox 1236 3406 1494 3488; x_wconf 86' lang='grc' dir='ltr'><strong><em>φονέων</em></strong></span> <span class='ocrx_word' id='word_1_259' title='bbox 1537 3404 1617 3489; x_wconf 84' lang='grc' dir='ltr'><strong><em>τῇ</em></strong></span> <span class='ocrx_word' id='word_1_260' title='bbox 1663 3395 1991 3486; x_wconf 78' lang='grc' dir='ltr'><strong><em>ἁγιωτάτῃ</em></strong></span> <span class='ocrx_word' id='word_1_261' title='bbox 2036 3398 2283 3486; x_wconf 85' lang='grc' dir='ltr'><strong><em>μεγάλῃ</em></strong></span> <span class='ocrx_word' id='word_1_262' title='bbox 2329 3397 2543 3484; x_wconf 85' lang='grc' dir='ltr'><strong><em>προσ-</em></strong></span> 
     </span>
     <span class='ocr_line' id='line_1_32' title="bbox 210 3495 2543 3591; baseline 0.001 -25"><span class='ocrx_word' id='word_1_263' title='bbox 210 3500 439 3589; x_wconf 78' lang='grc' dir='ltr'><strong><em>φυγὼν</em></strong></span> <span class='ocrx_word' id='word_1_264' title='bbox 484 3500 818 3589; x_wconf 73' lang='grc' dir='ltr'><strong><em>ἐκκλησίᾳ,</em></strong></span> <span class='ocrx_word' id='word_1_265' title='bbox 875 3503 982 3568; x_wconf 81' lang='grc' dir='ltr'><strong><em>καὶ</em></strong></span> <span class='ocrx_word' id='word_1_266' title='bbox 1027 3505 1107 3589; x_wconf 82' lang='grc' dir='ltr'><strong><em>τῇ</em></strong></span> <span class='ocrx_word' id='word_1_267' title='bbox 1153 3497 1466 3591; x_wconf 74' lang='grc' dir='ltr'><strong><em>ἀειφυγίᾳ</em></strong></span> <span class='ocrx_word' id='word_1_268' title='bbox 1509 3505 1933 3586; x_wconf 82' lang='grc' dir='ltr'><strong><em>κατακριθεὶς</em></strong></span> <span class='ocrx_word' id='word_1_269' title='bbox 1980 3495 2021 3588; x_wconf 81' lang='grc' dir='ltr'><em>ἢ</em></span> <span class='ocrx_word' id='word_1_270' title='bbox 2064 3501 2331 3584; x_wconf 86' lang='grc' dir='ltr'><strong><em>δέσμιος</em></strong></span> <span class='ocrx_word' id='word_1_271' title='bbox 2376 3495 2543 3568; x_wconf 76' lang='grc' dir='ltr'><strong><em>εἶναι</em></strong></span> 
     </span>
     <span class='ocr_line' id='line_1_33' title="bbox 208 3598 2544 3693; baseline 0 -24"><span class='ocrx_word' id='word_1_272' title='bbox 208 3605 317 3670; x_wconf 85' lang='grc' dir='ltr'><strong><em>καὶ</em></strong></span> <span class='ocrx_word' id='word_1_273' title='bbox 363 3602 431 3669; x_wconf 77' lang='grc' dir='ltr'><strong><em>ἐν</em></strong></span> <span class='ocrx_word' id='word_1_274' title='bbox 477 3605 734 3692; x_wconf 75' lang='grc' dir='ltr'><strong><em>φυλακῇ</em></strong></span> <span class='ocrx_word' id='word_1_275' title='bbox 781 3603 1234 3689; x_wconf 70' lang='grc' dir='ltr'><strong><em>ἐγκεκλεῖσθαι</em></strong></span> <span class='ocrx_word' id='word_1_276' title='bbox 1277 3601 1431 3690; x_wconf 70' lang='grc' dir='ltr'><strong><em>παρ’</em></strong></span> <span class='ocrx_word' id='word_1_277' title='bbox 1485 3600 1640 3693; x_wconf 79' lang='grc' dir='ltr'><strong><em>ὅλην</em></strong></span> <span class='ocrx_word' id='word_1_278' title='bbox 1671 3599 1873 3672; x_wconf 74' lang='grc' dir='ltr'><strong><em>αὐτοῦ</em></strong></span> <span class='ocrx_word' id='word_1_279' title='bbox 1917 3603 2034 3691; x_wconf 84' lang='grc' dir='ltr'><strong><em>τὴν</em></strong></span> <span class='ocrx_word' id='word_1_280' title='bbox 2066 3602 2252 3692; x_wconf 81' lang='grc' dir='ltr'><strong><em>ζωὴν,</em></strong></span> <span class='ocrx_word' id='word_1_281' title='bbox 2302 3598 2544 3691; x_wconf 75' lang='grc' dir='ltr'><strong><em>εὑρεθῇ</em></strong></span> 
     </span>
     <span class='ocr_line' id='line_1_34' title="bbox 208 3702 2543 3794; baseline -0 -24"><span class='ocrx_word' id='word_1_282' title='bbox 208 3702 438 3784; x_wconf 74' lang='grc' dir='ltr'><strong><em>ἄνετος</em></strong></span> <span class='ocrx_word' id='word_1_283' title='bbox 481 3704 954 3791; x_wconf 78' lang='grc' dir='ltr'><strong><em>ἐμπεριπατῶν</em></strong></span> <span class='ocrx_word' id='word_1_284' title='bbox 985 3706 1154 3773; x_wconf 75' lang='grc' dir='ltr'><strong><em>ἔνθα</em></strong></span> <span class='ocrx_word' id='word_1_285' title='bbox 1180 3706 1296 3773; x_wconf 88' lang='grc' dir='ltr'><strong><em>τὸν</em></strong></span> <span class='ocrx_word' id='word_1_286' title='bbox 1327 3705 1536 3794; x_wconf 86' lang='grc' dir='ltr'><strong><em>φόνον</em></strong></span> <span class='ocrx_word' id='word_1_287' title='bbox 1567 3705 1935 3794; x_wconf 77' lang='grc' dir='ltr'><strong><em>εἰργάσατο,</em></strong></span> <span class='ocrx_word' id='word_1_288' title='bbox 1983 3707 2252 3790; x_wconf 88' lang='grc' dir='ltr'><strong><em>δέσμιος</em></strong></span> <span class='ocrx_word' id='word_1_289' title='bbox 2296 3705 2480 3787; x_wconf 81' lang='grc' dir='ltr'><strong><em>παρὰ</em></strong></span> <span class='ocrx_word' id='word_1_290' title='bbox 2497 3709 2543 3739; x_wconf 80' lang='lat'><strong><em>³²</em></strong></span> 
     </span>
     <span class='ocr_line' id='line_1_35' title="bbox 207 3803 2538 3894; baseline -0 -24"><span class='ocrx_word' id='word_1_291' title='bbox 207 3809 326 3871; x_wconf 80' lang='grc' dir='ltr'><strong><em>τοῦ</em></strong></span> <span class='ocrx_word' id='word_1_292' title='bbox 381 3805 548 3873; x_wconf 83' lang='grc' dir='ltr'><strong><em>κατὰ</em></strong></span> <span class='ocrx_word' id='word_1_293' title='bbox 599 3805 819 3892; x_wconf 86' lang='grc' dir='ltr'><strong><em>χώραν</em></strong></span> <span class='ocrx_word' id='word_1_294' title='bbox 861 3804 1234 3893; x_wconf 88' lang='grc' dir='ltr'><strong><em>πράκτορος</em></strong></span> <span class='ocrx_word' id='word_1_295' title='bbox 1277 3803 1818 3894; x_wconf 80' lang='grc' dir='ltr'><strong><em>ἀποσταλήσεται</em></strong></span> <span class='ocrx_word' id='word_1_296' title='bbox 1874 3807 1967 3886; x_wconf 78' lang='grc' dir='ltr'><strong><em>εἰς</em></strong></span> <span class='ocrx_word' id='word_1_297' title='bbox 2021 3805 2138 3892; x_wconf 88' lang='grc' dir='ltr'><strong><em>τὴν</em></strong></span> <span class='ocrx_word' id='word_1_298' title='bbox 2194 3806 2538 3891; x_wconf 82' lang='grc' dir='ltr'><strong><em>βασιλείαν</em></strong></span> 
     </span>
     <span class='ocr_line' id='line_1_36' title="bbox 207 3903 2542 3994; baseline -0.001 -22"><span class='ocrx_word' id='word_1_299' title='bbox 207 3928 370 3990; x_wconf 86' lang='grc' dir='ltr'><strong><em>μου·</em></strong></span> <span class='ocrx_word' id='word_1_300' title='bbox 413 3910 521 3974; x_wconf 85' lang='grc' dir='ltr'><strong><em>καὶ</em></strong></span> <span class='ocrx_word' id='word_1_301' title='bbox 568 3903 696 3973; x_wconf 76' lang='grc' dir='ltr'><strong><em>ὅσα</em></strong></span> <span class='ocrx_word' id='word_1_302' title='bbox 741 3908 812 3972; x_wconf 83' lang='grc' dir='ltr'><strong><em>δὲ</em></strong></span> <span class='ocrx_word' id='word_1_303' title='bbox 841 3905 992 3974; x_wconf 90' lang='grc' dir='ltr'><strong><em>τότε</em></strong></span> <span class='ocrx_word' id='word_1_304' title='bbox 1020 3911 1530 3994; x_wconf 82' lang='grc' dir='ltr'><strong><em>παρευρεθῶσιν</em></strong></span> <span class='ocrx_word' id='word_1_305' title='bbox 1561 3903 1738 3993; x_wconf 78' lang='grc' dir='ltr'><strong><em>αὐτῷ</em></strong></span> <span class='ocrx_word' id='word_1_306' title='bbox 1769 3906 2145 3992; x_wconf 86' lang='grc' dir='ltr'><strong><em>πράγματα,</em></strong></span> <span class='ocrx_word' id='word_1_307' title='bbox 2193 3906 2287 3984; x_wconf 83' lang='grc' dir='ltr'><strong><em>εἰς</em></strong></span> <span class='ocrx_word' id='word_1_308' title='bbox 2315 3906 2542 3991; x_wconf 84' lang='grc' dir='ltr'><strong><em>κέρδος</em></strong></span> 
     </span>
     <span class='ocr_line' id='line_1_37' title="bbox 211 4005 2543 4095; baseline 0 -23"><span class='ocrx_word' id='word_1_309' title='bbox 211 4005 399 4074; x_wconf 72' lang='grc' dir='ltr'><strong><em>ἔσται</em></strong></span> <span class='ocrx_word' id='word_1_310' title='bbox 451 4012 545 4094; x_wconf 78' lang='grc' dir='ltr'><strong><em>τῷ</em></strong></span> <span class='ocrx_word' id='word_1_311' title='bbox 594 4006 922 4094; x_wconf 87' lang='grc' dir='ltr'><strong><em>πράκτορι</em></strong></span> <span class='ocrx_word' id='word_1_312' title='bbox 974 4011 1085 4074; x_wconf 84' lang='grc' dir='ltr'><strong><em>καὶ</em></strong></span> <span class='ocrx_word' id='word_1_313' title='bbox 1135 4012 1229 4093; x_wconf 77' lang='grc' dir='ltr'><strong><em>τῷ</em></strong></span> <span class='ocrx_word' id='word_1_314' title='bbox 1285 4007 1401 4075; x_wconf 72' lang='grc' dir='ltr'><strong><em>τὸν</em></strong></span> <span class='ocrx_word' id='word_1_315' title='bbox 1459 4013 1668 4095; x_wconf 83' lang='grc' dir='ltr'><strong><em>φονέα</em></strong></span> <span class='ocrx_word' id='word_1_316' title='bbox 1721 4005 2252 4093; x_wconf 85' lang='grc' dir='ltr'><strong><em>καταμηνύσαντι</em></strong></span> <span class='ocrx_word' id='word_1_317' title='bbox 2306 4005 2543 4088; x_wconf 73' lang='grc' dir='ltr'><strong><em>ἐπίσης</em></strong></span> 
     </span>
    </p>
   </div>
   <div class='ocr_carea' id='block_1_5' title="bbox 208 4103 2574 4215">
    <p class='ocr_par' dir='ltr' id='par_1_6' title="bbox 208 4103 2574 4215">
     <span class='ocr_line' id='line_1_38' title="bbox 208 4103 2574 4215; baseline 0.001 -42"><span class='ocrx_word' id='word_1_318' title='bbox 208 4103 365 4194; x_wconf 79' lang='grc' dir='ltr'><strong><em>παρ’</em></strong></span> <span class='ocrx_word' id='word_1_319' title='bbox 413 4103 629 4177; x_wconf 74' lang='grc' dir='ltr'><strong><em>αὐτῶν</em></strong></span> <span class='ocrx_word' id='word_1_320' title='bbox 669 4109 1079 4196; x_wconf 86' lang='grc' dir='ltr'><strong><em>μεριζόμενα.</em></strong></span> <span class='ocrx_word' id='word_1_321' title='bbox 1124 4108 1396 4196; x_wconf 85' lang='grc' dir='ltr'><strong><em>μελήσει</em></strong></span> <span class='ocrx_word' id='word_1_322' title='bbox 1420 4109 1494 4176; x_wconf 79' lang='grc' dir='ltr'><strong><em>δὲ</em></strong></span> <span class='ocrx_word' id='word_1_323' title='bbox 1524 4107 1795 4185; x_wconf 87' lang='grc' dir='ltr'><strong><em>πάντως</em></strong></span> <span class='ocrx_word' id='word_1_324' title='bbox 1821 4109 1929 4174; x_wconf 83' lang='grc' dir='ltr'><strong><em>καὶ</em></strong></span> <span class='ocrx_word' id='word_1_325' title='bbox 1959 4117 2108 4185; x_wconf 79' lang='grc' dir='ltr'><strong><em>τοῖς</em></strong></span> <span class='ocrx_word' id='word_1_326' title='bbox 2136 4106 2203 4174; x_wconf 78' lang='grc' dir='ltr'><strong><em>έν</em></strong></span> <span class='ocrx_word' id='word_1_327' title='bbox 2233 4111 2313 4195; x_wconf 82' lang='grc' dir='ltr'><strong><em>τῇ</em></strong></span> <span class='ocrx_word' id='word_1_328' title='bbox 2345 4103 2574 4215; x_wconf 31' lang='grc' dir='ltr'><strong><em>ἆγιωῇ</em></strong></span> 
     </span>
    </p>
   </div>
   <div class='ocr_carea' id='block_1_6' title="bbox 206 4340 2542 4571">
    <p class='ocr_par' dir='ltr' id='par_1_7' title="bbox 206 4340 2542 4571">
     <span class='ocr_line' id='line_1_39' title="bbox 344 4340 2542 4419; baseline 0 -20"><span class='ocrx_word' id='word_1_329' title='bbox 344 4345 387 4376; x_wconf 78' lang='lat'><strong><em>²⁹</em></strong></span> <span class='ocrx_word' id='word_1_330' title='bbox 420 4350 548 4400; x_wconf 76' lang='lat' dir='ltr'><strong>Bals.</strong></span> <span class='ocrx_word' id='word_1_331' title='bbox 581 4343 707 4419; x_wconf 83' lang='grc' dir='ltr'><strong><em>παρ’</em></strong></span> <span class='ocrx_word' id='word_1_332' title='bbox 732 4343 860 4401; x_wconf 76' lang='grc' dir='ltr'><strong><em>ὅλον</em></strong></span> <span class='ocrx_word' id='word_1_333' title='bbox 886 4350 983 4412; x_wconf 79' lang='grc' dir='ltr'><strong><em>τῆς·</em></strong></span> <span class='ocrx_word' id='word_1_334' title='bbox 1005 4349 1143 4412; x_wconf 77' lang='grc' dir='ltr'><strong><em>ζωῆς</em></strong></span> <span class='ocrx_word' id='word_1_335' title='bbox 1178 4342 1348 4401; x_wconf 77' lang='grc' dir='ltr'><strong><em>αι’·τοῦ</em></strong></span> <span class='ocrx_word' id='word_1_336' title='bbox 1385 4343 1613 4416; x_wconf 83' lang='grc' dir='ltr'><strong><em>διάγειν.</em></strong></span> <span class='ocrx_word' id='word_1_337' title='bbox 1722 4346 1763 4376; x_wconf 81' lang='lat'><strong><em>³⁰</em></strong></span> <span class='ocrx_word' id='word_1_338' title='bbox 1797 4350 1868 4400; x_wconf 82' lang='grc' dir='ltr'><strong><em>ΑΙ.</em></strong></span> <span class='ocrx_word' id='word_1_339' title='bbox 1888 4342 1960 4397; x_wconf 80' lang='grc' dir='ltr'><strong><em>ἂν</em></strong></span> <span class='ocrx_word' id='word_1_340' title='bbox 1970 4340 2168 4416; x_wconf 77' lang='grc' dir='ltr'><strong><em>μάθοι.</em></strong></span> <span class='ocrx_word' id='word_1_341' title='bbox 2276 4344 2311 4375; x_wconf 79' lang='lat'><strong><em>⁸¹</em></strong></span> <span class='ocrx_word' id='word_1_342' title='bbox 2351 4348 2542 4399; x_wconf 71' lang='lat' dir='ltr'>Leuncl.</span> 
     </span>
     <span class='ocr_line' id='line_1_40' title="bbox 206 4427 1042 4501; baseline -0.005 -13"><span class='ocrx_word' id='word_1_343' title='bbox 206 4427 617 4501; x_wconf 70' lang='grc' dir='ltr'><strong><em>ἐξομολόγησιν.</em></strong></span> <span class='ocrx_word' id='word_1_344' title='bbox 756 4434 798 4463; x_wconf 79' lang='lat'><strong><em>⁸²</em></strong></span> <span class='ocrx_word' id='word_1_345' title='bbox 830 4437 898 4488; x_wconf 81' lang='grc' dir='ltr'><strong><em>ΑΙ.</em></strong></span> <span class='ocrx_word' id='word_1_346' title='bbox 935 4430 1042 4486; x_wconf 80' lang='grc' dir='ltr'><strong><em>διὰ.</em></strong></span> 
     </span>
     <span class='ocr_line' id='line_1_41' title="bbox 313 4520 2131 4571; baseline -0.001 -1"><span class='ocrx_word' id='word_1_347' title='bbox 313 4521 390 4571; x_wconf 85' lang='grc' dir='ltr'><strong><em>ΙΙΙ.</em></strong></span> <span class='ocrx_word' id='word_1_348' title='bbox 2073 4520 2131 4568; x_wconf 81' lang='lat'><strong><em>31</em></strong></span> 
     </span>
    </p>
   </div>
  </div>
 </body>
</html>
