2900 4950
387 246 512 308 550
1260 256 1378 306 con.
1417 257 1489 306 iv.
1561 256 1673 306 Nov.
1715 256 1845 306 xcv.

385 408 703 490 Imperiu'm
749 424 946 467 meum
987 406 1077 466 vel
1118 425 1228 486 per
1269 415 1535 486 tempora
1582 405 1947 486 Imperatori,
2001 404 2152 466 sicut
2195 404 2255 465 in
2300 404 2426 483 ipsa
2474 406 2757 466 conven-

385 513 545 572 tione
588 509 933 581 declaratur,
981 526 1082 567 eos
1127 507 1425 587 adJuvare,
1474 518 1649 586 prout
1687 508 1928 567 deberet
1971 505 2246 585 adjuvare
2291 525 2468 566 unam
2502 507 2580 566 de
2612 527 2756 567 ma·-

383 613 516 692 gnis
569 609 894 672 civitatibus
938 609 1240 669 Romanie.
1332 609 1616 688 Insuper,
1664 609 1714 670 si
1760 619 1818 669 et
1862 608 2177 687 Imperium
2227 625 2421 667 meum
2467 616 2572 668 aut
2618 608 2752 668 lm-

382 712 642 793 peraturi
673 710 875 770 fecerit
903 728 1163 770 amorem
1195 719 1295 770 aut
1325 720 1589 787 treguam
1620 728 1751 770 cum
1784 710 1979 788 aliquo
2009 709 2266 781 inimico,
2313 716 2516 769 contra
2552 727 2746 787 quem

325 870 334 877 ,
384 812 691 874 servierint
735 811 984 889 lmperio
1029 820 1252 883 nostro,
1299 810 1475 871 debet
1519 810 1833 890 Imperium
1881 820 2145 870 nostrum
2193 828 2294 869 eos
2338 809 2626 869 inducere
2675 810 2744 869 in

384 913 560 976 talem
606 913 766 972 illum
812 928 1070 972 amorem
1116 911 1204 970 vel
1248 920 1537 988 treguam.
2390 928 2396 934 ·

552 1013 843 1074 Promittit
885 1020 945 1072 et
988 1013 1072 1072 eis
1117 1011 1408 1072 licentiam
1457 1010 1673 1071 babere
1716 1010 1777 1069 in
1814 1009 2088 1071 omnibus
2120 1009 2458 1087 regionibus
2488 1010 2741 1089 Imperii

383 1114 518 1188 mei,
565 1123 682 1175 tam
729 1113 789 1173 in
836 1112 969 1185 hiis,
1018 1132 1132 1191 que
1179 1113 1371 1172 circha
1417 1112 1556 1172 litus
1600 1120 1757 1183 sunt,
1804 1129 1979 1189 quam
2026 1120 2085 1171 et
2129 1111 2186 1170 in
2234 1109 2365 1183 hiis,
2413 1130 2528 1188 que
2576 1112 2740 1172 infra

383 1224 630 1288 terram,
676 1224 735 1274 et
777 1214 836 1274 in
882 1212 1034 1292 ipsis
1071 1212 1310 1286 insulis,
1358 1221 1416 1272 et
1460 1211 1803 1290 simpliciter
1843 1211 1903 1271 in
1950 1210 2224 1271 omnibus
2271 1211 2565 1293 partibus,
2612 1232 2742 1291 que

385 1315 496 1376 sub
552 1323 840 1394 potestate
897 1322 1098 1374 nostre
1155 1313 1249 1391 pie
1309 1322 1449 1372 sunt
1491 1310 1956 1391 tranquillitatiS,
2024 1331 2259 1371 omnem
2307 1314 2738 1374 mercationem

382 1433 673 1487 exercere,
719 1423 778 1474 et
820 1432 1016 1473 emere
1061 1423 1236 1492 atque
1281 1414 1533 1472 vendere
1578 1432 1813 1473 omnem
1859 1413 2115 1491 speciem
2147 1413 2207 1473 in
2242 1413 2583 1490 regionibus
2614 1414 2739 1474 lm-

382 1516 528 1596 perii
574 1514 691 1574 mei
735 1523 1105 1586 nascentem,
1153 1521 1214 1574 et
1255 1530 1324 1573 ex
1369 1512 1495 1573 aliis
1542 1513 1879 1592 regionibus
1924 1515 1984 1574 in
2030 1521 2131 1574 eas
2176 1514 2405 1574 allatam
2453 1513 2576 1575 sive
2624 1534 2739 1593 per

382 1632 559 1676 naves
603 1633 713 1693 per
755 1633 945 1687 mare,
1006 1614 1125 1674 sive
1171 1630 1277 1692 per
1319 1615 1569 1673 samaria
1618 1614 1703 1675 vel
1749 1615 2005 1695 plaustra
2052 1634 2160 1693 per
2202 1624 2448 1687 terram;
2510 1623 2573 1675 et
2618 1634 2736 1675 nec

384 1716 739 1777 comercium
785 1723 887 1774 aut
930 1712 1239 1792 pedagium
1285 1714 1750 1795 vel-passagium
1797 1726 1899 1777 aut
1928 1715 2335 1775 samariaticon
2369 1715 2459 1774 vel
2489 1727 2737 1793 portua-

383 1817 536 1878 ticon
586 1827 682 1876 aut
728 1815 1091 1875 savuraticon
1139 1823 1241 1876 aut
1284 1834 1459 1876 causa
1505 1816 1791 1877 onerandi
1835 1825 1935 1877 aut
1978 1815 2346 1888 scalaticnm,
2395 1834 2507 1876 nec
2550 1816 2732 1879 aliam

380 1917 634 1996 aliquam
690 1934 904 1975 census
961 1915 1388 1994 appeticionem
1448 1937 1480 1977 a
1540 1916 1782 1978 navibus
1838 1918 1899 1978 in
1948 1917 2291 1978 Romaniam
2352 1915 2728 1979 venientibus

379 2017 470 2079 vel
514 2038 547 2077 a
593 2017 861 2078 samariis
905 2017 993 2077 vel
1036 2017 1314 2096 plaustris
1371 2037 1477 2096 per
1519 2037 1727 2079 omnes
1773 2017 2042 2096 regiones
2087 2018 2324 2097 Imperii
2368 2017 2482 2078 mei
2530 2029 2731 2080 trans-

383 2119 658 2181 euntibus
701 2138 772 2178 ex
817 2118 1244 2179 consuetudine
1289 2119 1615 2178 exactumm
1656 2119 1976 2197 exigentur.

547 2220 799 2298 Insuper
840 2228 916 2292 et,
963 2219 1240 2297 quoniam
1281 2218 1345 2279 in
1392 2219 1740 2298 quibusdam
1789 2219 2125 2299 regionibus
2156 2220 2391 2298 Imperii
2440 2220 2555 2281 mei
2601 2240 2731 2281 mo-

378 2321 606 2382 lestiam
651 2330 712 2380 et
753 2318 1187 2379 infestationem
1236 2337 1354 2379 non
1399 2317 1638 2399 parvam
1675 2321 1982 2382 veneticos
2027 2320 2280 2400 Imperio
2328 2339 2459 2381 meo
2502 2321 2729 2382 fidelis-

379 2422 559 2483 simos
575 2421 614 2453 ¹⁷
653 2420 776 2500 jam
824 2419 959 2481 dicti
1003 2419 1450 2498 prudentissimi
1496 2421 1667 2500 legati
1699 2421 1955 2496 venetie,
2000 2421 2210 2483 Petrus
2239 2422 2486 2483 Michael
2517 2431 2577 2484 et
2608 2422 2727 2484 Oc-

309 2529 314 2534 ’
378 2512 990 2595 tavianus'QuirinuS,
1038 2540 1170 2584 meo
1215 2539 1562 2600 suggessere
1607 2523 1880 2602 Imperio,
1927 2541 1996 2583 eo
2042 2524 2199 2602 quod
2245 2523 2401 2583 clare
2445 2523 2507 2584 in
2552 2524 2724 2603 chry·

377 2622 620 2684 soboliis
661 2621 827 2699 prius
871 2622 957 2682 eis
1002 2622 1169 2683 sactis
1212 2622 1339 2702 ipse
1386 2641 1507 2683 non
1550 2624 1671 2685 sint
1713 2624 2010 2685 ordinate:
2060 2624 2371 2703 Imperium
2421 2641 2617 2685 meum
2662 2645 2724 2701 et

382 2743 413 2784 a
461 2723 561 2783 tali
607 2720 872 2782 molestia
919 2721 1118 2783 volens
1161 2723 1536 2784 fidelissimos
1581 2734 1640 2785 et
1682 2725 1989 2786 veneticos
2033 2725 2299 2799 liberare,
2347 2734 2405 2786 et
2451 2727 2722 2786 nomina-

376 2823 478 2884 tim
527 2841 734 2884 omnes
779 2824 1067 2902 regiones,
1113 2843 1227 2903 que
1271 2824 1381 2884 sub
1429 2824 1710 2886 Romania
1756 2835 1913 2899 sunt,
1958 2826 2017 2885 in
2066 2826 2277 2905 quibus
2324 2828 2572 2887 mercari
2618 2827 2720 2888 de·

375 2924 550 2998 bent,
618 2925 892 2986 ordinare
951 2926 1012 2984 in
1071 2926 1335 3004 presenti
1393 2925 1742 3004 chrysobulo
1788 2945 1920 2987 meo
1962 2926 2182 3006 placuit
2225 2927 2507 3007 Imperio?
2590 2929 2718 2999 Que

374 3035 514 3087 sunt
572 3026 682 3087 iste
728 3025 1019 3086 videlicet:
1089 3025 1381 3110 Provintia
1427 3025 1772 3087 Dirrachii'⁸
1816 3047 1948 3089 cum
1995 3028 2139 3102 iliis,
2199 3048 2312 3107 que
2356 3029 2416 3089 in
2464 3049 2532 3090 ea
2578 3039 2721 3091 sunt

373 3135 760 3206 personarum
819 3136 878 3187 et
933 3125 1309 3201 ecclesiarum
1371 3127 1791 3188 immobilibus,
1844 3129 2180 3220 xProvincia
2225 3129 2460 3191 Jericho
2504 3140 2565 3191 et
2608 3132 2720 3192 Ca·-

372 3226 558 3288 ninon
603 3246 735 3288 cnm
782 3227 1056 3288 omnibus
1115 3228 1172 3287 in
1219 3246 1286 3287 ea
1334 3227 1731 3289 immobilibus
1777 3230 2180 3290 existentibus.
2269 3230 2569 3291 Provincia
2614 3232 2721 3292 Jo-

371 3329 612 3389 aninon.
691 3329 987 3389 Provincia
1036 3327 1471 3406 Drynupoleos3
1518 3329 1787 3390 similiter
1828 3331 2123 3409 provincia
2169 3331 2497 3409 DyavoleoS.
2568 3331 2715 3391 Pro·

371 3430 556 3488 vincia
615 3428 874 3489 Colonie.
965 3428 1265 3488 Provincia
1322 3430 1641 3508 Achrydos.
1728 3430 2030 3491 Provincia
2086 3431 2324 3510 Prespe.
2410 3432 2719 3496 Provincia

372 3529 653 3590 Castorie.
719 3529 1019 3589 Provincia
1052 3530 1314 3590 Servion.
1389 3530 1691 3592 Provincia
1721 3531 1987 3593 Triadice
2032 3542 2089 3592 et
2130 3532 2507 3594 Vvelevusdii.
2572 3534 2719 3594 Pro-

369 3629 555 3691 vincia
599 3629 721 3690 Nisi
768 3640 826 3691 et
866 3630 1201 3690 Vranisove.
1293 3630 1592 3692 Provincia
1641 3633 1850 3711 Scopie
1906 3651 2039 3693 cum
2107 3633 2405 3713 episkepsi
2450 3635 2712 3698 Coriton.

371 3731 671 3793 Provincia
732 3730 1035 3810 Sagorion.
1127 3730 1427 3791 Provincia
1494 3732 1787 3793 Malesovii
1853 3742 1911 3794 et
1968 3733 2319 3795 Morovisdii.
2410 3736 2713 3798 Provincia

371 3834 680 3895 Strumice.
771 3831 1068 3893 Provincia
1117 3830 1329 3911 Prilapi
1388 3842 1446 3893 et
1490 3832 1802 3911 Pelagonie
1860 3852 1929 3893 ac
1968 3833 2260 3913 Molyscii,
2322 3855 2432 3896 nec
2490 3856 2607 3897 non
2655 3847 2720 3900 et

367 3934 666 4014 Mogreno.
737 3933 1032 3994 Provincia
1080 3932 1280 3994 Verias
1324 3952 1456 3994 cum
1504 3935 1870 4013 catepanikio
1917 3934 2090 3995 Cetri.
2167 3935 2467 3997 Provincia
2502 3938 2717 4011 Voleri,

369 4035 702 4098 strimonos
753 4045 814 4097 et
854 4032 1321 4100 Thessalonicen.
1409 4034 1713 4096 Provincia
1756 4035 2077 4115 Nicopolon
2124 4055 2258 4097 cnm
2303 4038 2718 4118 episkepsibus

987 4189 1067 4197 -v—

501 4265 539 4293 ¹⁶
594 4269 715 4328 Lege
769 4278 991 4320 exactam.
1232 4269 1267 4296 ¹⁷
1318 4271 1540 4320 Editores
1591 4271 1781 4320 volunt:
1848 4274 2155 4324 veneticorum
2206 4298 2269 4309 -
2324 4275 2719 4337 fidelissimorum.

376 4345 414 4373 '⁸
452 4349 778 4412 Geograpbicn
815 4353 993 4414 optime
1029 4354 1278 4403 illustravit
1311 4357 1521 4406 Telelins
1557 4357 1587 4407 l.
1623 4357 1653 4405 l.
1686 4357 1740 4405 in
1777 4356 2186 4420 adnotationibus,
2224 4371 2345 4421 quas
2381 4358 2600 4409 consule.

2862 4357 2876 4392 4
