2900 4950
371 233 497 296 562
1257 239 1376 290 coti.
1415 241 1486 290 ιν.
1559 240 1671 290 nov.
1709 239 1839 293 xcv.
1926 285 1939 296 ,

377 397 532 479 quod
573 396 842 458 deberet'
871 393 1138 473 accipere
1195 392 1374 452 fiscus
1429 390 1517 451 vel
1563 399 1798 470 praetor
1841 389 1995 451 illius
2038 389 2328 469 regionis,
2394 389 2459 450 in
2500 408 2625 469 qua
2680 393 2753 453 nt

341 497 677 571 ,mercatio,
724 494 838 556 nisi
875 493 1163 556 veneticis
1208 493 1322 553 boc
1364 491 1735 565 venderetur,
1781 492 1883 553 sed
1931 490 2271 555 bominibus
2314 493 2747 553 commertium

377 602 519 685 dare
563 595 935 660 debentibus.
1011 595 1206 656 Placet
1249 592 1405 655 enim
1452 592 1706 673 Imperio
1754 611 1905 666 meo,
1953 590 2176 652 6111111111
2208 610 2435 665 eorum,
2481 594 2587 672 qui
2618 594 2746 654 61111

376 708 670 782 potestate
715 697 949 779 Imperii
995 697 1394 757 Romanorum
1439 704 1581 756 611111
1623 702 1683 755 61
1724 712 1857 755 61161
1903 692 2195 755 veneticis
2240 703 2599 767 mercantur,
2676 695 2743 759 in

376 802 652 863 omnibus
707 797 1046 879 regionibus
1090 795 1326 876 Imperii
1384 794 1532 869 mei,
1590 795 1887 869 sive‚cum
1933 794 2020 855 eis
2063 794 2392 857 vendiderit
2433 805 2537 856 aut
2579 795 2744 857 adeo

379 922 512 967 cum
558 902 755 981 aliquo
799 899 1017 980 aliquid
1078 896 1315 971 emerit,
1373 897 1515 959 dare
1574 895 1885 974 quicquam
1931 913 2040 974 pro
2084 896 2437 956 commercio
2482 897 2572 957 vei
2614 916 2742 976 pm

378 1004 571 1084 aliqua
631 1001 740 1063 alia
799 1000 1134 1073 exactione;
1195 999 1300 1060 sed
1344 1016 1449 1059 666
1494 1015 1627 1058 6666
1671 996 1920 1071 11116166,
1971 1006 2269 1076 tamquam
2316 1007 2377 1059 et
2418 997 2566 1078 ipsi,
2628 999 2739 1078 qui

376 1102 791 1166 commercium
838 1103 979 1163 dare
1024 1099 1376 1161 debentibus
1418 1107 1774 1160 mercamur.
1864 1098 1923 1158 Si
1972 1097 2105 1177 quis
2149 1117 2284 1159 vero
2328 1117 2509 1160 ausus
2554 1100 2743 1161 fuerit

379 1207 437 1266 in
486 1205 681 1285 aliquo
726 1222 827 1265 eos
871 1202 1220 1282 inquietare,
1268 1201 1355 1262 vel
1399 1199 1616 1279 aliquid
1662 1199 1737 1260 ab
1780 1198 1867 1260 eis
1912 1200 2174 1271 auferre,
2220 1219 2333 1278 qua
2382 1219 2596 1279 magua
2646 1201 2737 1262 ira

379 1305 615 1386 Imperii
662 1304 776 1365 mei
823 1304 934 1365 erit
977 1302 1366 1375 infestandus,
1413 1311 1474 1362 et
1517 1301 1674 1380 quod
1709 1301 2026 1373 auferetur,
2073 1299 2132 1360 in
2166 1300 2561 1380 quadruplum
2594 1303 2740 1364 red·

380 1409 627 1469 diturus.
715 1405 792 1466 Et
847 1405 955 1467 hec
1009 1403 1244 1483 quidem
1303 1403 1376 1464 de
1433 1402 1704 1463 libertate
1750 1401 2244 1463 fidenissimorum
2292 1402 2547 1480 Imperio
2594 1423 2737 1465 11166

380 1509 807 1576 veneticorum,
855 1522 1028 1582 quam
1075 1504 1134 1564 iu
1181 1504 1344 1577 omni
1387 1512 1735 1565 tenemento
1782 1503 2016 1582 Imperii
2063 1504 2175 1564 mei
2223 1502 2543 1565 habebunt·

549 1609 901 1685 Insuper,
957 1604 1238 1684 quoniam
1281 1605 1517 1684 quidem
1556 1603 1685 1684 jam
1729 1604 1867 1665 dicti
1912 1604 2082 1683 legati
2129 1604 2574 1684 prudentissimi
2622 1606 2737 1667 Ve-

380 1710 565 1782 netie,
603 1706 831 1769 ’Petrus
886 1704 1131 1769 Michael
1185 1714 1248 1766 et
1303 1705 1658 1767 Octavianus
1714 1706 2028 1780 Quirinus„
2086 1704 2413 1767 retulerunt
2468 1706 2734 1786 Imperio

380 1830 544 1881 meo,
604 1808 739 1888 quia
785 1827 856 1869 ex
902 1827 1018 1869 non
1065 1806 1287 1887 scripto
1332 1826 1522 1886 usque
1566 1816 1625 1868 et
1668 1826 1827 1868 nunc
1870 1805 2066 1867 causis
2110 1807 2369 1869 inductis
2406 1807 2483 1868 ab
2530 1808 2735 1888 atiquo

383 1910 703 1973 Grecortnn
748 1919 951 1971 contra
997 1906 1253 1989 aliquem
1297 1908 1667 1981 Veneticum,
1712 1926 1745 1967 a
1791 1906 1983 1986 legato
2028 1899 2264 1970 venetie
2309 1927 2417 1988 per
2458 1918 2732 1989 tempora

389 2014 450 2074 in
499 2031 710 2092 magna
759 2011 902 2072 urbe
947 2010 1234 2072 existente
1270 2008 1550 2089 judicatis
1595 2019 1655 2070 et
1698 2008 1923 2082 solutis,
1969 2009 2265 2075 interdum
2313 2010 2554 2089 quidam
2584 2011 2734 2072 Gre-

383 2134 585 2177 rorum
633 2113 983 2193 quibusdam
1029 2111 1278 2173 civilium
1327 2110 1595 2190 judicum
1652 2110 1738 2171 vel
1802 2111 1863 2171 in
1923 2110 2138 2189 palatio
2182 2110 2416 2191 Imperii
2465 2112 2582 2173 mei
2626 2133 2733 2175 cu-

380 2216 756 2279 stodientium
803 2213 1148 2275 accedentes
1192 2212 1586 2275 adtractiones
1629 2211 2002 2290 gravissimas
2056 2212 2441 2275 tidellissimis
2468 2214 2730 2294 Imperio

379 2334 514 2383 meo
548 2316 838 2379 veneticis
880 2313 1366 2393 superinducunt,
1412 2323 1474 2374 et
1517 2312 1575 2373 in
1622 2331 1918 2374 carcerem
1964 2314 2186 2401 reti-mli
2232 2334 2335 2376 666
2380 2315 2622 2390 faciunt,
2668 2328 2729 2381 61

381 2420 656 2482 omnibus
712 2417 840 2478 aliis
897 2413 1284 2477 dedecoribus
1341 2415 1561 2490 subici3
1629 2414 1925 2495 deprecati
1987 2425 2127 2480 suut
2184 2415 2360 2496 igitur
2404 2417 2727 2498 Imperium

381 2540 597 2593 meum,
644 2528 706 2580 ut
749 2528 809 2578 et
854 2517 965 2577 tale
1010 2515 1326 2595 capitulum
1373 2535 1483 2596 per
1525 2534 1774 2595 presens
1811 2516 2225 2596 chrysubulum
2256 2518 2499 2580 verbum
2534 2518 2729 2600 Impe-

381 2623 449 2682 rii
495 2621 608 2680 mei
655 2619 931 2691 solvatur,
977 2627 1036 2679 et
1077 2618 1436 2679 concedatur
1479 2617 1596 2690 eis,
1643 2618 1799 2697 quod
1850 2617 2036 2678 Greco
2083 2618 2321 2698 quidem
2365 2631 2571 2683 contra
2617 2622 2728 2683 Ve-

382 2722 638 2781 neticum
696 2729 924 2798 agente·
950 2719 1009 2780 iu
1056 2717 1378 2799 peccuniali
1424 2737 1632 2791 causa,
1688 2737 1721 2779 a
1766 2719 1959 2798 legato
2001 2720 2272 2794 venetie„
2330 2722 2431 2801 qui
2476 2731 2621 2785 tunc
2662 2725 2724 2787 in

379 2839 589 2899 magna
637 2822 747 2882 erit
791 2821 957 2894 urbe,
993 2820 1282 2901 judicium
1315 2820 1441 2881 fleri
1473 2819 1715 2894 debean
1761 2819 2037 2881 venetico
2066 2838 2205 2881 vero
2233 2832 2438 2885 contra
2471 2823 2724 2888 Grecum

381 2921 649 2984 similiter
692 2933 919 3001 agente,
966 2923 1016 2984 si
1062 2922 1318 3003 quidem,
1364 2921 1464 3001 qui
1509 2930 1654 2982 tunc
1684 2921 1859 2982 fuerit
1886 2921 2270 2984 cancellarius
2300 2923 2462 2996 view,
2510 2925 2571 2985 in
2601 2944 2726 2987 ma-

378 3043 491 3102 gna
539 3024 684 3084 urbe
727 3024 913 3098 iverit,
959 3024 1113 3103 apud
1159 3041 1293 3084 eum
1339 3041 1515 3084 causa
1562 3023 1777 3083 moveri
1823 3032 1883 3085 et
1917 3022 2172 3103 judicari
2214 3024 2456 3087 debeat:
2501 3027 2553 3088 si
2585 3046 2721 3090 vero

381 3128 530 3187 forte
586 3126 713 3204 ipse
770 3126 830 3185 in
889 3143 1096 3203 magna
1141 3123 1287 3185 urbe
1331 3139 1449 3185 666
1497 3123 1702 3198 suerit,
1768 3133 1910 3186 tunc
1952 3126 2110 3205 apud
2154 3144 2432 3206 magnum
2476 3127 2726 3207 legaris·

382 3238 533 3289 stam
564 3246 753 3288 -cause
789 3220 1162 3307 judicentur:
1217 3226 1471 3304 graviter
1514 3225 1751 3305 quidem
1799 3225 2113 3306 Imperium
2160 3246 2357 3289 meum
2401 3228 2574 3290 1616111
2620 3249 2727 3292 66-

381 3347 510 3389 rum
558 3329 782 3408 aceepit
824 3336 884 3388 et
927 3326 1278 3406 peticionem
1324 3336 1383 3389 et
1412 3346 1480 3388 ex
1513 3335 1635 3388 toto
1666 3327 1739 3387 ad
1772 3326 1902 3407 ejus
1931 3328 2422 3407 complementum
2450 3348 2723 3393 annuere

381 3427 691 3490 nolebatffl.
783 3428 896 3488 Sed
943 3427 1224 3507 quonism
1269 3428 1445 3492 6111116
1511 3426 1797 3489 instancia
1841 3428 2228 3508 predeclarati
2270 3430 2445 3510 legati
2484 3431 2559 3492 ad
2606 3430 2725 3494 Im·

379 3530 608 3609 perium
655 3546 850 3590 meum
897 3529 1179 3603 fecerunt,
1225 3538 1286 3591 61
1328 3548 1403 3589 ne
1449 3527 1580 3590 talis
1623 3548 1827 3591 eorum
1873 3530 2215 3610 deprecatio
2254 3551 2375 3593 11611
2419 3533 2724 3596 exaudire-

379 3639 507 3703 tur,
551 3628 781 3708 maguis
824 3631 1099 3710 precibus
1142 3629 1650 3710 supplicaverunt,
1709 3639 1773 3696 ut
1814 3630 1930 3692 hoc
1970 3632 2100 3693 6616
2143 3632 2401 3712 capitulo
2446 3653 2723 3714 separare

381 3731 678 3792 Venetiam
725 3750 759 3791 a
799 3731 1086 3793 Romania
1133 3730 1391 3805 valente,
1438 3730 1755 3811 Imperium
1800 3751 1996 3804 meum
2041 3751 2250 3814 puram
2296 3736 2473 3797 fidem
2518 3746 2578 3799 et
2620 3736 2723 3799 bo-

381 3852 522 3895 11661
566 3832 760 3894 circha
808 3827 1149 3896 Romaniam
1184 3831 1419 3893 venetie
1467 3833 1820 3896 voluntatem
1866 3853 1985 3895 non
2032 3835 2331 3915 ignoraus,
2379 3838 2626 3917 iusuper
2664 3848 2725 3901 et

379 3934 913 4013 predeclaratorum
957 3934 1554 4013 prudentissimorum
1584 3935 1821 3998 Venetis
1850 3935 2194 4016 legatorum,
2242 3938 2395 3999 Petri
2426 3938 2727 4003 Michaelis

383 4044 439 4095 61
471 4034 771 4097 Octaviani
801 4034 1051 4109 Quirini,
1096 4054 1310 4115 magne
1353 4035 1633 4099 instantis
1678 4056 1747 4100 ac
1788 4038 2203 4120 supplicationi
2245 4039 2547 4113 inflexum,
2591 4059 2731 4120 pre·

451 4283 456 4292 ·
516 4264 556 4292 ¹⁹
590 4269 849 4330 Logotheta
877 4270 1040 4322 ,dromi
1078 4272 1280 4322 indicari
1315 4272 1514 4324 videtur.
1586 4273 1713 4323 Infra
1749 4274 1854 4337 „vie
1891 4273 2181 4337 logotheta“.
2287 4273 2332 4303 ⁸⁰
2365 4275 2537 4327 Editus
2572 4276 2725 4329 iiber:
2864 4219 2865 4262 1

381 4351 579 4400 uolebat.
2858 4389 2863 4420 ἱ
