2900 4950
326 246 413 311 22
1256 259 1374 310 con.
1412 259 1448 310 1.
1519 259 1631 310 mov.
1667 259 1745 311 x1.

330 411 608 495 λοτρίων
667 401 784 473 οὐκ
840 406 1181 494 ἐφιεμένη,
1240 401 1279 492 ἡ
1340 406 1413 473 δὲ
1468 403 1642 490 πρὸς
1699 403 1880 472 ἔλεον
1935 408 2256 488 τρέχουσα
2307 405 2418 469 καὶ
2471 406 2683 489 χρεῶν

328 509 484 589 τοὺς
544 511 890 593 δεομένους
944 508 1392 591 ἐλευθεροῦσα
1448 504 1804 573 δυσκόλων.
1890 506 2101 571 ταῦτα
2157 503 2277 593 τὴν
2330 506 2680 591 βασιλείαν

330 606 472 678 οἶδε
512 620 783 692 κοσμεῖν
824 612 933 676 καὶ
979 603 1342 696 άσφαλεῖν,
1399 611 1507 672 καὶ
1563 606 1644 673 τὸ
1699 605 2071 689 πολίτευμα
2129 605 2509 688 διασώζειν,
2565 609 2679 674 καὶ

328 709 444 778 τὸν
500 706 935 796 ἀνθρώπινον
989 711 1206 788 καλῶς
1263 710 1690 794 διακυβερνᾶν
1744 713 1913 793 βίον.
2003 701 2169 772 ὅθεν
2224 710 2333 774 καὶ
2389 703 2550 795 ἡμῖν
2605 708 2678 775 ἐκ

328 814 497 880 θεοῦ
540 810 627 878 τὰ
671 814 973 897 σκῆπτρα
1029 811 1306 895 λαβοῦσι
1360 815 1612 895 γίνεται
1666 806 2253 894 περισπούδαστον
2310 807 2381 875 ἐκ
2419 808 2677 876 τούτων

332 913 409 1001 δὴ
456 915 589 980 τῶν
633 906 911 997 άγαθῶν
956 911 1444 1000 διαφαίνεσθαι
1486 910 1824 996 πράξεων,
1882 908 1997 975 ἵνα
2048 905 2127 974 τό
2166 907 2488 996 χρήσιιιον
2529 921 2677 989 τοῖς

332 1011 658 1102 ὑπηκόοις
683 1019 1083 1099 παρέχοντες
1109 1014 1226 1100 τὴν
1257 1008 1393 1093 ἒξ’
1357 1016 1592 1101 αρετῆς
1620 1039 1691 1080 τε
1718 1015 1826 1079 καὶ
1859 1010 2104 1097 δόξης’
2084 1009 2338 1095 ἔχοιμεν
2369 1006 2672 1099 ἀμοιβήν.

341 1118 530 1202 ἴσμεν
584 1123 806 1183 τοίνυν
860 1114 982 1194 τὰς
1046 1114 1459 1202 ἐπαλλήλους
1522 1140 1597 1182 τε
1660 1140 1768 1182 και
1841 1112 2311 1197 πολυτρόπους
2364 1115 2497 1179 τῶν
2559 1108 2676 1180 άν-

332 1216 637 1303 θριόπων
682 1215 952 1304 φθορὰς
995 1215 1090 1295 εἷς
1130 1219 1447 1283 τοσοῦτον
1480 1215 1601 1294 τὰς
1643 1214 1904 1303 κτήσεις
1944 1225 2333 1300 καταγαγεῖν
2364 1209 2671 1301 άπορίας,

333 1315 423 1398 ῶς
464 1319 630 1406 μηδὲ
674 1317 1053 1404 προσόδους
1097 1316 1383 1403 εἰσάγειν
1426 1316 1765 1384 δύνασθαι
1804 1326 1952 1394 τοῖς
2005 1321 2448 1404 κεκτημένοις,
2509 1317 2672 1404 μηδὲ

328 1420 456 1509 μὴν
487 1418 643 1498 τούς
684 1424 818 1486 τῶν
850 1420 1186 1507 δημοσίων
1220 1415 1560 1504 αύταρκῶς
1591 1418 1981 1503 εἷσκομίζειν
2013 1417 2281 1505 φόρους,
2325 1420 2435 1484 καὶ
2464 1421 2674 1485 ταῦτα

332 1523 808 1608 στρατιωτικῆς
862 1545 935 1587 τε
987 1518 1099 1586 καὶ
1156 1522 1274 1605 τῆς
1329 1517 1532 1606 ἄλλης
1581 1520 1749 1587 κατὰ
1787 1519 1869 1586 τὸ
1911 1514 2266 1605 ἀναγκαῖον
2311 1518 2673 1607 προϊούσης

331 1622 746 1710 ἐπικειμένης
801 1621 1135 1709 δαπάνης,
1191 1625 1299 1688 καὶ
1358 1621 1623 1710 σφόδρα
1679 1620 2112 1708 συνωθούσης
2164 1617 2337 1710 ἡμᾶς
2392 1621 2674 1700 πολλοῖς

329 1724 880 1811 περιρρεομένους
922 1725 1244 1807 πολέμοις
1287 1722 1526 1807 συχνὰς
1568 1729 1931 1790 ποιεῖσθαι
1970 1721 2319 1811 χρημάτων
2357 1721 2478 1801 τὰς
2522 1723 2674 1791 ἐπι-

331 1824 570 1904 δόσεις.
660 1823 1180 1912 ἐμεριμνήσαμεν
1236 1816 1350 1891 οῦν
1409 1826 1678 1905 ἱκανῶς,
1738 1828 1886 1904 πῶς
1942 1819 2023 1891 ἂν
2077 1830 2333 1910 γένοιτο
2387 1830 2495 1892 καὶ
2552 1825 2670 1912 τὴν

326 1933 549 2012 χρείαν
607 1929 960 2015 πληρῶσαι
1012 1929 1122 1994 καὶ
1178 1930 1309 1994 τῶν
1365 1922 1678 2014 ὑπηκόων
1732 1926 1849 2014 τὴν
1915 1926 2170 1994 ἔνδειαν
2226 1929 2669 2013 θεραπεῦσαι,

329 2027 501 2114 πρὸς
573 2028 793 2095 πολλά
863 2054 936 2096 τε
1000 2028 1425 2116 μεριζομένης
1490 2024 1648 2115 ἡμῖν
1712 2031 1830 2115 τῆς
1901 2031 2056 2115 περὶ
2119 2030 2329 2095 ταῦτα
2391 2028 2668 2117 γνώμης,

329 2130 676 2219 ἐκράτησεν
724 2127 903 2214 ὅμως
944 2129 1023 2196 τὸ
1065 2131 1317 2215 μᾶλλον
1363 2129 1535 2215 πρὸς
1581 2130 2109 2218 φιλανθρωπίαν
2155 2129 2350 2209 ἰδεῖν,
2403 2132 2510 2196 καὶ
2554 2133 2673 2216 τῆς

329 2227 727 2319 άρεσκούσης
783 2236 924 2319 θεῷ
979 2233 1382 2316 μεταδοῦναι
1434 2241 1581 2310 τοῖς
1633 2227 1990 2298 ὖποτελέσι
2042 2236 2398 2318 βοηθείας,
2462 2231 2542 2298 τὸ
2598 2234 2671 2300 δὲ

327 2331 604 2398 λοιπὸν’Ι
655 2344 800 2412 τοῖς
854 2344 1102 2411 κοινοῖς
1158 2333 1627 2419 δαπανήμασιν
1684 2332 1754 2400 ἐκ
1806 2335 1938 2399 τιῖν
1992 2333 2355 2417 βασιλικῶν
2411 2326 2671 2401 άντεισ-

328 2443 593 2521 αγαγεῒν
638 2436 1014 2519 θησαυρῶν.

496 2533 577 2601 α’.
661 2531 1057 2612 Ἀναθέντες
1098 2537 1448 2621 τοιγαροῦν
1505 2537 1618 2602 καὶ
1671 2535 1910 2620 ταύτην
1954 2533 2141 2623 ἡμῶν
2183 2535 2300 2627 τὴν
2346 2539 2672 2624 φροντίδα

323 2640 418 2722 τῷ
452 2636 743 2722 δεσπότῃ
778 2661 869 2720 χρ
889 2637 1120 2722 ιστῷ,
1166 2639 1273 2702 καὶ
1307 2643 1655 2723 πρέποντα
1685 2635 2090 2722 πράττοντες
2118 2648 2268 2718 ταῖς
2295 2637 2670 2726 παρούσαις

323 2740 441 2825 τῆς
483 2738 765 2824 μεγάλης
810 2736 1039 2824 ἑορτῆς
1082 2732 1354 2824 ἡμέραις
1411 2741 1529 2804 τοῦ
1576 2738 2039 2826 σωτηριώδους
2083 2737 2358 2820 πάθους
2399 2739 2510 2808 καὶ
2552 2744 2672 2828 τῆς

326 2834 517 2924 ἁγίας
572 2833 773 2904 αὐτοῦ
832 2833 1286 2919 ἀναστάσεως,
1347 2838 1769 2926 προσάγομεν
1816 2835 1982 2925 ὑπὲρ
2040 2839 2526 2926 πολιτεύματος
2576 2841 2671 2910 εἰ·

325 2938 535 3018 κότως
579 2933 756 3026 αύτῷ
813 2942 920 3006 καὶ
976 2938 1093 3027 τὴν
1139 2939 1252 3007 ἐπὶ
1309 2943 1429 3007 τοῦ
1475 2941 1810 3028 παρόντος
1852 2941 2137 3029 δωρεὰν,
2196 2937 2278 3009 δι’
2324 2933 2403 3031 ἧς
2459 2964 2671 3008 conce·

327 3045 521 3107 dimus
575 3053 891 3128 γεωργοῖς
944 3066 1016 3108 τε
1070 3044 1179 3108 καὶ
1240 3045 1698 3124 συντελεσταῖς
1754 3040 1973 3111 ἅπασι
2030 3038 2306 3120 (ταύτὸν
2362 3046 2436 3111 δέ
2489 3043 2668 3112 ἐστιν

326 3142 542 3211 εἰπεῖν
595 3153 740 3223 τοῖς
794 3146 926 3211 τῶν
979 3150 1238 3229 χωρίων
1290 3152 1566 3233 κυρίοις)
1627 3150 1917 3229 integrum
1976 3168 2158 3210 unum
2204 3166 2490 3209 canonem
2532 3148 2669 3213 τῶν

325 3247 658 3334 δημοσίων
717 3244 974 3333 φόρων,
1033 3240 1232 3333 αὐτῆς
1278 3246 1371 3326 εἰς
1432 3251 1884 3330 quadriennium
1931 3246 2418 3329 διαιρουμένης,
2473 3268 2670 3313 τουτ-

323 3353 468 3415 έστι
509 3351 624 3433 τῆς
665 3349 785 3430 μὲν
816 3347 1348 3433 εἷσελευσομένης
1378 3346 1646 3433 ἐννάτης
1682 3343 2131 3431 έπινεμήσεως
2173 3343 2484 3433 τετάρτην
2513 3347 2670 3415 τού-

319 3470 438 3513 του
467 3456 728 3529 μοῖραν,
776 3449 892 3532 τῆς
937 3446 1007 3510 δὲ
1050 3445 1217 3528 μετὰ
1258 3446 1502 3531 ταύτην
1534 3444 1804 3532 δεκάτης
1846 3446 2166 3511 τοσοῦτον
2198 3444 2416 3532 ἕτερον
2444 3453 2663 3534 μέρος,

323 3543 573 3631 ὁμοίιος
625 3546 732 3610 καὶ
791 3547 907 3630 τῆς
955 3545 1334 3633 ἑνδεκάτης*
1379 3545 1827 3634 ἑπινεμήσεως
1872 3540 1999 3613 ἀνὰ
2041 3546 2357 3635 τετάρτην
2398 3558 2660 3634 μοῖραν,

322 3647 921 3730 συναπομειοῦντες
975 3649 1080 3714 καὶ
1138 3647 1258 3727 τὰς
1318 3641 1630 3715 ὁπωσοῦν
1675 3643 1843 3735 ὑπὲρ
1900 3649 2153 3717 τούτων
2212 3656 2667 3735 παρεχομένας

319 3752 459 3817 τισὶ
503 3753 879 3835 συνηθείας.

487 3849 569 3937 β’.
650 3842 970 3936 Ἀφίεμεν
1001 3848 1073 3917 δὲ
1114 3847 1378 3928 τούτοις
1417 3851 1524 3916 καὶ
1556 3849 1641 3917 τὰ
1686 3850 2085 3937 ἐλλείμματα
2113 3856 2230 3920 τοῦ
2268 3851 2664 3939 φθάσαντος

318 3950 553 4036 χρόνου
607 3956 797 4036 μέχρι
852 3955 1141 4037 πέρατος
1190 3953 1308 4039 τῆς
1363 3949 1517 4037 ἄρτι
1572 3954 2111 4043 περιελθούσης*
2155 3958 2395 4038 quintae
2439 3955 2662 4023 ἔπινε-

318 4052 596 4140 μήσεως,
641 4055 749 4119 καὶ
794 4052 1205 4138 θεσπίζομεν
1232 4054 1557 4140 μηδεμίαν
1589 4056 1939 4142 εἴσπραξιν
1977 4062 2296 4143 γενέσθαι
2339 4060 2470 4124 τῶν
2499 4052 2654 4143 παρ’

320 4151 502 4244 ἡμῶν
548 4155 1126 4242 φιλοτιμηθέντων
1170 4150 1454 4243 εὐσεβῶν
1499 4157 1946 4242 τελεσμάτων,
2008 4158 2143 4227 εἴτε
2191 4157 2308 4246 τὴν
2348 4165 2658 4246 μεγίστην

321 4301 427 4312 ..-

648 4303 763 4311 *—

455 4373 473 4400 ²
508 4375 663 4426 Malim
681 4370 882 4426 λεῖπον.
958 4375 978 4404 ³
1013 4378 1144 4430 Adde
1162 4372 1251 4426 καὶ
1271 4372 1595 4439 δωδεκάτης,
1635 4382 1867 4432 suadente
1882 4381 2153 4434 Theodoro.
2228 4379 2259 4414 *
2287 4382 2409 4443 Lege
2423 4375 2653 4447 παριλθ.
