2900 4950
1502 107 1521 140 J

323 241 449 304 294
1061 319 1078 333 ἢ
1224 252 1345 302 con.
1384 252 1462 302 ιιι.
1533 252 1646 302 Nov.
1682 250 1797 320 xlx.

326 407 445 492 τῆς
484 401 804 488 τυχούσης
846 400 941 479 εἷς
982 404 1149 486 μέγα
1190 410 1446 486 χωρεῖν.
1534 407 1603 468 τί
1642 406 1865 468 τοίνυν
1908 398 2251 480 παθόντες
2295 402 2363 469 οἱ
2406 401 2686 493 ἄνθρω-

330 527 483 585 ποι,
543 505 796 588 πρᾶξαί
849 528 918 569 τι
970 505 1105 568 τῶν
1151 502 1323 589 πρὸς
1366 505 1535 569 θεοῦ
1579 498 1953 588 θεραπείαν
1995 504 2104 569 καὶ
2152 501 2339 570 λύσιν
2385 500 2687 595 ἆμαρτη-

325 606 552 692 μάτων
594 609 1016 690 κεκινημένοι,
1065 607 1418 689 παρορῶσι
1459 605 1579 688 μὲν
1625 603 1890 672 εὔκολον
1921 600 2134 683 οῦτως
2159 605 2272 672 καὶ
2304 609 2685 694 φροντίδων

328 707 741 793 ἐλευθέραν10
782 704 898 792 τὴν
943 708 1060 770 τοῦ
1102 708 1442 789 χριστοῦ
1490 704 1786 793 ἐντολήν,
1833 705 1911 773 τὸ
1957 708 2348 786 πωλοῦντας
2389 708 2476 775 τὰ
2519 706 2687 777 ὄντα

331 808 592 875 διδόναι
648 810 1019 892 πένησιν“,·
1088 802 1316 893 ὥσπερ
1383 808 1454 873 δὲ
1522 806 1839 874 δύσκολον
1900 806 2141 895 ταύτην
2209 808 2517 897 ἐπίτηδες
2567 816 2682 878 καὶ

327 909 1010 996 πραγματωδεστέραν
1054 917 1279 998 ποιεῖν
1321 907 1732 994 βουλόμενοι,
1778 907 1891 975 καὶ
1923 911 2299 997 φροντίδων
2330 910 2683 996 ἐγνωκότες

329 1012 600 1096 πλῆθος
644 1009 1084 1095 ἒπισυνάγειν,
1133 1008 1305 1095 πρὸς
1347 1009 1423 1074 τὸ
1468 1010 1880 1098 μοναστήρια
1916 1014 2248 1092 συνιστᾶν,
2297 1014 2580 1093 ξενῶνας
2604 1040 2682 1082 τε

327 1117 436 1180 καὶ
481 1122 879 1200 γηροκομεῒα
927 1109 1206 1188 ἑαυτοὺς
1248 1117 1779 1194 κατατείνουσιν,·
1839 1101 1929 1179 ὧν
1976 1111 2043 1178 ἐν
2087 1116 2208 1196 μὲν
2251 1117 2395 1192 τοῖς
2438 1122 2684 1202 προτέ-

328 1237 473 1300 ροις
513 1213 774 1301 χρόνοις
815 1209 853 1300 ἡ
902 1212 1238 1292 σύστασις,
1287 1213 1411 1291 ἕως
1442 1213 1541 1280 ἔτι
1573 1212 1816 1292 σπάνις
1842 1202 1921 1299 ἦν
1950 1216 2084 1280 τῶν
2112 1215 2455 1298 τοιούτων,
2503 1217 2680 1284 πολὺ

327 1316 405 1382 τὸ
452 1314 719 1401 εὔλογον
765 1310 894 1397 εἶχε
935 1317 1042 1381 καὶ
1086 1315 1621 1400 χρησιμώτατον·
1674 1314 1785 1381 καὶ
1828 1318 1977 1394 πῶς
2019 1314 2141 1402 γὰρ
2189 1311 2265 1383 οὗ
2309 1317 2683 1401 μονιμώτε-

328 1441 445 1504 ρον
491 1411 717 1484 εἶναι“’
759 1415 836 1481 τὸ
879 1414 1078 1481 καλὸν
1122 1418 1254 1481 τῶν
1300 1415 1758 1483 συνιστιόντων
1801 1419 2039 1498 ταῦτα,
2084 1424 2679 1503 ’προθυμουμένων

329 1521 464 1586 τῶν
519 1520 640 1602 μὲν
698 1517 812 1610 εἷςν
850 1512 1301 1601 ἀνθρωπίνων
1347 1516 1672 1601 σωμάτιον
1715 1517 1968 1606 τροφήν
2012 1544 2085 1587 τε
2128 1519 2238 1585 καὶ
2281 1526 2677 1605 θεραπείαν,

328 1624 462 1687 τῶν
518 1621 590 1685 δὲ
645 1619 738 1696 εἰς
790 1620 1005 1705 ψυχῆς
1059 1617 1444 1702 ἐπιμέλειαν
1496 1621 1605 1685 καὶ
1662 1614 2076 1705 ὑψηλοτέρου
2130 1627 2282 1706 βίου
2328 1620 2676 1709 διαγωγήν.

331 1715 446 1809 ἀφ’
497 1710 575 1785 οὗ
620 1721 692 1786 δὲ
737 1719 908 1805 πρὸς
949 1721 1218 1807 πλῆθος
1275 1713 1640 1788 ἐπιδέδωκε
1680 1725 1896 1787 ταῦτα
1930 1724 2037 1788 καὶ
2082 1718 2251 1807 ὑπὲρ
2294 1721 2410 1811 τὴν
2453 1729 2681 1810 χρείαν

332 1820 645 1910 ἑστήκασι
699 1823 807 1887 καὶ
865 1820 942 1886 τὸ
997 1825 1265 1905 μέτρον,
1321 1821 1399 1886 τὸ
1447 1824 1545 1889 ἔτι
1588 1825 1891 1909 παρορᾶν
1935 1825 2044 1890 καὶ
2091 1818 2520 1911 ἀφίστασθαι
2559 1829 2681 1892 τοῦ

327 1924 498 1993 κατὰ
552 1923 806 2011 πολλὴν
863 1917 1207 1990 εὐπέτειαν
1266 1917 1527 2009 ἀγαθοῦ
1582 1929 1927 2009 γινομένου
1981 1927 2090 1991 καὶ
2148 1924 2321 2011 πρὸς
2375 1927 2492 2014 τὴν
2545 1930 2681 1994 τῶν

332 2026 687 2114 εἲρημένων
732 2023 1049 2090 σύστασιν
1097 2019 1556 2107 ἀσχολεῖσθαι,
1612 2029 1760 2105 πῶς
1805 2025 1886 2092 ἄν
1928 2052 2031 2106 τις
2076 2020 2307 2114 άμιγὲς
2351 2022 2524 2095 εἶναι
2562 2055 2683 2095 κα-

330 2135 477 2208 κίας
532 2126 610 2194 τὸ
668 2122 927 2213 ἀγαθὸν
982 2128 1180 2192 τοῦτο
1226 2127 1567 2212 λογίσαιτο
1612 2132 1719 2195 καὶ
1764 2127 1852 2215 μὴ
1898 2130 1993 2214 τῷ
2041 2135 2203 2216 σίτῳ
2251 2134 2415 2217 φαίη
2460 2154 2684 2217 παρα-

332 2235 661 2314 μεμίχθαι
717 2231 823 2294 καὶ
870 2226 954 2294 τὰ
1001 2227 1254 2308 ζιζάνια
1268 2257 1289 2310 ‚·
1344 2231 1597 2313 μᾶλλον
1643 2230 1715 2296 δὲ
1759 2233 1907 2309 πῶς
1952 2224 2028 2295 οῦ
2072 2231 2450 2310 κενοδοξίας
2494 2232 2683 2298 ε’ίποι

335 2330 780 2415 προκάλυμμα
823 2334 1135 2413 γίνεσθαι
1177 2328 1292 2416 τὴν
1339 2333 1733 2418 φιλοθεΐαν,
1796 2332 1909 2398 ἵνα
1955 2335 2229 2420 φανεροὶ
2277 2335 2489 2398 πᾶσιν
2553 2323 2684 2401 ῶσι

332 2432 412 2499 τὸ
455 2430 655 2499 καλὸν
698 2434 1078 2510 ποιοῦντες,
1150 2427 1376 2519 ὥσπερ
1424 2428 1539 2500 οὐκ
1585 2429 1973 2520 ἀγαπῶντες
1988 2437 2030 2469 ¹³
2075 2434 2133 2502 εἰ
2172 2433 2416 2519 μόνους
2460 2434 2684 2518 ἔχουσι

331 2534 668 2621 μάρτυρας
723 2532 877 2611 τοὺς
931 2532 1268 2618 παρόντας
1321 2525 1400 2621 ἧς
1441 2541 1746 2619 μετίασιν
1791 2531 2027 2624 ἀρετῆς
2040 2588 2058 2617 ,
2119 2530 2288 2603 ἀλλὰ
2327 2537 2497 2624 μηδὲ
2536 2548 2683 2618 τοῖς

335 2635 825 2720 ἐπιγινομένοις
869 2629 1268 2722 ἀγνοεῖσθαι
1308 2635 1549 2723 ταύτην
1592 2635 1989 2722 βουλόμενοι
2002 2666 2025 2719 ,·
2068 2639 2174 2703 καὶ
2217 2641 2431 2704 ταῦτα
2471 2644 2682 2723 ring,-

332 2738 721 2822 χριστιανοὶ,
769 2739 914 2823 φεῦ,
963 2736 1027 2802 οἱ
1073 2740 1273 2803 παντὶ
1318 2737 1585 2829 τρόπῳκ,
1599 2736 1957 2806 λανθάνειν
2002 2737 2069 2806 ἐν
2110 2741 2191 2826 τῇ
2235 2742 2368 2806 τῶν
2405 2736 2683 2826 ἀγαθῶν

334 2837 579 2924 πράξει
618 2839 1123 2922 κεκελευσμένοι.
1213 2840 1410 2905 τοῦτο
1458 2842 1531 2907 δὲ
1574 2842 1722 2918 πῶς
1767 2835 1883 2906 οὐκ
1931 2837 2010 2907 ἄν
2053 2865 2157 2919 τις
2200 2839 2469 2928 ἔκδηλον
2514 2837 2684 2910 εἶναι

336 2940 550 3019 δόξειε
601 2942 713 3007 καὶ
769 2941 1000 3027 πολλῷ
1054 2942 1149 3027 τῷ
1206 2940 1511 3027 περιόντι
1552 2947 2080 3025 πεπιστευμένον
2092 2993 2111 3023 ,
2172 2937 2330 3009 ὅταν
2372 2950 2626 3029 μυρίων
2642 2948 2683 2980 ¹⁴

337 3037 545 3109 ὄντων
602 3041 840 3128 ἑτέρων
895 3045 1029 3109 τῶν
1085 3038 1221 3109 ὑπὸ
1276 3046 1394 3109 τοῦ
1447 3042 1687 3128 χρόνου
1742 3042 2220 3132 πεπονηκότων
2273 3047 2387 3111 καὶ
2429 3047 2683 3137 πολλῆς

336 3145 665 3228 δεομένων
717 3143 937 3229 χειρός
990 3169 1064 3212 τε
1114 3148 1223 3211 καὶ
1279 3150 1606 3231 βοηθείας
1664 3140 2114 3229 ἀμελοῦντες*8
2165 3140 2359 3233 ἡμεῖς
2410 3150 2530 3213 τοῦ
2589 3148 2685 3227 εἷς

337 3245 553 3313 ἐκεῖνα
608 3247 916 3312 δαπανᾶν
972 3245 1347 3332 προθύμως
1399 3246 1514 3312 καὶ
1571 3249 2030 3333 διορθοῦσθαι
2080 3250 2292 3326 ταῦτα
2345 3251 2457 3314 καὶ
2527 3270 2685 3315 συν-

337 3350 547 3427 ιστᾶν,
595 3346 708 3413 ἐπὶ
753 3346 830 3414 τὸ
873 3358 1280 3432 καινουργεῖν
1322 3348 1470 3414 ἰ’δια
1509 3350 1678 3415 κατὰ
1719 3347 1973 3436 πολλὴν
2019 3348 2368 3437 φερόμεθα
2408 3348 2524 3433 τὴν
2569 3347 2686 3437 ὄρ-

336 3446 494 3534 μὴν,
555 3447 667 3513 ἵνα
719 3446 808 3533 μὴ
865 3446 1069 3530 μόνον
1128 3442 1453 3533 ὀνόματος
1498 3444 1951 3534 άπολαύοιμεν
1994 3454 2256 3527 καινόῢι
2280 3502 2298 3532 ,
2360 3447 2530 3518 ἀλλὰ
2572 3455 2682 3520 καὶ

287 3549 653 3635 ,καθαρῶς
710 3553 1019 3634 φαίνοιτο
1074 3552 1182 3615 καὶ
1242 3544 1773 3638 ἀποτεταγμένον
1827 3543 1868 3641 ᾗ
1915 3551 1994 3619 τὸ
2037 3548 2384 3640 ἡμέτερον,
2444 3548 2535 3633 ὦς
2575 3556 2685 3621 καὶ

334 3654 668 3716 τίθεσθαι
708 3648 794 3716 τὰ
841 3644 1132 3735 ὀνόματα
1173 3647 1358 3738 ἡμῶν
1403 3652 1518 3721 ἐπὶ
1561 3657 1694 3720 τῶν
1721 3657 1948 3740 γαιῶν,
1993 3654 2161 3721 κατὰ
2186 3654 2305 3721 τὸν
2333 3653 2685 3742 προφήτην

341 3753 553 3840 φᾶναι
593 3751 709 3820 τὸν
747 3758 970 3819 θεῖον.

511 3852 593 3921 α’.
626 3852 765 3921 Διά
792 3856 991 3921 τοῦτο
1021 3856 1127 3921 καὶ
1162 3853 1334 3942 πρὸς
1360 3854 1479 3945 τὴν
1510 3854 1822 3942 ἐργασίαν
1850 3858 1986 3923 τῶν
2003 3858 2123 3922 τοῦ
2151 3879 2238 3942 χρ
2256 3857 2552 3922 ιστοῦ’“’
2581 3854 2685 3923 ἕν·-

339 3956 550 4023 τολῶν
591 3951 765 4043 ὑμᾶς
808 3956 1234 4043 διεγείροντες
1283 3959 1393 4025 καὶ
1438 3959 1557 4045 τῆς
1598 3959 1968 4042 θεομισοῦς
2008 3955 2251 4045 ταύτης
2295 3957 2685 4045 φιλοδοξίας

472 4204 514 4233 ¹⁰
572 4208 767 4260 Leunoi.
815 4202 1243 4278 ἀπηλλαγμένην.
1474 4212 1505 4240 ²¹
1567 4213 1761 4265 Leuncl.
1810 4210 1968 4282 [τοῖς]
2026 4210 2143 4264 πέν.
2371 4209 2411 4239 ¹²
2470 4212 2587 4263 lbid.
2635 4213 2684 4264 in

341 4304 486 4353 marg.
522 4282 623 4351 εἴη,
662 4292 794 4357 qnod
828 4301 1056 4355 praestat.
1243 4291 1280 4322 ¹⁸
1313 4295 1470 4346 Malim
1507 4287 1814 4363 ἇρκοῦντες.
2000 4296 2041 4326 “
2076 4299 2232 4350 Malim
2266 4292 2678 4366 μοναστηρίων.

341 4369 380 4400 “
414 4372 609 4423 Leunoi.
648 4366 996 4433 ἀμελοῦντας.
1139 4377 1180 4406 ¹⁰
1215 4379 1410 4429 Leuncl.
1445 4381 1495 4430 in
1531 4396 1677 4445 marg.
1712 4380 1888 4431 κενοῦ.
2030 4380 2068 4409 ¹⁷
2100 4382 2221 4434 lbid.
2256 4377 2462 4450 κυρίου.
