2900 4950
405 238 521 299 130
1226 247 1344 296 Con.
1381 247 1439 296 ΙΙ.
1513 247 1624 297 Nov.
1663 247 1750 295 XL.
1793 247 1904 296 xm.

396 396 436 485 ἡ
498 399 635 465 ἰδία
691 400 946 483 κτῆσις,
1013 398 1160 472 πῶς
1228 389 1368 477 οὐχὶ
1432 395 1545 461 καὶ
1608 393 1774 460 κατὰ
1827 397 2025 459 τοῦτο
2072 389 2331 460 ἀδικίαν
2378 388 2745 481 ἀκροτάτην

397 497 842 583 ὑπομένουσιν
889 497 952 563 οἱ
997 494 1421 579 αἰχμάλωτοι,
1472 490 1587 561 οὐκ
1632 495 1908 579 ἐώμενοι
1952 493 2140 579 παρὰ
2180 497 2297 560 τοῦ
2342 494 2547 578 νόμου
2578 498 2741 578 περὶ

397 607 529 668 τῶν
574 600 963 685 προσόντων
1011 593 1277 680 ὁρίζειν,
1328 592 1406 664 ἂν
1450 599 1647 662 τοῦτο
1692 597 2097 682 βούλωνται,
2144 592 2313 683 ὑπὲρ
2360 600 2573 683 ψυχῆς
2616 593 2740 664 αὗ-

396 707 529 770 τῶν
583 728 734 769 τινα
792 702 1309 785 διανενεμῆσθαι
1365 702 1499 764 τῶν
1555 697 1997 783 πραγμάτων,·
2064 698 2163 765 ἔτι
2215 724 2289 784 γε
2329 698 2459 786 μὴν
2500 699 2607 765 καὶ
2654 699 2746 765 τὰ

398 807 556 891 περὶ
600 803 983 887 ἐλευθερίας
1026 795 1297 878 ἀτόπως
1341 799 1408 866 ἐκ
1452 798 1689 865 τούτου
1737 801 2141 883 διακείμενα,
2201 803 2311 866 καὶ
2365 800 2443 866 τὸ
2485 802 2745 885 μᾶλλον

398 902 850 984 ἀτοπώτατον,
899 899 1004 968 ὅτι
1046 902 1134 988 μὴ
1181 902 1527 988 διδομένης
1572 897 1797 979 ἀδείας
1838 900 2467 984 τοῖς,αἰχμαλώτοις
2504 904 2749 969 διαθέ-

400 1015 572 1076 σθαι
616 1003 1065 1074 ἀνακύπτουσι
1109 1002 1430 1080 πολλάκις
1474 1007 1590 1090 τῆς
1634 999 1979 1088 ὑπάρξεως
2021 1001 2342 1090 κτήτορες,
2392 1002 2506 1082 οὓς
2537 1000 2573 1090 ἡ
2604 1007 2745 1070 τῶν

401 1111 728 1193 ἐχθίστων
786 1101 914 1189 εἶχε
965 1116 1171 1190 μοῖρα
1226 1108 1332 1171 καὶ
1391 1099 1537 1169 οὐδ’
1600 1104 1831 1188 ἐνορᾶν
1889 1099 2128 1183 αὖτοὺς
2162 1103 2251 1171 ’ἐν
2309 1105 2508 1185 ζῶσιν
2555 1102 2748 1184 ὄντες

399 1209 750 1299 ἠνείχοντο,
799 1198 875 1274 οὗ
918 1213 986 1273 τί
1029 1202 1108 1274 ἂν
1155 1208 1254 1293 εἴη
1302 1206 1745 1292 φαυλότερονς
1791 1209 1987 1271 τοῦτο
2034 1196 2148 1272 οὖν
2194 1202 2402 1285 οὕτως
2447 1207 2591 1289 ἕχον
2622 1201 2747 1274 οὐκ

400 1313 583 1392 ἔδοξε
624 1314 704 1399 τῇ
747 1311 1053 1396 βασιλείᾳ
1095 1304 1278 1395 ἡμῶν
1325 1309 1579 1374 δίκαιον
1625 1309 1966 1392 παριδεῖν,
2024 1302 2161 1373 ἀλλ’
2211 1304 2437 1392 ὥσπερ
2485 1309 2551 1375 έν
2593 1320 2747 1388 τοῖς

401 1413 627 1491 ἄλλοις
671 1410 836 1477 κατὰ
881 1410 1155 1492 δύναμιν
1199 1409 1315 1495 τὴν
1360 1409 1547 1492 παρὰ
1589 1413 1705 1474 τοῦ
1750 1416 2121 1493 κρείττονος
2169 1409 2517 1497 διδομένην
2562 1407 2743 1478 ὥστε

398 1516 515 1603 τὴν
542 1511 859 1601 ἡμετέραν
889 1513 1232 1577 πολιτείαν
1264 1500 1332 1576 εὖ
1367 1511 1943 1594 διοικονομεῖσθαι
1972 1519 2520 1598 πεφροντίκαμεν,
2559 1509 2740 1579 οῧτω

401 1616 571 1700 πρὸς
613 1615 690 1680 τὸ
736 1611 1003 1696 ἄμεινον
1046 1614 1156 1678 καὶ
1196 1610 1280 1677 τὰ
1322 1611 1479 1695 περὶ
1519 1615 1650 1678 τῶν
1683 1613 2113 1695 αἰχμαλώτων
2159 1613 2582 1697 ἐπανορθοῦν
2637 1616 2746 1680 δι-

401 1717 783 1803 εγνώκαμεν.

574 1817 1027 1899 Θεσπίζομεν9
1081 1820 1330 1894 τοίνυν,
1393 1810 1532 1880 ἀπὸ
1576 1818 1692 1879 τοῦ
1738 1815 2070 1899 παρόντος
2112 1817 2431 1901 μηδαμῶς
2472 1815 2626 1893 τοὺς
2669 1816 2745 1884 ἐν

400 1921 815 2006 αἰχμαλωσίᾳ
869 1920 962 2003 τῷ
1023 1911 1403 2001 ἇπείργοντι
1463 1910 1698 1994 αὐτοὺς
1766 1918 2207 1984 διατίθεσθαι
2262 1915 2442 2004 νόμῳ
2508 1914 2743 2004 ὥσπερ

398 2025 506 2088 καὶ
549 2021 626 2087 τὸ
671 2019 994 2106 πρότερον
1021 2014 1465 2101 ,ὑποκεῖσθαα
1514 2012 1650 2083 ἀλλ’
1702 2017 1945 2097 ἐξεῖναι
1987 2018 2276 2099 τούτοις,
2326 2019 2385 2086 εἰ
2426 2021 2547 2102 μὲν
2591 2014 2743 2087 οἷόν

396 2149 469 2190 τε
512 2129 848 2209 παρουσίᾳ
893 2127 1091 2187 πέντε
1134 2118 1500 2206 μαρτύρων,
1551 2119 1608 2185 εἰ
1654 2121 1723 2184 δὲ·
1767 2118 1855 2205 μὴ
1900 2124 2118 2203 τριῶν,
2169 2122 2301 2187 εἴτε
2343 2125 2563 2208 γραφῇ
2600 2147 2742 2187 πα-

396 2226 716 2309 ραδοῦναι
768 2222 885 2311 τὴν
943 2221 1256 2308 βούλησιν
1301 2222 1433 2288 εἴτε
1479 2216 1755 2307 ἀγράφῳ
1802 2222 2097 2301 διατάξει
2140 2222 2570 2302 ἐκτίθεσθαι,
2620 2225 2741 2311 δη-

399 2324 623 2391 λονότι
667 2322 836 2411 ὅρκῳ
879 2323 1321 2408 βεβαιούντων
1365 2326 1497 2388 τῶν
1545 2322 1638 2401 εἰς
1681 2322 1796 2409 τὴν
1838 2330 2202 2407 μαρτυρίαν
2248 2326 2738 2412 παραληφθέν-

394 2453 526 2494 των
570 2426 647 2493 τὸ
692 2422 1202 2512 ἀπαραποίητον
1245 2427 1324 2512 τῇ
1369 2428 1487 2490 τοῦ
1532 2423 2035 2513 τελευτήσαντος
2078 2426 2519 2506 διατυπώσει,
2580 2424 2739 2496 ἅντε

395 2531 660 2597 παίδων
705 2527 911 2595 ὄντων
958 2527 1238 2605 ἐκείνους
1278 2529 1748 2593 καταλείποιτο
1765 2530 1806 2561 ¹⁰
1856 2529 1972 2611 τῆς
2017 2534 2405 2611 περιουσίας
2447 2536 2731 2614 κυρίους,

397 2629 550 2698 ἄντε
603 2629 691 2716 μὴ
751 2629 1002 2707 παῖδας
1060 2627 1221 2710 ἔχων
1274 2628 1535 2711 ἑτέρους
1580 2628 1671 2705 εἰς
1713 2627 1827 2694 τὸν
1872 2629 2105 2716 κλῆρον
2152 2628 2397 2717 εἰσάγῃ.
2488 2626 2564 2696 οὗ
2607 2629 2734 2717 γὰρ

396 2734 649 2800 δίκαιον
693 2726 1052 2818 ἡγούμεθα,
1100 2728 1255 2807 τοὺς
1299 2730 1589 2815 έπίσης11
1634 2734 2022 2811 μετέχοντας
2055 2735 2172 2796 τοῦ
2202 2735 2425 2797 κοινοῦ
2455 2735 2570 2819 τῆς
2601 2755 2733 2798 πο·-

395 2835 642 2912 λιτείας
702 2828 1025 2917 ὀνόματος
1080 2829 1166 2918 μὴ
1227 2830 1336 2918 'loy
1383 2837 1585 2916 μοίρᾳ
1630 2834 1760 2896 τῶν
1802 2835 1919 2896 τοῦ
1967 2831 2171 2915 νόμου
2218 2833 2489 2898 δικαίων
2534 2836 2732 2917 τιμᾶ-

396 2942 584 3016 σθαι,
631 2933 783 3001 καθ’
820 2932 931 3013 οὓς
962 2932 1037 2999 τὸ
1073 2928 1410 3019 ὁμόφυλον
1441 2932 1882 3012 πολιτεύεται,
1920 2928 2088 2999 ἀλλὰ
2115 2933 2269 3011 τοὺς
2295 2935 2414 3017 μὲν
2447 2929 2733 3020 ἀπειρά-

393 3062 546 3115 τους
587 3036 1040 3119 αἰχμαλωσίας
1072 3036 1237 3117 ἕχειν
1269 3034 1571 3113 ἐξουσίαν
1604 3030 1693 3111 ὡς
1724 3029 1951 3112 αὐτοῖς
1984 3037 2162 3101 δοκεῖ
2191 3039 2344 3119 περὶ
2376 3040 2507 3103 τῶν
2541 3037 2730 3104 ἰδίων

391 3138 863 3224 βουλεύεσθαι,
925 3136 1079 3213 τοὺς
1122 3137 1194 3202 δὲ
1235 3135 1344 3223 μὴ,
1405 3132 1632 3219 ὥσπερ
1678 3137 1960 3222 ἔγκλημα
2002 3136 2267 3220 ἔχοντας
2311 3134 2416 3203 ὅτι
2460 3162 2731 3223 προπο-

395 3241 739 3324 λεμοῦντες
793 3242 924 3304 τῶν
971 3234 1326 3323 ὁμοφύλων
1373 3238 1467 3315 εἰς
1510 3249 1750 3322 πεῖραν
1796 3233 2104 3317 ἁλώσεως
2150 3229 2378 3326 ἦλθον.
2469 3239 2529 3305 εἰ
2570 3247 2732 3322 μέν-

392 3348 570 3426 τοιγέ
623 3368 725 3419 τις
780 3344 911 3405 τῶν
970 3338 1401 3422 δορυαλώτων
1458 3334 1501 3425 ἢ
1557 3338 1911 3426 ἐθελοντὴς
1953 3336 1995 3427 ἢ
2038 3336 2146 3427 ὑφ’
2197 3330 2287 3407 ὧν
2330 3346 2670 3422 κατέχεται
2690 3346 2732 3378 ¹²

391 3450 543 3526 βίαν
588 3439 937 3525 ὑπομένων
982 3440 1092 3506 ἐπὶ
1139 3439 1378 3525 ταύτην
1425 3440 1620 3505 ἔλθοι
1653 3439 1777 3525 ,τὴν
1821 3440 2115 3528 γνώμην,
2185 3439 2356 3509 ὥστε
2398 3442 2483 3509 τὰ
2526 3439 2730 3508 αὑτοῦ

394 3542 746 3627 πράγματα
806 3541 900 3618 εἰς
941 3540 1095 3619 τοὺς
1139 3541 1502 3626 πολεμίους
1541 3554 1778 3624 χωρεῖν
1825 3543 2274 3621 διατυπῶσαι,
2334 3542 2485 3611 τότε
2530 3538 2731 3610 οὖδα-

389 3647 532 3727 μιῦς
575 3642 658 3709 τὰ
702 3643 1059 3727 δεδογμένα
1100 3647 1339 3729 βέβαια
1385 3643 1570 3709 ἔσται
1588 3646 1645 3723 ¹³,
1695 3638 1830 3710 ἀλλ’
1881 3641 1971 3723 ὥς
2013 3645 2100 3731 μὴ
2148 3643 2313 3712 κατά
2356 3642 2434 3711 τὸ
2466 3652 2729 3731 πρέπον

391 3751 482 3833 τῷ
511 3747 961 3830 χριστιανῶν“
993 3745 1430 3829 πολιτεύματι
1460 3751 1840 3833 γεγενημένη
1875 3746 2251 3813 ἐκπεσεῖται
2284 3743 2319 3832 ἦ
2352 3747 2648 3826 διάταξις
2666 3751 2726 3813 ¹³.

570 3851 796 3913 Ταῦτα
837 3848 957 3932 μὲν
1004 3847 1350 3932 διωρίσθω
1399 3848 1556 3930 περὶ
1598 3850 1730 3913 τῶν
1776 3846 2061 3936 διαθήκῃ
2093 3848 2171 3914 τὸ
2200 3852 2315 3935 τῆς
2347 3850 2513 3934 ζωῆς
2540 3849 2731 3928 τέλος

393 3950 857 4036 ιπροφθοέσαι111
903 3950 1410 4035 διανοηθέντων.
1477 3948 1535 4014 εἰ
1582 3942 1647 4013 δ’
1696 3944 1735 4035 ἦ
1780 3950 2030 4029 τέλειος
2066 3950 2401 4017 ἐπιστᾶσα
2430 3954 2549 4017 τοῦ
2574 3958 2729 4037 βίου

524 4204 544 4227 ”
583 4206 749 4269 {ncipit
785 4206 883 4255 Ecl.
921 4208 1178 4257 Nomxxv.
1317 4204 1353 4232 ¹⁰
1389 4203 1791 4256 ΕοΙ.καταλίποι
1950 4206 1980 4233 ¹¹
2018 4209 2182 4258 Zuich.
2204 4216 2249 4257 et
2275 4209 2468 4258 Meet-m.
2504 4200 2721 4262 ἐπίσως.

390 4286 428 4315 ¹²
463 4290 559 4337 Eri.
599 4289 728 4337 addit
761 4286 1051 4355 πολεμίων.
1191 4287 1228 4317 ¹⁸
1264 4291 1462 4353 Scrimg.
1485 4284 1647 4340 ἐστίν.
1795 4288 1829 4316 ¹¹
1867 4294 1949 4342 Sic
1966 4292 2062 4343 Ecl.
2102 4292 2283 4343 Codd.:
2321 4287 2463 4341 κατὰ
2478 4286 2580 4340 τὸν
2599 4289 2721 4360 πρέ-

389 4389 566 4427 ποντι(
591 4372 918 4440 χριστιανιῤ.
1060 4372 1097 4401 ¹⁵
1135 4376 1335 4436 Scrimg.
1372 4370 1634 4426 διάθεσις.
1779 4374 1817 4401 ¹⁶
1854 4377 1919 4426 lta
1957 4377 2048 4427 edo
2086 4392 2141 4426 ex
2177 4375 2275 4427 Ecl.
2327 4378 2559 4438 Scrimg.:
2599 4373 2726 4443 περὶ
