2900 4950
423 232 546 292 222
1216 209 1333 294 edu.
1374 246 1430 293 ιι.
1503 245 1613 293 Nm.
1655 244 1779 294 cxv.
1818 244 1968 292 cm.

422 401 669 478 ρεσθαι
728 393 825 470 εἴς
866 395 973 458 τεῖ
1028 393 1149 469 τὰς
1190 395 1323 457 τῶν
1368 392 1822 479 φαλσαμάτων
1865 391 2124 478 γραφὰς
2168 394 2272 458 καὶ
2319 391 2438 470 τὰς
2483 395 2616 458 τῶν
2666 394 2781 460 δε-

423 487 811 579 λεασμάτων
858 494 1321 579 παραγραφὰς,
1372 490 1496 572 ὡς’
1543 495 1608 559 εἴ
1645 498 1717 577 γε’
1761 516 1926 559 ποτε
1971 493 2248 558 τοιαῦτά
2289 518 2392 570 τις
2435 491 2624 576 παρὰ
2653 492 2777 559 τὸν

423 597 623 681 νόμον
667 598 772 662 καὶ
818 595 901 661 τὰ
946 590 1492 678 συμβιβασθέντα
1534 597 1641 660 καὶ
1685 598 2020 681 γραφῆναι
2064 590 2426 678 ὁρισθέντα
2462 590 2773 680 εὑρεθείη

421 696 1019 784 διαπραττόμενος,
1076 690 1186 762 ὑπ’
1248 691 1531 782 εὐθύνην
1587 696 1868 764 ἔσεσθαι
1920 698 2026 762 καὶ
2072 696 2226 774 τοὺς
2268 690 2467 762 αὐτὸν
2511 720 2772 781 μαρτυ-

420 799 763 885 ρήσαντας.

584 897 691 967 Ἐν
736 900 775 965 δ
789 902 819 966 ὲ
862 902 969 984 τῷ
1011 897 1071 983 β
1118 922 1287 983 κεφ.
1336 895 1621 984 φησίν·
1668 894 1704 962 ὃ
1750 896 2474 982 προχειρισθησόμενος
2497 891 2772 984 ὀφείλει

422 1004 537 1068 ἐπὶ
582 1001 911 1085 στόματος
957 1001 1122 1082 ἔχειν
1166 998 1321 1076 τοὺς
1361 998 1428 1082 μ’
1477 1000 1740 1076 τίτλους
1773 1001 1890 1064 τοῦ
1923 996 2308 1082 ἐγχειριδίου
2339 996 2623 1081 νομίμου
2655 1001 2767 1065 καὶ

419 1106 552 1168 τῶν
598 1100 649 1182 ξ’
694 1104 1003 1188 βιβλίων*
1047 1101 1163 1188 τὴν
1207 1103 1468 1185 γνῶσιν,
1519 1100 1972 1183 παιδευθῆναι
2015 1100 2086 1165 δὲ
2130 1102 2234 1165 καὶ
2279 1097 2395 1185 τὴν
2431 1098 2768 1184 ἐγκύκλιον

418 1205 789 1282 παίδευσιν,
837 1199 926 1281 ὦς
968 1202 1055 1289 μὴ
1104 1200 1570 1285 διαμαρτάνειν
1618 1201 1685 1268 ἐν
1730 1211 1878 1279 ταῖς
1923 1200 2258 1267 ἐκδόσεσιν
2301 1195 2343 1287 ἢ
2377 1201 2760 1268 διολισθαί-

419 1332 553 1371 νειν
608 1310 759 1387 περὶ
807 1304 923 1390 τὴν
968 1305 1172 1382 λέξιν,
1232 1302 1399 1384 ἔχειν
1444 1304 1517 1368 δὲ
1559 1307 1665 1368 καὶ
1712 1302 1825 1366 τὸν
1867 1301 2100 1385 χρόνον
2146 1305 2598 1387 πληρέστατον
2641 1306 2763 1368 τοῦ

418 1407 944 1490 διατρανοῦσθαι
988 1407 1094 1470 καὶ
1140 1407 1235 1489 τῷ
1282 1406 1371 1488 νῷ
1416 1406 1523 1469 καὶ
1569 1406 1664 1489 τῷ
1710 1402 1998 1486 σώματι·
2039 1402 2260 1485 χειρὸς
2303 1404 2374 1468 δὲ
2404 1408 2626 1491 γραφῇ
2660 1403 2764 1470 ἐκ·

416 1507 726 1572 τυπούτω
785 1505 852 1571 ἐν
895 1509 988 1591 τῷ
1035 1503 1360 1589 συλλόγῳ,
1423 1503 1585 1590 μήτι
1626 1508 1759 1570 τῶν
1805 1499 2140 1590 ἀδοκήτων
2187 1504 2760 1590 &caedum-9012·

419 1608 479 1675 εἰ
522 1610 593 1674 δὲ
641 1612 1013 1694 φ’ωραθείη,
1064 1604 1411 1671 ἐκπίπτειν
1456 1608 1573 1670 τοῦ
1616 1609 1906 1690 βαθμοῦ.

582 1703 688 1774 Ἐν
734 1709 773 1772 δ
788 1710 818 1773 ἐ
863 1710 967 1791 τῷ
1011 1704 1065 1790 γ’
1113 1731 1280 1792 κεφ.
1327 1703 1610 1793 φησίν·
1658 1707 1761 1772 δεῖ
1804 1703 2346 1791 προχειρίζεσθαι
2381 1709 2615 1772 τοῦτον
2643 1703 2761 1773 οὖ-

413 1815 612 1876 τωσί·
680 1808 848 1892 μετὰ
901 1807 1019 1895 τὴν
1077 1809 1555 1894 διαμαρτυρίαν
1611 1810 1717 1872 καὶ
1775 1806 1891 1893 τὴν
1948 1807 2211 1892 ἔρευναν
2269 1806 2760 1894 ἐμφανίζεσθαι

412 1910 580 1992 μετὰ
623 1912 739 1975 τοῦ
786 1909 1103 1995 συλλόγου
1148 1912 1280 1974 τῶν
1323 1910 1819 1994 ταβουλλαρίων
1864 1912 1974 1974 καὶ
2005 1912 2122 1973 τοῦ
2155 1914 2629 1997 πριμμικηρίου
2659 1913 2758 1995 τῷ

414 2010 820 2097 ἐνδοξοτάτῳ
867 2009 1132 2097 ἐπάρχῳ
1176 2013 1293 2098 τῆς
1336 2010 1628 2089 πόλεως,
1679 2010 2036 2097 ἐφεστρίδα
2087 2004 2564 2096 ἠμφιεσμένον,
2633 2010 2758 2077 ἐπ-

389 2119 790 2196 ὀμνυμένων
836 2111 1095 2179 ἐκείνων
1140 2112 1233 2191 εἷς
1274 2111 1438 2179 θεὸν
1469 2115 1574 2178 καὶ
1607 2111 1726 2191 τὰς
1756 2118 2082 2198 σωτηρίας
2111 2114 2242 2176 τῶν
2269 2113 2618 2195 βασιλέων,
2664 2112 2752 2199 μὴ

415 2211 527 2278 διά
570 2238 719 2278 τινα
756 2212 947 2296 χάριν
992 2208 1033 2298 ἢ
1077 2211 1490 2299 παράκλησιν
1535 2209 1574 2298 ἢ
1619 2219 1990 2298 συγγένειαν
2035 2207 2076 2300 ἢ
2120 2213 2350 2299 φιλίαν
2394 2216 2627 2279 τοῦτον
2659 2218 2754 2302 τῷ

410 2317 659 2398 βαθμῷ
717 2314 1182 2393 ἐντάττεσθαι,
1242 2307 1410 2379 ἀλλὰ
1468 2309 1550 2380 δι’
1613 2310 1846 2401 ἀρετὴν
1899 2316 2004 2379 καὶ
2049 2317 2293 2398 γνῶσιν
2336 2316 2440 2379 καὶ
2490 2314 2753 2381 σύνεσιν

411 2417 517 2480 καὶ
564 2413 641 2478 τὸ
687 2413 905 2480 ἱκανὸν
953 2409 1121 2482 εἶναι
1166 2414 1239 2482 ἐν
1276 2419 1481 2482 πᾶσι·
1527 2418 1634 2482 καὶ
1678 2414 1844 2500 μετὰ
1885 2413 2001 2501 τὴν
2045 2416 2177 2481 τῶν
2224 2410 2432 2499 ὅρκων
2465 2422 2753 2501 βεβαίω-

412 2540 518 2582 σιν
578 2515 899 2603 σφραγῒδι
952 2511 1149 2582 αὐτὸν
1206 2517 1751 2602 προχειρίζεσθαι
1808 2517 1874 2584 ἐν
1930 2520 2024 2603 τῷ
2082 2516 2412 2604 ἐπαρχικῷ
2470 2525 2749 2605 σεκρέτῳ

411 2615 598 2699 παρὰ
652 2621 768 2681 τοῦ
827 2616 942 2704 τὴν
998 2612 1348 2704 ἡγεμονίαν
1393 2619 1681 2700 ἔχοντος,
1744 2613 1872 2683 εἶθ’
1923 2615 2132 2696 οὕτως
2177 2618 2612 2686 ἐντάττεσθαι
2655 2623 2750 2708 τῷ

324 2712 333 2717 ’
409 2716 704 2803 συλλόγῳ
760 2725 867 2783 καὶ
928 2725 1505 2802 συναριθμεῖσθαι
1568 2730 1711 2796 τοῖς
1775 2721 2312 2804 ταβουλλαρίοις·
2381 2721 2614 2787 ἔπειτα
2682 2721 2748 2786 ἐν

408 2822 564 2904 ναῷ,
614 2808 691 2883 οὗ
733 2820 1017 2906 πλησίον
1061 2820 1176 2906 τὴν
1219 2827 1597 2906 κατοίκησιν
1629 2821 1775 2901 ἔχει,
1811 2815 2267 2906 ἀφικνεῖσθαι,
2315 2820 2585 2887 πάντων
2614 2825 2747 2887 τῶν

406 2921 899 3004 ταβουλλαρίων
945 2921 1336 3009 ἐφεστρίδας
1378 2917 1862 3007 ἠμφιεσμένων,
1910 2924 2020 3011 καὶ
2063 2924 2412 2989 τελεῖσθαι
2442 2918 2523 2987 δι’
2560 2916 2747 3008 εὖχῆς

406 3024 524 3084 τοῦ
573 3020 794 3106 ἱερέως
836 3022 953 3110 τὴν
1000 3023 1355 3109 ἐφεστρίδα
1420 3017 1965 3107 ἇποβαλλόμενον
2008 3026 2114 3089 καὶ
2163 3023 2390 3089 λευκὸν
2438 3022 2747 3109 φελόνιον

406 3121 972 3206 ἐνδιδυσκόμενον,
1040 3126 1144 3190 καὶ
1202 3123 1770 3209 προπεμπόμενον
1826 3123 2012 3209 παρὰ
2066 3127 2197 3190 τῶν
2251 3125 2745 3209 ταβουλλαρίων

406 3223 676 3290 πάντων
720 3223 838 3303 τὰς
882 3224 1273 3312 ἐφεστρίδας
1305 3220 1791 3311 ἠμφιεσμένων,
1836 3229 1953 3291 τοῦ
1987 3232 2461 3312 πριμμικηρίου
2491 3230 2746 3310 θυμια-

404 3324 629 3411 τήριον
687 3326 947 3407 ἔχοντος
1007 3331 1113 3392 καὶ
1171 3326 1343 3411 πρὸς
1397 3320 1597 3392 αὐτὸν
1640 3327 1756 3412 τὴν
1803 3321 2083 3397 εὐωδίαν
2127 3327 2613 3411 ἐκπέμποντος,
2676 3327 2746 3396 ἓν

403 3435 553 3501 ταῖς
593 3427 777 3508 χερσὶ
820 3426 935 3492 τὸν
979 3425 1181 3509 νόμον
1229 3425 1731 3512 ἐπιφερόμενον,
1777 3431 1895 3492 τοῦ
1938 3432 2342 3495 κατευθῦναι
2382 3426 2501 3505 τὰς
2545 3422 2746 3507 ὁδοὺς

404 3518 606 3588 αὐτοῦ
653 3523 765 3590 διὰ
808 3530 924 3590 τοῦ
963 3523 1406 3613 θυμιατηρίου
1440 3533 1944 3614 σημαινομένου,
1993 3524 2083 3607 ὥς
2113 3535 2425 3613 θυμίαμα
2453 3528 2744 3596 ἐνώπιον

402 3630 644 3709 κυρίου.
737 3621 945 3705 οὕτως
999 3617 1113 3693 οὖν
1171 3627 1448 3708 ἐνδόξως
1505 3627 2000 3715 παραγίνεσθαι
2052 3629 2117 3696 ἐν
2161 3634 2241 3717 τῇ
2283 3631 2611 3717 καθέδρᾳ,
2675 3631 2741 3698 ἐν

400 3716 443 3813 ᾗ
488 3724 863 3813 ἐκληρώθη·
911 3721 1051 3795 εἶτα
1097 3730 1269 3797 οἴκοι
1314 3729 1837 3818 ἐπαναστρέφειν
1880 3729 2047 3814 μετὰ
2090 3735 2206 3818 τῆς
2251 3731 2486 3799 ἑαυτοῦ
2524 3730 2735 3820 δόξης,

404 3828 884 3913 συμποσιάζειν
925 3855 997 3897 τε
1040 3830 1118 3895 τὸ
1161 3834 1515 3918 τηνικαῦτα
1545 3831 1713 3916 μετὰ
1756 3835 1887 3899 τῶν
1932 3833 2416 3917 συμπαρόντων
2446 3837 2557 3900 καὶ
2586 3858 2740 3901 συν-

402 3937 902 4017 ευφραίνεσθαι.

656 4082 751 4088 .--
908 4086 923 4090 -
1030 4085 1117 4092 -..-

533 4147 552 4173 ²
590 4150 706 4199 Cod.
734 4145 809 4200 δέ.
951 4152 969 4179 ³
1006 4153 1235 4204 Particula
1273 4147 1346 4206 ὥς
1380 4154 1581 4204 delenda
1620 4169 1728 4203 esse
1765 4156 1961 4206 videtur.
2111 4154 2130 4182 ⁴
2169 4157 2198 4207 i.
2237 4172 2279 4208 e.
2317 4159 2529 4207 Prochiri
2565 4166 2611 4207 et
2648 4159 2734 4208 Bn-

399 4230 660 4283 silicorum.
