2900 4950
387 243 515 305 540
1263 255 1381 305 con.
1418 256 1490 305 w.
1563 255 1679 305 Nor.
1713 253 1849 304 xcu.

386 426 417 466 a
453 398 630 486 'parte
676 405 1021 466 Pisauorum
1068 404 1222 467 illata
1268 405 1328 466 in
1374 406 1716 467 memoriam
1764 423 2062 476 revocans,
2109 422 2295 483 eaque
2326 403 2400 465 ab
2436 402 2584 484 ipsis
2616 404 2742 465 Ro-

388 509 582 568 manie
628 507 943 568 restaurari
989 506 1239 568 vicissim
1288 507 1545 587 exigens,
1597 508 1669 568 ad
1717 506 1981 568 ultimum
2029 524 2100 565 ex
2128 504 2525 584 predictorum
2572 505 2740 585 lega·

388 621 578 671 torum
626 608 899 688 precibus
943 607 1328 670 abolicionem
1376 608 1613 688 quidem
1670 627 1904 681 eorum,
1967 625 2081 687 que
2138 625 2209 667 ex
2264 625 2382 685 quo
2441 615 2737 685 tyrannus

386 710 724 790 supervenit
773 728 960 788 usque
1016 709 1077 770 in
1135 728 1383 789 presens
1441 718 1567 770 acta
1623 718 1762 771 sunt
1819 709 1903 770 eis
1959 707 2280 781 concessit;
2348 707 2735 769 immemores

387 822 581 873 autem
629 821 687 872 et
730 830 833 872 eos
879 812 1001 871 sore
1046 812 1308 871 omnium
1344 811 1739 889 negociorum,
1786 829 1901 890 que
1930 809 2217 870 hactenus
2260 816 2317 869 et
2349 827 2534 887 usque
2570 827 2737 870 nuuc

387 933 455 975 ex
503 912 793 992 aliquibus
838 912 1062 985 causiS,
1103 912 1262 991 juste
1308 912 1395 972 vel
1441 912 1688 992 injuste,
1734 911 2111 991 producenda
2157 908 2481 983 habebant,
2526 910 2732 989 exigit.

389 1015 465 1076 Et
508 1014 742 1094 quidem
789 1023 848 1074 et
892 1013 970 1073 hii
1016 1013 1323 1074 clementie
1357 1021 1556 1074 nostre
1586 1012 1950 1073 concessioni
1995 1029 2326 1092 repugnare
2356 1010 2517 1071 nullo
2548 1012 2731 1072 modo

389 1119 804 1189 decreverunt;
864 1134 993 1175 cum
1055 1115 1232 1176 multa
1290 1134 1426 1175 vero
1483 1114 1796 1193 gratiarum
1856 1113 2084 1174 actione
2140 1131 2271 1174 eam
2313 1112 2731 1192 suscipientes,

389 1224 759 1278 sacramento
804 1215 1211 1278 certitudinem
1256 1214 1510 1295 Imperio
1569 1225 1772 1276 nostro
1828 1216 2092 1276 fecerunt
2136 1223 2250 1274 tam
2297 1214 2371 1274 de
2416 1213 2731 1287 oblivione,

389 1338 565 1398 quam
611 1312 822 1380 civitas
856 1327 916 1378 et
956 1325 1109 1378 terra
1145 1316 1351 1377 Pisana
1398 1317 1458 1376 in
1502 1324 1851 1396 perpetuum
1896 1315 2196 1376 habebunt
2225 1333 2427 1376 eorum
2460 1315 2732 1377 videlicet

390 1420 653 1480 omnium
701 1418 1088 1498 dampnorum
1135 1436 1248 1497 que
1298 1436 1488 1496 usque
1533 1436 1690 1477 nunc
1733 1417 2083 1495 quibusdam
2130 1416 2357 1477 Pisanis
2407 1435 2439 1476 a
2487 1416 2730 1479 Romeis

391 1520 546 1581 illata
592 1529 760 1591 sunt,
818 1527 1214 1597 quotcumque
1258 1530 1317 1579 et
1360 1518 1807 1598 qualiacumque
1852 1518 2001 1590 sint,
2063 1536 2238 1595 quam
2284 1527 2344 1578 et
2387 1517 2461 1578 de
2505 1518 2624 1579 fide
2670 1527 2732 1580 et

390 1620 632 1680 servicio
678 1638 852 1699 quam
899 1629 958 1681 et
1002 1620 1156 1699 quod
1205 1619 1459 1698 Imperio
1504 1629 1738 1692 nostro,
1795 1618 2112 1679 heredibus
2168 1626 2226 1678 et
2281 1618 2728 1680 successoribus

389 1720 539 1801 ejus.
586 1720 815 1800 ipsique
861 1720 1143 1781 Romanie
1175 1719 1484 1781 observare
1532 1720 1589 1780 in
1637 1721 1830 1781 futuro
1876 1720 2109 1780 debent.
2198 1718 2462 1799 Amplius
2506 1720 2728 1799 quippe

389 1823 677 1883 serenitas
723 1822 958 1902 Imperii
1002 1822 1186 1882 nostri
1233 1840 1335 1882 eos
1380 1832 1693 1901 acceptans
1737 1830 1794 1882 et
1837 1820 2321 1901 supplicationem
2353 1840 2557 1882 eorum
2591 1840 2727 1881 cum

391 1923 636 1985 multum
683 1923 1095 2004 supplicatoria
1142 1933 1201 1983 et
1243 1922 1569 2002 procidenti
1616 1924 1797 2001 tigura
1844 1925 2031 1983 susam
2072 1922 2143 1983 ad
2177 1932 2437 1984 nostram
2470 1922 2732 1983 clemen-

390 2025 527 2085 tiam
574 2025 911 2096 exaudiens,
967 2044 1085 2085 non
1132 2024 1318 2085 solum
1365 2024 1721 2085 habitatores
1766 2023 2010 2084 civitatis
2055 2032 2113 2085 et
2154 2034 2309 2085 terre
2355 2023 2621 2084 Pisarum
2668 2023 2728 2083 iu

389 2145 457 2186 ea
498 2125 652 2204 jura,
700 2144 812 2204 que
860 2125 1002 2204 ipsis
1046 2126 1104 2186 in
1153 2126 1434 2186 Romania
1482 2125 1792 2205 precellata
1840 2125 2086 2196 fuerant,
2142 2124 2369 2186 restitui
2413 2124 2728 2199 concessit,

391 2247 588 2288 verum
636 2227 810 2288 etiam
867 2228 1190 2287 secundum
1250 2226 1479 2288 Domini
1538 2227 1887 2287 sententiam
1934 2245 2114 2306 super
2159 2246 2340 2306 pauca
2388 2224 2594 2287 fideles
2639 2245 2734 2287 re-

390 2329 628 2409 periens
674 2347 853 2407 super
897 2329 1073 2389 multa
1121 2328 1438 2399 constituit,
1488 2336 1545 2388 et
1588 2328 1658 2388 ad
1709 2327 2163 2389 notificationem
2209 2346 2411 2387 eorum
2453 2346 2569 2406 que
2616 2326 2734 2387 Im-

393 2431 558 2512 perio
606 2438 827 2501 nostro,
874 2429 1188 2489 heredibus
1233 2438 1290 2492 et
1335 2430 1775 2491 successoribus
1820 2429 1948 2510 ejus
1993 2438 2052 2490 et
2085 2428 2365 2489 Romanie
2412 2429 2470 2489 in
2519 2447 2735 2508 perpe-

395 2542 557 2593 tuum
603 2532 711 2610 ipsi
772 2530 1009 2609 polliciti
1067 2540 1238 2605 sunt,
1306 2541 1365 2592 et
1419 2551 1621 2592 eorum
1683 2551 1796 2611 que
1842 2531 2107 2596 similiter
2152 2531 2294 2610 ipsis
2338 2550 2370 2591 a
2417 2531 2733 2591 clementia

393 2613 592 2692 nostra
637 2630 844 2692 collata
890 2641 1057 2705 sunt,
1114 2652 1360 2712 presens
1405 2632 1815 2712 chrysobolum
1862 2633 2100 2693 verbum
2145 2633 2230 2693 eis
2275 2632 2540 2705 donavit,
2589 2651 2737 2692 con-

394 2733 587 2794 tinens
643 2733 715 2793 de
774 2733 946 2794 verbo
1005 2735 1075 2794 ad
1136 2734 1369 2794 verbum
1429 2753 1495 2794 ea
1552 2754 1665 2814 que
1726 2754 1883 2795 nunc
1935 2734 2006 2793 ab
2052 2733 2123 2794 iis
2168 2742 2333 2812 pacta
2381 2742 2626 2793 suntet
2671 2733 2735 2793 in

393 2833 651 2896 chartula
709 2834 916 2898 litteris
972 2836 1168 2897 latinis
1225 2835 1437 2914 scripta
1498 2844 1556 2896 et
1619 2834 2050 2914 subscriptione
2115 2854 2316 2895 eorum
2383 2836 2733 2894 confirmata

392 2937 816 3015 comprehensa
862 2947 1002 2998 sunt
1058 2947 1115 3000 et
1171 2955 1372 2997 eorum
1432 2936 1717 3015 corporali
1777 2945 2143 2997 sacramento
2200 2934 2611 3009 corroborata,
2677 2945 2737 2995 et

392 3056 507 3116 que
553 3038 901 3117 plenitudini
947 3038 1210 3099 Pisarum
1257 3040 1404 3098 sacta
1449 3047 1587 3097 sunt
1631 3036 1991 3120 chrysubula
2009 3037 2179 3098 verba
2228 3055 2465 3115 semper
2509 3055 2739 3097 memo-

311 3157 316 3168 ·
396 3140 713 3200 randorum
760 3140 1197 3220 imperatorum,
1244 3139 1440 3219 proavi
1486 3138 1706 3199 scilicet
1750 3137 1987 3218 Imperii
2033 3137 2237 3210 nostri,
2284 3137 2503 3198 domini
2549 3136 2737 3201 Alexii

394 3240 712 3313 Comnani,
770 3250 828 3302 et
871 3241 1349 3302 desideratissimi
1409 3240 1600 3319 patrui
1647 3239 2009 3302 celsitudinis
2056 3250 2285 3314 nostre,
2343 3239 2564 3300 domini
2609 3240 2745 3302 Ma-

395 3342 603 3414 nuelis,
650 3342 708 3401 in
757 3342 969 3422 quibus
1014 3343 1248 3422 quidem
1298 3343 1617 3403 recitantur
1660 3360 1773 3420 que
1820 3351 1959 3402 tunc
2002 3361 2033 3401 a
2081 3340 2309 3403 Pisanis
2356 3349 2514 3420 pacta
2559 3340 2745 3403 fuere

391 3451 450 3503 et
496 3462 610 3521 que
656 3453 691 3503 a
734 3453 898 3522 parte
943 3443 1224 3504 Romanie
1270 3443 1355 3503 eis
1402 3442 1627 3503 collata.

570 3542 758 3604 Habet
800 3545 977 3625 igitur
1020 3544 1325 3605 conventio
1370 3544 1584 3623 scripta
1643 3544 1877 3624 quidem
1924 3563 2039 3623 que
2086 3563 2125 3604 a
2175 3542 2487 3604 notificatis
2527 3541 2745 3620 legatis

397 3645 664 3706 Pisarum
711 3647 783 3707 ad
828 3646 1145 3725 Imperium
1195 3655 1492 3720 nostrum,
1539 3646 1792 3708 heredes
1836 3656 1894 3707 et
1937 3663 2310 3706 successores
2356 3643 2514 3723 ejus,
2560 3653 2623 3705 et
2667 3644 2749 3705 ad

395 3747 581 3827 ipsam
629 3748 971 3809 Romaniam
1021 3748 1165 3808 l'acta
1214 3756 1321 3821 est,
1369 3757 1426 3808 et
1472 3748 1628 3826 quod
1675 3766 1856 3827 super
1899 3767 2026 3808 eam
2066 3746 2469 3826 jurameutum
2516 3745 2745 3806 factum

394 3857 502 3922 est,
551 3849 669 3910 sic:

565 3951 744 4025 „Nos,
792 3950 963 4029 legati
1009 3951 1251 4011 civitatis
1298 3959 1356 4011 et
1401 3960 1556 4012 terre
1603 3949 1843 4022 Pisane,
1895 3948 2205 4010 Rainerius
2251 3946 2495 4008 Gaetani
2541 3953 2601 4007 et
2652 3947 2758 4009 Si-

394 4052 633 4130 „gerius
671 4052 871 4133 judex,
919 4052 1080 4113 missi
1127 4073 1157 4114 a
1202 4052 1470 4124 Tedicio,
1518 4051 1748 4112 comitis
1793 4051 2022 4128 Ugolini
2069 4050 2219 4123 tilio,
2266 4055 2555 4128 potestate
2600 4048 2759 4109 civi·

395 4152 572 4224 „tatis
617 4164 676 4214 et
721 4161 873 4216 terre
919 4154 1159 4227 Pisaue,
1217 4152 1675 4215 ac·consiliariis
1718 4153 1966 4232 ipsoque
2012 4151 2308 4213 communi
2354 4149 2484 4229 ejus
2530 4148 2607 4210 ad
2659 4150 2754 4212 al-

394 4251 724 4324 „tissimum
781 4256 1194 4334 imperatorem
1251 4255 1610 4316 Romeorum
1665 4263 1724 4315 et
1778 4272 2015 4334 semper
2065 4262 2375 4333 augustum
2422 4250 2749 4313 dominum

392 4352 724 4442 „llsaakium
771 4355 1084 4434 Angelum,
1142 4365 1202 4417 et
1253 4355 1585 4434 injunctum
1637 4355 1710 4417 ab
1757 4354 1844 4416 eis
1892 4355 2177 4418 habentes
2220 4353 2462 4435 petendi
2504 4353 2581 4414 ab
2630 4353 2755 4414 im-
