2900 4950
1104 273 1221 337 lmp.
1259 274 1405 324 Alexii
1444 275 1623 338 Angeli.
2412 269 2535 329 557

196 425 322 485 sint
363 424 488 484 sive
524 427 783 503 pemani,-
830 434 886 485 et
930 425 1231 506 offendent
1274 444 1407 487 eum
1439 436 1497 487 et
1527 428 1955 507 empuynabunt
1985 441 2042 490 et
2070 445 2535 512 persequentur,

195 527 262 584 in
297 534 579 603 erentque
622 528 681 587 ei
701 523 944 598 malum,
988 528 1147 606 quod
1175 528 1413 605 inferre
1441 527 1746 598 valebunt,
1794 529 1948 589 bona
1975 530 2112 609 fide,
2159 535 2288 592 sine
2314 533 2539 610 fraude

198 633 257 684 et
297 624 458 685 malo
501 628 777 702 in9en1‘05
819 635 878 685 et
919 628 1356 705 impugnabunt
1401 647 1562 697 mm,
1622 630 1902 709 qvtamdiu
1947 639 2004 690 et
2049 629 2244 691 stolus
2292 631 2544 710 Imperii

197 743 404 785 eorum
457 727 832 804 impuynabit
889 744 1018 787 cum
1074 728 1226 787 bona
1269 729 1420 807 fide,
1480 733 1609 790 sine
1653 731 1905 808 froude.
1988 730 2065 790 Et
2110 736 2168 791 si
2207 727 2533 816 aliqua[m]

198 835 509 886 terrarum
553 830 783 887 inimici
822 826 1159 905 Imperialis
1206 829 1579 891 celsitudinis
1628 834 1864 909 ceperit,
1912 831 2187 892 debemus
2232 836 2293 892 in
2339 851 2407 892 ea
2440 851 2536 893 ec·-

199 925 440 986 clesiam
485 936 540 986 et
584 926 880 988 embolum
924 939 979 988 et
1023 928 1248 989 scalam
1294 929 1511 991 habere
1557 943 1612 992 et
1659 936 2021 992 conversari
2062 936 2190 992 sine
2236 938 2401 993 omni
2429 934 2536 994 da·-

196 1030 375 1086 tione.
471 1026 862 1088 Veruntamen
908 1029 1101 1091 stolus
1149 1029 1400 1109 Imperii
1438 1049 1645 1092 eorum
1692 1032 1861 1092 debet
1901 1042 2107 1094 tantus
2151 1051 2296 1103 esse,
2341 1051 2536 1113 quan·-

103 1127 148 1137 “
199 1139 297 1188 tus
343 1138 401 1188 et
439 1139 670 1198 noster,
718 1139 826 1190 aut
869 1130 1148 1208 amplior.
1229 1131 1547 1210 Postquam
1591 1144 1788 1193 autem
1833 1130 2182 1207 hujusmodi
2222 1139 2537 1194 servitium

117 1246 126 1255 ·
197 1227 463 1307 Imperio
510 1247 716 1290 eorum
758 1235 1125 1308 pereyerint,
1175 1232 1387 1303 debent
1433 1232 1651 1293 habere
1696 1250 1772 1293 ew
1798 1231 2006 1310 yoleis,
2052 1251 2161 1312 que
2193 1235 2261 1292 de
2302 1233 2536 1296 Venetia

194 1331 518 1397 exiverint,
564 1329 643 1389 ad
685 1348 857 1391 suam
901 1335 1310 1393 reversionem
1349 1332 1554 1411 yaleas
1585 1342 1690 1403 tot,
1738 1343 1883 1412 quot
1912 1337 1995 1393 eis
2024 1337 2359 1394 necessarie
2391 1353 2534 1395 con-

195 1432 504 1489 venienter
546 1442 741 1499 erunt,
790 1442 847 1492 et
889 1436 1019 1492 sine
1062 1433 1286 1509 fraude
1329 1444 1387 1494 et
1431 1434 1587 1494 bona
1627 1435 1767 1513 fide.
1878 1513 1885 1519 .

364 1529 579 1600 Item,
633 1543 955 1612 postquam
1011 1532 1360 1608 hujusmodi
1416 1533 1583 1612 qalee
1644 1533 1947 1595 Venetiam
1976 1538 2424 1612 pervenerint,
2483 1539 2542 1595 si

195 1648 405 1691 eorum
449 1629 776 1710 Imperium
834 1633 1103 1694 voluerit
1145 1652 1244 1696 eas
1287 1637 1353 1693 in
1394 1633 1746 1695 Romaniam
1790 1652 2045 1696 rursum
2092 1637 2304 1696 reduci
2343 1654 2380 1696 a
2435 1635 2536 1698 Ve-

193 1735 420 1801 neticis,
464 1732 572 1811 fiet
616 1737 701 1792 sic
716 1750 734 1805 3
782 1744 839 1793 et
879 1738 1289 1812 uniusquisque
1331 1752 1555 1805 eorum,
1603 1741 1705 1815 qui
1748 1755 1848 1796 eas
1894 1737 2167 1805 reducet,
2213 1737 2380 1797 debet
2425 1736 2536 1797 lta·-

198 1833 335 1911 Qerc
385 1836 644 1912 proprie
698 1834 983 1894 mercedis
1026 1839 1255 1911 qratia,
1312 1837 1473 1914 quod
1515 1847 1839 1914 conpetens
1880 1847 1971 1896 est
2014 1838 2339 1897 secundum
2385 1848 2535 1898 tem·-

101 1964 112 1971 ·
191 1951 332 2013 pus.
421 1933 494 1993 Si
533 1944 733 1994 autem
781 1932 1108 2012 Imperium
1152 1952 1360 1994 eorum
1404 1935 1669 1995 voluerit
1710 1954 1823 2014 per
1867 1937 2023 1997 alias
2062 1954 2362 2014 personas
2409 1942 2535 1998 sive

190 2050 310 2111 per
349 2032 532 2093 aliam
574 2032 837 2113 aliquam
883 2035 1382 2111 dispensationem
1427 2039 1833 2096 reversionem
1878 2054 2084 2096 eornm
2128 2036 2273 2114 fieri
2312 2040 2379 2097 in
2409 2047 2535 2098 ter-

197 2150 329 2192 ram
385 2152 491 2193 sue
551 2133 954 2205 celsitudinis,
1015 2132 1207 2194 licebit
1253 2144 1308 2194 et
1355 2134 1464 2195 hoc
1511 2139 1581 2195 ei.
1669 2135 1743 2195 Si
1783 2153 1925 2197 vero
1971 2134 2263 2198 volluerit
2308 2155 2409 2197 eas
2452 2138 2538 2200 ibi

197 2234 518 2303 custodiri,
577 2235 999 2296 custodientur
1054 2236 1132 2297 ad
1189 2234 1475 2296 honorem
1536 2235 1787 2315 Imperii
1837 2253 2074 2305 eorum,
2136 2249 2435 2314 tamquam
2481 2242 2537 2298 si

186 2337 446 2414 proprie
491 2344 690 2395 essent
737 2332 989 2407 Venetie,
1035 2349 1429 2399 veruntamen
1479 2355 1608 2397 cum
1655 2336 1973 2417 imperiali
2012 2353 2298 2416 expensa.

365 2434 577 2507 Item,
638 2439 696 2497 si
733 2437 805 2499 ol>
849 2440 1211 2517 yravitatem
1253 2435 1519 2518 aliquam
1564 2436 1911 2515 hujusmodi
1947 2436 2110 2516 yolee
2158 2441 2537 2517 nequiverint

195 2539 518 2600 secundum
551 2537 866 2617 prefixum
913 2544 1237 2600 terminum
1283 2541 1384 2599 de‘·
1407 2539 1641 2600 Venetia
1684 2545 1919 2609 venire,
1978 2530 2242 2613 (debeht)
2288 2543 2353 2600 in
2397 2558 2534 2601 ser-

194 2644 404 2700 vitium
435 2639 608 2716 ,stoli
661 2637 912 2717 Imperii
961 2657 1168 2702 eorum
1223 2641 1464 2718 inoredi
1510 2643 1793 2702 universi
1842 2643 1905 2700 in
1960 2639 2252 2701 Romania
2304 2644 2541 2701 innomi

200 2740 478 2808 Venetici,
540 2741 862 2800 secundum
915 2741 1072 2818 quod
1125 2745 1403 2819 superius
1461 2739 1833 2804 declaratum
1888 2752 2008 2811 est,
2068 2740 2294 2803 scilicet
2339 2743 2410 2803 de
2453 2740 2541 2801 IV
2607 2725 2621 2740 ⁸

195 2851 340 2910 tres,
387 2857 517 2899 cnm
560 2858 752 2918 snpra
796 2843 1026 2917 scripta
1069 2856 1238 2915 roya.

366 2938 579 3011 Item,
639 2944 695 3000 si
745 2931 1018 3023 caſtrum]
1066 2938 1327 3018 Imperio
1386 2941 1621 3018 expedit
1667 2938 2045 3014 adjutorium
2088 2941 2169 3001 ad
2208 2942 2535 3002 vindictam

198 3052 362 3102 terre
418 3038 762 3118 Imperialis
819 3038 1190 3100 celsitudinis
1249 3040 1319 3100 ob
1376 3039 1634 3120 aliquem
1689 3044 1993 3101 inimicum
2057 3044 2123 3100 in
2183 3040 2535 3102 Romaniano

195 3146 615 3217 inyressurum
674 3157 803 3199 cum
855 3138 1044 3216 ,qoleis
1089 3141 1492 3220 quadrayinta
1536 3151 1644 3200 aut
1677 3140 2002 3219 pluribus,
2059 3152 2115 3200 et
2162 3145 2366 3220 nequit
2410 3141 2535 3202 lm-

186 3244 430 3320 perium
486 3257 694 3301 eorum
743 3256 864 3320 pro
924 3238 1159 3301 auxilio
1224 3245 1462 3302 mittere
1522 3240 1852 3312 Venetiam,
1912 3242 2073 3302 debet
2132 3240 2535 3322 Imperatoria

192 3340 482 3418 majestas
537 3340 832 3403 Veneticos
891 3342 1172 3403 inducere
1217 3343 1296 3403 ad
1340 3361 1447 3403 sue
1492 3353 1658 3403 terre
1704 3344 2109 3421 defensionem
2158 3354 2371 3405 contra
2419 3343 2535 3403 hu·-

182 3442 528 3520 juscemodi
577 3446 909 3513 inimicum,
969 3446 1244 3504 inventos
1302 3447 1367 3504 in
1421 3462 1639 3523 mayna
1692 3444 1843 3505 urbe
1900 3443 2171 3505 videlicet
2227 3453 2287 3505 et
2330 3443 2534 3505 circlis

194 3562 338 3612 eam,
386 3553 443 3603 et
485 3544 557 3604 ab
581 3561 671 3606 ‘ea
713 3554 771 3605 et
818 3543 963 3605 locis
997 3542 1342 3632 jacentibus
1392 3546 1595 3606 circha
1625 3564 1773 3618 eam,
1821 3563 2035 3606 versus
2071 3557 2271 3607 ortum
2303 3556 2361 3606 et
2390 3563 2534 3607 ver-

191 3662 303 3706 sus
358 3661 632 3706 occasum
682 3662 870 3723 usque
926 3646 1004 3705 ad
1051 3645 1327 3715 Avidum,
1389 3646 1582 3726 ibique
1636 3645 1917 3708 similiter
1976 3657 2285 3726 repertos,
2346 3658 2401 3708 et
2466 3652 2530 3707 in

196 3749 415 3817 terris,
486 3763 596 3824 que
651 3745 824 3822 infra
882 3756 1052 3815 sunt,
1116 3765 1305 3826 usque
1353 3745 1786 3825 Filadelphiam
1842 3757 1901 3808 et
1956 3751 2019 3808 in
2076 3767 2176 3817 ea,
2247 3759 2304 3808 et
2344 3765 2532 3825 usque

193 3841 659 3927 Adrianupolim
704 3856 762 3906 et
804 3847 870 3904 in
914 3862 1001 3914 ea,
1048 3863 1126 3905 ex
1169 3855 1433 3925 quatuor
1480 3857 1626 3915 tres,
1674 3865 1807 3906 cnm
1849 3856 1939 3907 tot
1981 3845 2187 3922 yoleis,
2235 3857 2379 3925 quot
2422 3865 2533 3907 ar-

190 3963 364 4007 mare
417 3946 729 4015 valebunt,
791 3948 1026 4005 inventi
1079 3946 1404 4006 secundum
1441 3946 1779 4025 predictum
1825 3947 2122 4013 ordinem,
2182 3964 2315 4006 cum
2358 3950 2535 4009 etiam

193 4048 516 4125 manifesta
560 4065 731 4127 roya.
812 4043 943 4107 Tali
980 4048 1182 4126 itaque
1223 4046 1397 4106 modo
1441 4045 1666 4124 talique
1714 4046 1924 4106 ordine
1955 4044 2268 4120 juvabunt
2311 4056 2368 4107 et
2398 4048 2534 4126 def·—

192 4148 446 4227 sendent
483 4147 838 4210 Romaniam
889 4146 1145 4208 Venetici
1197 4157 1413 4207 contra
1468 4164 1697 4207 omem
1745 4146 2037 4207 hominem
2080 4157 2436 4208 coronatum
2477 4159 2534 4212 et

193 4266 321 4310 non
369 4261 743 4326 coronatum,
790 4263 849 4313 et
892 4259 1110 4312 contro
1146 4265 1374 4308 omnem
1415 4258 1644 4325 gentem
1686 4246 2035 4308 Romaniam
2079 4265 2292 4308 nocere
2321 4249 2533 4310 volen-

197 4360 333 4420 tem,
348 4361 542 4429 prout
563 4356 845 4431 superius
866 4350 1236 4413 declaratum
1259 4360 1348 4410 est
1360 4373 1383 4428 ‚-
1414 4359 1472 4411 et
1496 4361 1710 4411 contra
1728 4352 1926 4429 ipsum
1950 4367 2143 4428 regem
2166 4348 2529 4412 Alemannie.
