2900 4950
1222 270 1340 332 lmp.
1372 269 1566 319 Tiberii.
2476 269 2552 329 21

223 423 358 486 τῶν
403 418 483 486 ἐπ
494 412 920 506 ινενοημένων
963 416 1140 484 τισὶν
1186 411 1325 483 ἀπὸ
1375 417 1614 501 χρόνου
1667 420 1848 500 τινὸς
1900 424 2069 508 πρὸς
2113 427 2364 515 βλάβην
2405 431 2559 496 τού-

224 546 344 588 του
387 522 608 589 τελῶν.
696 521 791 606 τῷ
835 519 958 605 γὰρ
1000 515 1297 605 ἡμετέρῳ
1336 517 1564 605 κράτει
1608 525 1733 604 μία
1773 528 1877 601 τίς
1919 522 2097 592 ἐστιν
2140 523 2302 615 αὕτη
2347 553 2559 598 σπου-

226 621 305 710 δὴ
322 672 340 702 ,
406 622 526 701 τὰς
580 622 901 706 ἐπαρχίας
945 614 1380 704 εὗνομεῒσθαί
1417 646 1493 687 τε
1532 623 1640 688 καὶ
1686 616 2006 710 ἀσφαλῶς
2060 627 2401 697 οἰκεῖσθαι
2452 637 2561 700 καὶ

222 727 341 811 τῆς
381 726 513 789 τῶν
557 718 889 808 ἀρχόντων
947 716 1311 788 ἀπολαύειν
1354 722 1799 811 δικαιοσύνης,
1865 726 2019 805 τούς
2072 754 2147 796 τε
2206 731 2561 815 δημοσίους

225 819 587 909 ἀμέμπτως
633 823 1028 908 εἰσάγεσθαι
1072 823 1336 911 φόρους.
1427 820 1504 891 οὗ
1546 823 1668 912 γὰρ
1713 824 1929 905 ἄλλως
1985 829 2200 897 ἔνεστι
2242 831 2320 899 τὸ
2366 837 2562 901 πολί-

220 952 429 1010 τευμα
473 925 951 1005 διασώζεσθαι,
1000 924 1091 1011 μὴ
1134 928 1267 993 τῶν
1311 921 1596 1011 εὐσεβῶν
1642 928 2078 1015 εἰσαγομένων
2121 934 2557 1019 τελεσμάτων,

222 1027 296 1108 ἐξ
350 1018 440 1094 ὧν
509 1026 588 1093 τὸ
643 1027 765 1110 μὲν
822 1027 1290 1112 στρατιωτικὸν
1350 1027 1756 1115 τρεφόμενον
1820 1041 1965 1111 τοῖς
2029 1036 2381 1120 πολεμίοις
2446 1035 2561 1104 ἆν-

217 1130 627 1207 θίσταται“,
688 1138 966 1213 φρουρεῖ
1020 1130 1091 1196 δὲ
1145 1127 1302 1208 τούς
1345 1154 1417 1195 τε
1463 1123 1700 1214 ἀγροὺς
1752 1133 1859 1197 καὶ
1903 1131 2024 1212 τάς
2065 1136 2324 1217 πόλεις,
2385 1134 2560 1205 ἀπο-

214 1230 409 1299 λαύει
456 1231 530 1296 δὲ
571 1227 656 1294 τὰ
698 1227 909 1294 λοιπὰ
950 1228 1250 1314 τάγματα
1293 1232 1425 1296 τῶν
1471 1226 2029 1318 ἇπονεμηθέντων
2074 1231 2300 1316 αὐτοῖς
2311 1289 2329 1318 ,
2383 1246 2557 1328 τείχη

216 1357 295 1398 τε
336 1333 452 1398 καὶ
507 1329 740 1409 πόλεις
797 1330 1365 1414 ἐπανορθοῦνται,
1427 1334 1536 1399 καὶ
1590 1332 1677 1399 τὰ
1731 1331 1900 1401 ἄλλα
1955 1334 2178 1404 πάντα
2234 1337 2557 1425 πρόεισιν,

220 1429 358 1498 ὅσα
400 1433 635 1519 βλέπει
675 1431 850 1518 πρὸς
890 1432 968 1498 τὸ
1011 1435 1196 1520 κοινῇ
1241 1442 1552 1500 συνοῖσον
1594 1444 1740 1513 τοῖς
1781 1431 2119 1524 ὑπηκόοις.

398 1532 498 1600 Τά
537 1540 761 1601 τοίνυν
802 1534 1239 1620 παραστάντα
1278 1531 1435 1619 ἡμῖν
1478 1540 1586 1602 καὶ
1645 1536 1759 1603 διὰ
1799 1539 1996 1606 τοῦδε
2043 1542 2162 1606 τοῦ
2204 1546 2401 1609 θείου
2445 1543 2559 1631 δη-

213 1633 504 1718 λούμενα
547 1634 753 1720 νόμου
798 1631 836 1723 ἦ
890 1635 972 1722 σὴ
1031 1636 1374 1724 ἐνδοξότης
1427 1638 1593 1704 κατὰ
1647 1638 1763 1724 τὴν
1820 1634 2178 1724 εὐδαίμονα
2231 1642 2433 1710 πόλιν
2488 1644 2556 1713 ἐν

210 1746 359 1815 τοῖς
404 1736 689 1804 εἰωθόσι
732 1735 973 1816 τόποις
1013 1737 1383 1827 προθήσει,
1442 1742 1663 1807 στελεῖ
1711 1742 1784 1809 δὲ
1825 1743 1934 1809 καὶ
1978 1743 2146 1810 κατὰ
2185 1741 2306 1823 τὰς
2350 1745 2556 1831 ἐπαρ-

207 1844 360 1921 χίας
400 1849 544 1917 τοῖς
589 1839 911 1927 συνήθεσι
949 1845 1245 1928 χριομένη
1290 1839 1824 1928 προστάγμασιν,
1882 1844 1995 1910 ἵνα
2037 1844 2283 1924 πάντες
2327 1846 2552 1927 ἰ’δοιεν,

215 1936 340 2027 ὅση
384 1941 485 2019 τὶς
526 1937 683 2027 ἡμῖν
728 1940 871 2008 ἐστι
913 1944 1031 2008 τοῦ
1075 1968 1149 2009 τε
1193 1942 1513 2028 δημοσίου
1556 1946 1674 2031 τῆς
1726 1971 1801 2012 τε
1841 1947 1976 2011 τῶν
2017 1941 2329 2035 ὑπηκόων
2371 1944 2556 2037 ἡμῶν

135 2080 146 2088 -
212 2035 574 2128 ἆβλαβείας
615 2046 963 2130 φροντίςω.

1238 2264 1409 2327 Nov.
1456 2266 1527 2328 X.

1138 2369 1284 2448 lmp.
1341 2368 1635 2430 Tiberii

1027 2470 1101 2533 de
1144 2469 1418 2551 primitiis
1460 2474 1732 2553 praedae.

916 2587 1103 2682 Περὶ
1159 2597 1316 2664 τῶν
1367 2589 1772 2687 ἇκρολείων
1805 2598 1846 2664 ¹.

1200 2710 1341 2773 Non
1383 2721 1570 2775 extat.

1223 2962 1396 3023 Nov.
1439 2961 1541 3023 xl.

1126 3061 1273 3140 Imp.
1333 3061 1626 3123 Tiberii

723 3161 796 3221 de
838 3159 1193 3222 relevatione
1236 3161 1646 3241 publicorum*
1712 3161 1801 3236 (Α.
1848 3163 2050 3236 575.)¹

806 3293 1001 3390 Περὶ
1051 3302 1501 3391 κουφισμῶν
1552 3292 1956 3390 δημοσίων.

381 3437 694 3517 Μέγιστα
746 3433 879 3497 τῶν
941 3429 1009 3495 ἒν
1066 3422 1465 3515 ἀνθρώποις
1528 3429 1708 3497 ἐστὶν
1761 3423 1991 3515 ἀγαθὰ
2046 3428 2426 3518 δικαιοσύνη
2479 3456 2553 3498 τε

207 3535 315 3600 καὶ
363 3535 867 3620 φιλανθρωπία,
914 3526 953 3618 ἡ
996 3532 1117 3614 μὲν
1160 3531 1237 3596 τὸ
1283 3530 1432 3598 ἰ’σον
1476 3531 1730 3618 ἑκάστῳ
1774 3538 2062 3617 νέμουσα
2101 3533 2210 3598 καὶ
2254 3535 2386 3600 τῶν
2433 3527 2551 3600 ἆλ-

342 3718 381 3748 ¹⁴
420 3722 528 3771 Bas,
567 3712 1035 3770 ἆντικαθὶσταται.
1180 3718 1216 3747 ¹⁵
1250 3723 1531 3772 Theodorus
1568 3724 1971 3787 subscriptionem
2013 3723 2183 3772 habet:
2224 3716 2547 3788 ἐξεφωνῆθη

206 3801 341 3874 μηνὶ
377 3801 674 3872 δεκεμβρίῳ
712 3799 814 3854 tuo.
857 3801 906 3867 η’
942 3799 1029 3854 ἐπὶ
1062 3804 1157 3866 τῆς
1189 3802 1465 3870 βασιλείας
1502 3808 1758 3874 τιβερίου,
1800 3808 1845 3856 b.
1886 3823 1929 3857 e.
1966 3821 2091 3856 anno
2130 3805 2245 3855 574.

344 3889 359 3918 ¹
397 3892 526 3940 Haec
562 3899 759 3954 quartae
795 3891 1012 3940 Novellae
1047 3892 1223 3940 Tiberii
1271 3891 1463 3940 rubrica
1510 3899 1584 3939 est
1631 3892 1680 3941 in
1728 3891 1884 3940 indice
1921 3889 2219 3940 collectionis
2254 3888 2549 3939 Novellarum

207 3976 400 4039 Tiberii,
439 3989 584 4039 quem
620 3976 886 4025 Marcianus
912 3975 1206 4025 Novellarum
1229 3976 1387 4024 Codex
1417 3973 1678 4024 hodiedum
1714 3981 1938 4038 praestat.
2009 3975 2079 4023 lbi
2105 3982 2261 4023 tamen
2282 3963 2551 4040 ἀκρολίων

209 4062 451 4122 scribitur,
488 4061 619 4125 quod
656 4060 918 4110 inauditum
956 4067 1045 4110 est.
1117 4059 1370 4109 Emendavi
1394 4052 1522 4124 περὶ
1545 4050 1841 4124 &aequatem
1864 4058 1896 4108 i.
1923 4072 1966 4108 e.
1992 4059 2049 4108 de
2080 4061 2298 4123 primitiis
2328 4064 2546 4126 praedae.

210 4147 448 4196 Fortassis
484 4147 574 4196 hac
610 4145 801 4195 Novella
837 4145 1202 4194 determinatum
1242 4152 1359 4208 erat,
1397 4149 1575 4208 quanta
1611 4157 1721 4206 pars
1758 4142 1963 4207 praedae
1999 4143 2116 4193 fisco
2153 4146 2435 4194 reservanda
2469 4146 2544 4194 sit.

207 4231 431 4281 Videatur
467 4231 637 4293 Ecloga
676 4231 743 4280 tit.
780 4231 936 4280 xvm.

342 4314 357 4343 ¹
394 4316 477 4365 Est
513 4317 625 4366 Nov.
668 4315 760 4366 163
798 4315 846 4364 in
884 4314 1002 4363 Coll.
1046 4313 1140 4364 168
1188 4312 1516 4376 Novellarum,
1571 4312 1735 4377 quinta
1784 4313 1830 4362 in
1870 4313 1986 4365 Coll.
2024 4314 2320 4363 Novellarum
2360 4311 2553 4362 ‘riberii-

201 4401 410 4451 Primum
451 4400 578 4451 edita
615 4409 689 4450 est
722 4401 781 4451 ab
818 4397 1121 4450 Haloandro:
1161 4398 1402 4463 epitomen
1439 4397 1543 4462 ejus
1580 4397 1795 4448 continet
1825 4398 2065 4449 Theodori
2101 4398 2404 4448 Breviarium.
