2900 4950
360 239 486 302 366
1101 251 1219 303 eon.
1257 253 1331 303 lv.
1401 251 1515 302 Nm.
1552 250 1726 302 xxvn.
1763 251 1958 302 xxvnt.

355 399 605 504 γάμου
657 400 783 475 καὶ
837 398 1000 497 περὶ
1049 406 1188 475 ’τοῦ
1242 399 1543 494 ἀερικοῦ
1590 398 1718 473 καὶ
1782 406 2091 477 πάντων
2141 408 2300 475 τῶν
2352 408 2702 497 ψυχικῶν

350 517 918 617 χρυσόβουλλον
966 516 1283 593 τυπικὸν
1335 517 1849 607 ἐκτεθειμένον
1900 516 2090 593 κατὰ
2141 526 2345 615 μῆνα
2389 518 2700 615 σεπτέμ-

856 639 862 646 ’
949 638 1174 732 βριον
1223 643 1352 732 τῆς
1404 632 1487 708 θ’
1539 639 2028 733 ἐπινεμήσεως
2049 642 2100 709 ².

526 788 607 856 α’.
691 782 763 856 Ὁ
806 786 972 855 κατὰ
1020 787 1288 873 καιροὺς
1341 783 1675 872 θεοφιλὴς
1729 784 2004 875 ἑκάστης
2053 784 2272 871 χώρας
2328 784 2699 864 ἐπίσκοπος

356 891 572 961 ἐκεῖνα
615 888 902 976 λήψεται
947 884 1115 974 ὑπὲρ
1160 890 1501 956 κανονικοῦ
1547 881 1748 956 αὺτοῦ
1783 882 1922 954 ἀπὸ
1958 891 2090 953 τῶν
2123 886 2449 954 ἐντοπίων
2493 881 2694 954 αὐτοῦ

354 993 440 1062 τὰ
481 994 695 1080 ῥητῶς
741 990 807 1058 ἓν
852 994 944 1077 τῷ
986 989 1450 1077 χρυσοβούλλῳ
1494 992 1752 1076 τυπικῷ
1799 992 1916 1055 τοῦ
1959 996 2325 1075 μακαρίτου
2356 984 2551 1056 θείου
2580 992 2695 1075 τῆς

354 1096 699 1182 βασιλείας
753 1095 921 1177 μου3
978 1094 1432 1180 διειλημμένα,
1495 1086 1682 1170 ἅπαξ
1732 1094 1849 1156 τοῦ
1908 1089 2242 1158 ἐνιαυτοῦ·
2304 1087 2501 1178 ἤγουν
2555 1085 2694 1158 ἇπὸ

353 1200 474 1284 μὲν
516 1199 632 1283 τῆς
671 1195 890 1279 χώρας
930 1197 1046 1283 τῆς
1093 1192 1359 1279 ἐχούσης
1402 1190 1694 1270 καπνοὺς
1737 1191 1791 1257 λ’
1839 1194 2131 1280 νόμισμα
2160 1195 2228 1260 ἓν
2255 1196 2538 1279 χρυσοῦν
2580 1194 2698 1278 τῆς

354 1302 863 1384 προτιμωμένης
902 1298 1188 1382 χαραγῆς
1230 1296 1346 1379 τῆς
1372 1294 1718 1379 βασιλείας
1744 1318 1893 1379 μου,
1942 1289 2191 1380 ἀργυρᾶ
2218 1294 2298 1377 β’,
2346 1292 2530 1381 κριὸν
2562 1295 2691 1375 ἕνα,

353 1405 707 1487 κριθαρίου
762 1397 968 1482 μόδια
1025 1396 1102 1479 ς’,
1162 1396 1347 1463 οἴνου
1402 1400 1610 1481 μέτρα
1668 1394 1746 1478 ς’,
1815 1390 2093 1482 ἆλεύρας
2146 1395 2352 1479 μόδια
2411 1397 2509 1476 ἓξ,
2582 1397 2693 1464 καὶ

356 1497 630 1589 ὀρνίθια
686 1498 774 1565 λ’·
835 1492 975 1565 ἀπὸ
1034 1498 1108 1565 δὲ
1162 1500 1279 1563 τοῦ
1339 1497 1600 1579 ἔχοντος
1642 1496 1694 1564 κ’
1752 1495 2045 1577 καπνοὺς
2082 1495 2174 1563 ’τὸ
2233 1498 2535 1584 δίμοιρον
2578 1500 2695 1563 τοῦ

353 1603 762 1688 νομίσματος
804 1602 912 1666 καὶ
958 1601 1090 1666 τῶν
1133 1597 1192 1685 β’
1242 1592 1558 1684 ἀργυρῶν,
1607 1593 1854 1685 ἇργυρᾶ
1902 1598 2009 1666 ι’*·
2053 1604 2379 1686 μέσαρνον
2421 1601 2507 1680 ἓν,
2554 1623 2697 1686 κρι-

353 1711 602 1789 θαρίου
657 1700 863 1788 μόδια
924 1699 1014 1780 δ’,
1075 1702 1258 1768 οἴνου
1310 1705 1519 1787 μέτρα
1564 1700 1652 1781 δ’,
1712 1694 1993 1786 ἀλεύρας
2043 1700 2249 1786 μόδια
2292 1699 2377 1780 δ’,
2423 1702 2532 1767 καὶ
2580 1696 2694 1787 ὀρ-

354 1812 549 1873 νίθια
588 1803 643 1871 κ’
668 1825 682 1840 ·
730 1800 869 1871 ἀπὸ
916 1803 987 1870 δὲ
1029 1806 1146 1870 τοῦ
1196 1804 1454 1886 ἔχοντος
1500 1804 1654 1869 δέκα
1696 1802 1989 1882 καπνοὺς
2025 1809 2290 1889 χωρίου,
2337 1796 2588 1888 ἀργυρᾶ
2619 1801 2693 1883 ε’,

353 1903 577 1995 ἀρνίον
621 1909 710 1986 ἓν,
755 1910 1109 1990 κριθαρίου
1151 1902 1357 1989 μόδια
1398 1902 1482 1991 β’,
1530 1905 1714 1971 οἴνου
1760 1910 1970 1990 μέτρα
2008 1904 2091 1990 β’,
2152 1899 2429 1989 ἀλεύρου
2483 1903 2693 1989 μόδια

350 2011 434 2098 β’,
480 2012 587 2077 καὶ
634 2004 909 2095 ὀρνίθια
955 2004 1018 2073 ι’.

519 2110 601 2196 β’.
693 2111 825 2176 Καὶ
880 2108 994 2176 ἐπὶ
1049 2109 1182 2173 τῶν
1235 2109 1657 2192 χειροτονιῶν
1715 2109 1787 2174 δὲ
1841 2111 1975 2175 τῶν
2035 2107 2259 2192 ἱερέων
2317 2104 2354 2174 ὃ
2403 2107 2696 2188 παλαιὸς

358 2211 686 2300 ἐνεργήσει
727 2209 958 2291 τύπος,
1004 2208 1235 2286 καθώς
1278 2208 1356 2274 τὸ
1385 2202 1551 2274 αὖτὸ
1583 2209 1855 2288 διέξεισι
1882 2207 2160 2276 τυπικὸν
2184 2209 2691 2295 χρυσόβουλλον,

352 2318 461 2382 καὶ
508 2310 545 2380 ὃ
587 2311 756 2380 κατὰ
796 2313 1013 2397 χώραν
1059 2311 1430 2398 ἐπίσκᾳτος
1483 2309 1568 2377 τὰ
1623 2310 1795 2378 ἑπτὰ
1849 2310 2054 2396 μόνον
2104 2307 2352 2396 ὁμοίως
2405 2312 2695 2400 λήψεται

347 2419 587 2504 χρυσᾶ·
638 2417 705 2483 ἓν
748 2415 887 2498 μὲν,
936 2408 1047 2480 ὅτε
1089 2423 1278 2480 ποιεῖ
1305 2416 1541 2479 τοῦτον
1571 2410 1752 2481 λιτὸν
1784 2416 2023 2481 παπᾶν
2056 2411 2207 2502 ἤτοι
2237 2408 2689 2502 ἀναγνώστην·

349 2525 501 2605 τρία
548 2518 649 2597 δὲ,
710 2511 821 2583 ὅτε
860 2524 1224 2600 χειροτονεῖ
1265 2517 1500 2582 τοῦτον
1548 2514 1883 2583 διάκονον·
1947 2519 2055 2582 καὶ
2104 2516 2292 2604 ἕτερα
2333 2523 2518 2603 τρία,
2579 2512 2691 2583 ὅτε

348 2621 595 2687 τελειοῒ
635 2620 871 2684 τοῦτον
918 2616 1111 2701 ἱερέα.

517 2720 594 2807 γ’.
686 2721 817 2786 Καὶ
874 2716 1040 2785 κατὰ
1095 2718 1172 2782 τὸ
1237 2717 1517 2784 τυπικὸν
1572 2721 1690 2784 τοῦ
1755 2724 2117 2803 μακαρίτου
2178 2720 2506 2804 βασιλέως
2566 2723 2687 2785 τοῦ

346 2820 858 2908 μονομάχουῧ
890 2818 1247 2905 διορίζεται
1273 2814 1313 2907 ἡ
1343 2821 1654 2905 βασιλεία
1679 2844 1828 2905 μου,
1861 2820 1973 2887 ἵνα
2003 2816 2163 2887 ὅταν
2187 2822 2362 2899 τινὲς
2383 2823 2519 2888 τῶν
2546 2816 2685 2889 ὑπὸ

346 2923 464 3010 τὴν
510 2923 767 3010 ἑνορίαν
811 2925 942 2988 τῶν
988 2920 1153 2988 κατὰ
1192 2921 1409 3005 χώραν
1457 2920 1843 2988 ἐπισκόπων
1895 2921 2076 3008 νόμῳ
2121 2920 2333 3007 γάμου
2379 2929 2688 3008 νομίμοις

346 3025 604 3113 γυναιξὶ
659 3023 1154 3102 συνάπτωνται,
1215 3017 1748 3108 ἂναλαμβάνεται
1801 3018 1837 3088 ὅ
1895 3022 2264 3103 ἐπίσκοπος
2323 3022 2396 3104 ἐξ
2447 3018 2681 3105 αὖτῶν,

346 3123 485 3196 ἀπὸ
528 3129 648 3214 μὲν
690 3130 806 3193 τοῦ
849 3127 1144 3212 γαμβροῦ
1189 3123 1480 3210 νόμισμα
1522 3127 1589 3192 ἓν
1633 3128 1936 3210 χρυσοῦν,
1982 3120 2122 3191 ἀπὸ
2168 3127 2242 3192 δὲ
2270 3128 2388 3212 τῆς
2428 3127 2690 3214 νύμφης

345 3227 590 3299 πανίον
632 3227 866 3316 πήχεις
913 3224 1019 3311 ιβ’,
1064 3224 1296 3306 καθὼς
1340 3223 1472 3312 ἄρα
1511 3229 1620 3293 καὶ
1667 3225 1736 3293 ἐκ
1779 3228 2072 3295 παλαιοῦ
2116 3226 2511 3295 τετύπωται.

515 3330 593 3397 δ’.
676 3324 883 3399 ’Ἀλλὰ
924 3329 1034 3394 καὶ
1079 3329 1233 3413 περὶ
1278 3330 1396 3394 τοῦ
1442 3322 1737 3414 ἆερικοῦ,
1797 3327 1856 3395 εἰ
1907 3331 2027 3414 μὲν
2070 3334 2332 3415 γένηται
2372 3338 2690 3415 πταῖσμα

345 3432 532 3519 παρὰ
577 3431 694 3497 δύο
741 3431 1109 3517 ἱερωμένων
1153 3423 1196 3517 ἢ
1239 3430 1865 3517 κληρικοπαροίκων,
1914 3431 2026 3498 ἵνα
2067 3430 2534 3511 κανονίζωνται
2572 3434 2687 3498 καὶ

405 3565 486 3572 7⁴.

345 3626 375 3675 V
415 3638 460 3687 p.
489 3622 590 3684 60),
645 3627 693 3670 et
737 3619 785 3669 iu
832 3619 1049 3683 Tipucito
1098 3619 1258 3679 (nasu.
1297 3621 1370 3669 ed.
1410 3620 1595 3670 Heimb.
1634 3620 1671 3669 ΙΙ
1710 3635 1755 3684 p.
1775 3621 1847 3670 XV
1886 3629 1931 3671 et
1968 3622 2002 3671 V
2038 3621 2206 3686 p.225
2242 3630 2340 3672 not.
2379 3623 2457 3685 u),
2509 3622 2601 3671 nisi
2642 3622 2687 3671 is

344 3708 473 3760 aliud
505 3706 732 3771 Typieutu
769 3704 984 3769 ejusdem
1021 3704 1327 3767 imperatoris
1361 3704 1661 3755 intellexerit.
1729 3705 1781 3754 ln
1827 3705 2047 3769 Tipucito
2097 3707 2221 3756 enim
2271 3707 2343 3756 sic
2391 3713 2493 3757 est:
2544 3700 2685 3762 „zai

342 3786 467 3863 περὶ
501 3787 599 3839 τοῦ
634 3782 709 3856 μὴ
749 3781 1080 3846 αὐξάνεσθαι
1113 3782 1183 3840 τὰ
1218 3780 1552 3853 στεγονόμια
1585 3788 1700 3837 τῶν
1732 3781 2115 3856 ἐργαστηρίων
2136 3786 2228 3839 καὶ
2253 3788 2348 3851 τῆς
2369 3784 2458 3840 ἐπὶ
2484 3785 2685 3841 τούτου
2707 3832 2725 3853 „

340 3876 561 3938 ποινῆς·
596 3868 661 3922 τὸ
698 3864 829 3922 αὐτὸ
865 3866 975 3939 ἔφη
1010 3867 1101 3922 καὶ
1137 3865 1339 3930 ἇλέξιος
1371 3868 1620 3939 βασιλεὺς
1654 3867 1682 3921 ὁ
1717 3869 1990 3935 κομνηνὸς
2015 3868 2075 3925 ἐν
2100 3875 2178 3939 τῷ
2204 3874 2410 3941 waning}
2436 3867 2684 3924 αὺτοῦ.“

343 3963 363 3991 ²
397 3966 427 4015 i.
451 3979 492 4013 e.
518 3974 644 4013 anno
685 3958 815 4009 1086
851 3957 921 4008 vel
962 3959 1106 4009 1101.
1177 3960 1362 4019 (Annus
1397 3959 1526 4009 1116
1561 3968 1815 4023 propterea
1852 3961 2052 4011 iudicer-i
2089 3976 2184 4010 non
2222 3968 2396 4025 potest,
2434 3961 2546 4023 quia
2585 3960 2681 4009 hoc

341 4049 565 4113 Typicum
588 4061 618 4096 a
637 4046 758 4095 Patr.
781 4044 977 4094 Nicotao
1001 4043 1337 4106 Grammatico,
1375 4044 1459 4108 qui
1486 4058 1528 4094 a.
1561 4045 1681 4094 1111
1707 4045 1841 4106 obiit,
1878 4047 2242 4109 comprobatum
2266 4045 2391 4098 suit.)
2446 4044 2686 4107 Equidem

344 4146 468 4181 anno
508 4130 638 4181 1086
671 4129 1034 4192 vindicaverim;
1087 4128 1246 4179 clerus
1281 4129 1521 4191 nimirum,
1559 4128 1849 4193 simulatque
1885 4145 2034 4181 novus
2071 4132 2330 4194 imperator
2362 4143 2561 4191 regnum
2599 4143 2688 4178 oc-

344 4222 593 4279 cupasset,
628 4214 980 4277 privilegiorum
1016 4216 1214 4279 suorum
1249 4214 1660 4265 confirmationem
1700 4216 1760 4265 ab
1796 4216 2086 4279 imperatore
2121 4216 2224 4265 fleri
2261 4213 2430 4264 sedulo
2468 4214 2689 4264 curabat.

341 4312 361 4342 ³
389 4301 418 4350 i.
457 4314 498 4349 e.
535 4298 701 4348 {saucii
739 4298 988 4348 Comneni.
1059 4298 1246 4348 videsis
1279 4299 1390 4348 Nov.
1429 4298 1447 4348 1
1484 4313 1644 4363 supra.
1825 4298 1846 4325 ⁴
1885 4300 2007 4363 Lege
2044 4291 2324 4367 ἀργυροῦν
2359 4292 2411 4347 α’
2448 4297 2484 4347 ἲ.
2562 4297 2685 4348 vide

344 4390 443 4432 not.
477 4380 509 4433 8
545 4382 606 4433 ad
638 4382 751 4432 Nov.
789 4383 825 4432 t.
962 4380 984 4409 ⁸
1021 4381 1092 4431 Cf.
1131 4382 1249 4431 Con.
1285 4383 1347 4431 ΙΙΙ
1385 4382 1498 4433 Nov.
1534 4382 1615 4435 32.
