2900 4950
395 184 520 245 554
1286 192 1404 243 coti.
1441 190 1514 243 tv.
1585 193 1697 243 nov.
1735 194 1862 242 xcv.

398 346 770 427 quisitionem
818 346 1053 407 unionis
1098 345 1264 425 quasi
1310 344 1593 406 dissolute
1638 362 2010 423 nequaquam
2040 343 2574 423 superdormitavit,
2623 345 2749 439 imo

395 450 616 527 legatos
659 447 731 508 ad
780 456 1042 508 nostram
1087 446 1481 511 transmiserit
1518 445 1959 511 celsitudinem:
2008 445 2196 524 primo
2242 446 2480 524 quidem
2524 445 2752 507 Raine·

398 549 548 609 rium
596 549 816 610 Zenum
874 559 933 610 et
988 549 1168 611 filium
1230 547 1595 611 nobillissimi
1652 548 1886 626 quidem
1933 547 2109 609 Ducis
2153 546 2392 607 Venetie
2434 547 2574 606 Auri
2620 547 2755 606 Ma-

263 664 288 673 “·
394 650 559 729 gistri
607 649 780 727 Petri,
826 650 1134 721 Marinum,
1182 659 1240 709 et
1283 649 1537 727 legatum
1583 648 1656 709 ab
1700 647 1952 727 Imperio
2000 668 2131 709 meo
2174 656 2563 729 susceperuut
2606 667 2749 726 gra-

397 751 669 812 maticum
716 749 863 829 eju3‚
912 749 1534 829 protonobillissimum
1580 759 1882 828 ypertaton
1931 750 2235 810 dominum
2276 750 2612 817 Iohannem
2630 751 2749 812 Ca-

396 853 688 913 tallorum.
750 851 825 912 Et
867 851 1144 931 quoniam
1192 851 1429 929 quidem
1476 869 1582 929 per
1626 870 1757 912 eum
1805 851 1865 912 in
1910 851 2177 912 veneciis
2221 851 2583 911 sufficienter
2613 869 2746 911 mo·

395 962 651 1023 tantem,
711 941 836 1031 que=
881 952 942 1012 in
999 951 1385 1013 conventione
1440 951 1708 1030 ambigua
1766 961 1967 1024 erant,
2025 951 2166 1013 solvi
2228 970 2346 1013 non
2391 960 2741 1031 potuerunt,

396 1054 541 1115 alios
587 1054 780 1129 statim
825 1054 1046 1131 legatos
1091 1052 1165 1113 ad
1213 1064 1475 1115 nostram
1520 1052 1976 1115 transmiserunt
2018 1053 2464 1127 sublimitatem,
2522 1063 2585 1115 et
2626 1072 2745 1115 nec

396 1173 503 1234 per
546 1174 650 1215 eos
693 1155 951 1214 valentes
996 1153 1254 1233 pacisci,‘
1281 1155 1395 1233 [ac]
1449 1156 1625 1214 tinem
1666 1154 1887 1235 apponi
1936 1155 2040 1227 eis,
2090 1174 2205 1234 que
2249 1154 2322 1215 ab
2367 1154 2481 1215 hiis
2524 1174 2744 1234 quere-

396 1256 639 1330 bantur,
700 1274 809 1315 nec
866 1254 1112 1316 aliorum
1162 1255 1483 1333 legatorum
1533 1255 1872 1317 missionem
1918 1256 2417 1337 procelaverunt⁴‚
2476 1256 2597 1316 imo
2641 1276 2743 1317 ac-

281 1382 291 1393 ‘
395 1366 703 1418 cesserunt
746 1366 804 1417 et
848 1376 1081 1417 rursum
1127 1356 1200 1416 ad
1248 1365 1511 1417 nostram
1554 1357 1726 1435 legati
1748 1354 1986 1417 Venetie
2030 1356 2529 1435 tranquillitatem,
2578 1357 2743 1417 Hen-

391 1458 552 1520 ricus
608 1457 1022 1535 Navagiosus⁶,
1088 1458 1352 1519 Andreas
1409 1457 1673 1520 Donatus
1729 1468 1788 1520 et
1842 1457 2196 1521 Benedictus
2254 1448 2572 1519 Grillicni's.
2662 1458 2741 1520 Et

392 1578 527 1621 cum
575 1578 686 1619 nec
728 1559 870 1633 ista,
929 1578 1043 1638 que
1087 1558 1393 1636 legationis
1437 1568 1635 1633 erant,
1695 1577 1803 1638 pro
1846 1577 1956 1619 suo
2002 1558 2145 1623 velle
2189 1558 2351 1637 ipsos
2393 1558 2735 1635 imitantia⁶,

395 1660 453 1720 in
503 1658 799 1721 Venetiam
857 1661 928 1720 ad
988 1679 1054 1721 se
1099 1661 1395 1721 mittentes
1440 1669 1497 1725 et
1544 1660 1657 1740 ipsi
1700 1660 1961 1735 rediere,
2019 1659 2409 1739 suscipientes
2452 1680 2485 1721 a
2526 1669 2737 1723 nostra

393 1761 713 1823 serenitate
760 1760 1042 1840 legatum,
1087 1771 1479 1840 pansevastcn
1523 1772 1793 1825 sevaston
1840 1771 1899 1823 et
1940 1761 2283 1823 familiarem
2329 1761 2585 1842 Imperio
2626 1782 2739 1823 no-

393 1872 517 1925 stro
561 1862 914 1935 acclittum⁷,
961 1862 1262 1925 dominum
1306 1863 1639 1929 lohannem
1672 1863 2172 1942 Nom-scopulum
2214 1872 2277 1924 et
2318 1863 2460 1925 abiit
2500 1864 2555 1925 is
2598 1883 2737 1927 cum

397 1964 504 2025 eis.
594 1963 668 2025 Et
711 1963 884 2026 tuuc⁸
930 1946 1040 2027 nec
1083 1983 1188 2043 per
1229 1965 1405 2029 istum
1452 1965 1567 2036 eis,
1612 1983 1729 2043 que
1772 1964 1921 2043 ipsi⁹
1964 1965 2280 2038 sedebant,
2327 1963 2581 2044 majores
2626 1965 2736 2026 Ve-

394 2064 550 2127 netie
597 2067 771 2148 tinem
819 2065 1098 2129 inducere
1143 2075 1491 2144 potuerunt,
1549 2065 1693 2127 alios
1749 2065 1971 2143 legatos
2014 2067 2087 2129 atl
2134 2074 2394 2129 nostram
2439 2066 2737 2127 (luxerunt

393 2167 943 2239 mansuetudinem,
1002 2166 1236 2229 Petrum
1285 2167 1622 2229 Michaelem
1684 2167 1949 2231 videlicet
1997 2177 2056 2228 et
2113 2166 2492 2229 Octavianum
2539 2166 2736 2239 Quiri-

398 2287 567 2342 num,
613 2268 767 2329 viros
815 2268 1160 2347 prudentia,
1224 2269 1469 2331 consilio
1514 2279 1575 2333 et.
1617 2268 1792 2329 verbo
1838 2269 1993 2347 apud
2042 2264 2343 2329 veneticos
2387 2287 2564 2347 quam
2611 2286 2735 2330 ma·

391 2387 571 2447 guoS,
625 2370 723 2447 qui
769 2387 904 2429 cum
951 2379 1297 2455 pansevasto
1343 2380 1570 2431 sevasto
1617 2380 1672 2431 et
1720 2368 1969 2448 Imperio
2015 2388 2147 2431 meo
2190 2369 2457 2430 familiari
2502 2370 2736 2431 caned-

391 2469 537 2532 lario
583 2468 945 2531 vicedomino
987 2468 1250 2532 Dimitrio
1277 2471 1576 2533 Trinkio¹⁰
1619 2491 1687 2531 ex
1735 2482 2010 2551 precepto
2056 2480 2255 2536 nostre
2302 2471 2733 2550 magnificentie

391 2582 511 2634 tam
569 2572 643 2660 (le
691 2569 815 2648 jam
872 2572 1156 2649 peractis,
1225 2555 1397 2651 quam
1445 2573 1618 2634 etiam
1665 2592 1737 2634 ex
1774 2592 1927 2634 novo
1972 2573 2339 2652 paciscendis
2386 2573 2733 2637 multociens

391 2670 827 2742 ratiocinantes,
887 2672 1144 2752 denique
1187 2684 1245 2736 et
1289 2692 1484 2738 coram
1532 2682 1730 2735 nostra
1778 2673 2083 2753 majestate
2126 2684 2433 2746 steterunt,
2479 2684 2538 2736 et
2579 2675 2735 2740 inter

391 2771 716 2851 predictum
765 2774 1174 2836 cancellarium
1220 2785 1394 2854 atque
1438 2794 1542 2836 eos
1588 2784 1826 2838 tractata
1874 2775 2217 2850 retulerunt,
2263 2785 2324 2837 et
2366 2776 2607 2838 multam
2644 2777 2736 2838 in·

391 2873 686 2947 stantiam,
734 2893 844 2935 nec
889 2895 1005 2937 non
1054 2885 1113 2936 et
1157 2875 1628 2956 (leprecationem
1676 2886 1739 2939 ut
1784 2876 1869 2938 eis
1912 2875 2121 2954 placita
2168 2880 2451 2957 perficere
2486 2886 2736 2957 possent

389 2974 689 3049 facientes,
745 2977 819 3037 ad
878 2977 1287 3038 declarandam
1346 2977 1709 3055 acquievere.
1794 2977 2148 3042 Juraver'unt
2201 2988 2259 3040 et
2316 2980 2491 3040 etiam
2537 2998 2738 3042 sacra-

393 3086 677 3151 mentum,
723 3078 809 3140 sic
853 3078 925 3138 ad
972 3077 1210 3139 verbum
1253 3078 1609 3140 continensz.

565 3178 686 3240 Nos
735 3179 918 3257 leyati
956 3179 1341 3240 nobillissimi
1365 3179 1551 3240 Ducis
1587 3179 1819 3241 Venetia
1849 3190 1905 3241 et
1940 3180 2278 3261 Imperialis
2317 3187 2746 3263 protosevasti

388 3278 646 3342 Πανία·
685 3279 966 3350 Dandoli,
1016 3278 1231 3343 Petrus
1277 3280 1532 3343 Michael
1576 3292 1632 3344 et
1672 3283 2043 3343 Octam'amts
2081 3281 2400 3354 Quirinus,
2432 3276 2745 3357 J'uramas

389 3380 500 3442 Aac
547 3380 836 3442 hodierna
877 3384 993 3457 dic,
1039 3401 1151 3464 quc
1196 3395 1287 3446 est
1327 3386 1643 3462 vigessima
1688 3386 1941 3462 septima
1979 3388 2287 3462 presentis
2332 3386 2546 3446 mensis
2572 3382 2745 3463 Sep-

387 3481 635 3542 tembris
673 3489 976 3560 presentis
1023 3485 1279 3545 secunde
1322 3485 1688 3555 indictionis,
1737 3501 1848 3546 sem
1890 3483 2196 3546 nu‘llesimi
2221 3487 2751 3565 septz'nymtesimi

381 3584 625 3660 septimi
663 3588 830 3653 αηηί,
877 3586 953 3646 ad
996 3602 1174 3645 sacra
1219 3585 1318 3646 dei
1355 3585 1662 3663 evangelia
1708 3597 1761 3648 et
1793 3587 1870 3648 ad
1898 3586 2316 3648 honorabilem
2347 3596 2402 3648 et
2430 3585 2748 3665 vivifican·

381 3702 643 3757 crucem,
690 3687 850 3767 quod
893 3689 1111 3759 omnia,
1158 3705 1267 3766 que
1302 3690 1477 3766 pacti
1517 3705 1725 3749 sumus
1772 3706 1904 3748 cum
1932 3692 2313 3749 sanctissimo
2340 3699 2402 3751 et
2430 3686 2745 3752 altissimo

389 3784 767 3866 Imperatore
800 3787 1210 3849 Romanorum
1239 3800 1294 3850 et
1323 3806 1560 3868 semper
1597 3802 1853 3868 auyusto
1886 3790 2123 3852 domino
2155 3788 2369 3852 Alescio
2405 3789 2744 3862 commun,

387 3891 710 3950 secundum
759 3893 1122 3950 creationem
1166 3902 1223 3951 ct
1266 3889 1637 3953 voluntatem
1676 3892 1945 3970 predicti
1982 3889 2373 3953 nobillissimi
2403 3889 2586 3951 Ducis
2628 3888 2748 3951 Ve-

521 4138 540 4166 ⁴
579 4141 798 4191 Editores
835 4143 1127 4192 emendant:
1164 4137 1521 4208 protelaveram.
1658 4141 1677 4170 ⁶
1714 4112 1816 4194 Lin-
1853 4150 2131 4206 pactorum:
2172 4143 2472 4206 Nauna-ios.
2588 4141 2613 4168 ⁶
2656 4143 2753 4192 Le-

381 4224 563 4284 gerim:
602 4228 909 4289 mpetrarent.
1046 4224 1065 4252 ⁷
1102 4229 1201 4277 Lib.
1237 4236 1363 4291 pact.
1399 4230 1678 4281 nebahan.
1781 4226 1802 4254 ⁸
1836 4227 2058 4286 Editores
2094 4228 2230 4307 (ποιῇ,
2258 4244 2376 4279 ωσι.
2490 4223 2514 4252 ⁹
2550 4227 2749 4278 lide-2

375 4310 515 4371 ipsis.
654 4305 692 4333 '⁰
729 4309 829 4358 Lib.
865 4318 990 4373 puel.
1027 4312 1277 4363 Τιίκίοίῗο.
