2900 4950
764 260 912 324 lmpp.
950 259 1148 309 Romani
1185 265 1233 308 ct
1269 258 1569 308 Constantini
1608 258 2007 321 Porphyrogeniti.
2429 242 2551 305 253

210 402 590 492 κοινῶσεις
654 403 1033 503 πενήτων,
1099 406 1196 502 ἢν
1259 400 1717 505 ὑπηγόρευσε
1770 401 2125 500 θεόφιλος
2174 405 2550 499 πατρίκιος

364 525 491 599 καὶ
541 525 969 621 κοιαίστωρ,
1021 523 1202 619 μηνὶ
1253 521 1550 619 μαρτίῳ
1604 521 1751 596 ivd.
1807 519 1858 595 ε’
1912 523 2120 605 ἔτους
2171 520 2421 627 ,ςυνεᾍ

379 673 582 761 Παρὰ
625 677 894 743 πολλῶν
941 668 1274 758 ἇνέμαθεν
1317 669 1356 761 ἦ
1406 673 1474 740 ἔκ
1518 676 1686 739 θεοῦ
1730 674 2041 758 βασιλεία
2083 667 2301 760 ἡμῶν,
2359 668 2448 751 ῶς
2493 673 2556 739 οἱ

212 774 281 842 ἓν
309 779 403 864 τῷ
432 782 683 862 θέματι
712 780 844 843 τῶν
876 777 1390 861 θρακησίων3
1435 776 1699 841 δυνατοὶ
1731 776 1836 840 καὶ
1869 769 2313 858 ὑπερέχοντες,
2358 798 2558 839 κατα-

210 877 659 964 φρονήσαντες
700 880 806 944 καὶ
851 879 969 963 τῆς
1010 877 1357 963 βασιλικῆς
1387 881 1795 959 νομοθεσίας
1836 876 1943 941 καὶ
1977 871 2177 942 αὐτοῦ
2208 878 2326 941 τοῦ
2359 874 2558 963 φύσει

212 977 470 1046 δικαίου
527 981 636 1046 καὶ
690 982 806 1066 τῆς
858 973 1176 1065 ἡμετέρας
1229 976 1688 1062 προστάξεως,
1748 970 1824 1042 οὗ
1881 976 2211 1044 παύονται
2255 976 2557 1063 ἐπεισερ-

209 1079 480 1163 χόμενοι
524 1079 592 1147 ἐν
635 1087 1088 1167 τοῒς,χωρίοις
1132 1080 1340 1146 ἕνεκεν
1385 1073 1680 1165 άγορῶν*
1721 1079 1828 1143 καὶ
1877 1079 2139 1163 δωρεῶν
2172 1080 2278 1145 καὶ
2323 1080 2555 1166 κληρο-

210 1183 482 1265 νομιῶν,
529 1184 641 1249 καὶ
681 1183 762 1267 τῇ
804 1179 1076 1267 τοιαύτῃ
1121 1178 1466 1267 προφάσει
1519 1178 1674 1257 τοὺς
1733 1177 2052 1258 ἐλεεινοὺς
2093 1182 2558 1263 τυραννοῦντες

209 1280 518 1365 πτωχοὺς
559 1285 666 1349 καὶ
710 1285 843 1349 τῶν
889 1281 1077 1348 ἰδίων
1121 1285 1474 1361 ποιοῦντες
1514 1281 1978 1366 μετανάσταςῆ
2070 1280 2182 1346 διὰ
2233 1284 2428 1346 τοῦτο
2485 1280 2553 1347 ἐκ

209 1385 435 1468 κοινῆς
479 1383 894 1468 διασκέψεως
932 1382 1134 1467 νόμον
1164 1385 1274 1449 καὶ
1307 1382 1518 1469 δόγμα
1549 1380 1772 1449 κοινὸν
1803 1380 2211 1466 ἒκτιθέμεθα
2238 1384 2346 1448 καὶ
2378 1380 2558 1448 ἐκτυ-

212 1483 535 1570 πούμεθα
581 1484 648 1553 ἐν
695 1480 878 1563 ὅλοις
920 1481 1106 1571 ἡμῶν
1149 1495 1294 1563 τοῖς
1336 1490 1650 1569 θέμασιν,
1698 1478 1945 1561 οὕτως·

382 1583 463 1651 α’.
559 1589 708 1652 Τῶν
750 1585 873 1671 γὰρ
921 1580 1059 1652 άπὸ
1105 1590 1222 1673 τῆς
1261 1588 1610 1672 βασιλικῆς
1666 1588 2109 1667 νομοθεσίας“
2166 1583 2557 1671 εἰργομένων

213 1680 554 1773 ἀγοράζειν
598 1687 985 1774 προσώπων
1029 1690 1136 1754 καὶ
1185 1688 1402 1767 οἴκων,
1451 1688 1818 1774 βασιλικῶν
1861 1711 1934 1752 τε
1963 1685 2072 1752 καὶ
2102 1680 2369 1771 εὖαγῶν,
2417 1681 2557 1753 άπὸ

210 1790 327 1874 τῆς
368 1791 500 1855 τῶν
540 1795 797 1873 χωρίων
843 1784 1093 1873 ὃμάδος
1133 1783 1175 1875 ἢ
1215 1793 1333 1855 τοῦ
1377 1794 1813 1867 καθέκαστον,
1860 1789 1970 1854 καὶ
2014 1785 2229 1866 ἄλλως
2271 1789 2391 1870 μὲν
2420 1791 2554 1856 τῶν

211 1888 347 1975 πρὸ
390 1892 507 1977 τῆς
553 1896 958 1973 νομοθεσίας
1001 1887 1139 1956 ἀπὸ
1183 1894 1300 1975 τῆς
1341 1888 1814 1976 παρελθούσης
1845 1887 2113 1975 πρώτης
2151 1888 2558 1968 ἷνδικτιῶνος

214 1997 767 2077 προκρινομένων,
814 1997 1189 2076 βαρυτέρως
1232 1991 1304 2057 δὲ
1332 1990 1500 2074 μετὰ
1529 1989 1646 2078 τὴν
1676 1995 2114 2073 νομοθεσίαν·
2163 1986 2317 2056 οὐδὲ
2349 1985 2560 2069 οὕτως

215 2093 281 2158 οἱ
325 2094 628 2171 πλείονες
669 2095 800 2157 τῶν
834 2092 1297 2175 δυνατωτέρων
1330 2084 1700 2174 ἀπέσχοντο
1730 2093 1862 2157 τῶν
1893 2089 2065 2174 πρὸς
2092 2089 2245 2168 τοὺς
2274 2096 2560 2177 πένητας

218 2188 727 2279 ὄλεθριωτάτων
772 2191 1355 2277 συναλλαγμάτων,
1417 2187 1509 2270 ὦς
1551 2190 1663 2257 καὶ
1717 2189 1870 2270 τοὺς
1915 2190 2257 2271 δικαστὰς,
2317 2187 2556 2281 ἀνάγκῃ

214 2296 468 2379 μᾶλλον
517 2289 683 2361 ἀλλὰ
727 2294 816 2382 μὴ
864 2299 1254 2379 προαιρέσει
1299 2292 1809 2380 ἐκβιασθέντας,
1878 2290 2115 2360 ἄλλοτε
2159 2292 2362 2373 ἄλλας
2404 2298 2560 2381 περὶ

214 2396 466 2467 τούτων
515 2391 692 2463 κατ”ἷ
737 2396 1117 2481 οἰκονομίαν
1162 2395 1458 2484 ἐκφέρειν
1502 2393 1622 2475 τὰς
1666 2388 2067 2484 ἀποφάσεις.
2136 2391 2332 2463 ὅθεν8
2374 2395 2556 2486 κοινὴ

219 2538 255 2546 .-

216 2619 264 2667 p.
291 2603 400 2654 142.
437 2630 503 2639 —
542 2604 781 2653 Laudatur
817 2605 863 2653 in
903 2604 1075 2666 lit-toga
1111 2604 1192 2653 lib.
1231 2605 1356 2655 l—X
1395 2603 1538 2653 Basil.
1577 2618 1634 2653 eo
1674 2604 1796 2665 locu,
1834 2618 1977 2666 quem
2015 2618 2160 2667 supra
2195 2604 2306 2653 Nov.
2334 2605 2372 2654 ll
2406 2612 2504 2654 not.
2534 2607 2556 2656 l

217 2689 534 2738 excitavimus.
552 2714 619 2723 ——
641 2688 888 2752 Exemplar
908 2690 1048 2753 hujus
1069 2689 1288 2739 Novellae
1313 2689 1360 2738 in
1391 2690 1548 2737 thema
1575 2686 1687 2736 τῶν
1709 2678 2065 2735 Ἀνατολικῶν
2092 2688 2322 2737 directum
2365 2705 2417 2739 ex
2441 2690 2558 2741 Cod.

215 2773 362 2823 Vatic.
405 2772 532 2822 1178
569 2772 628 2832 (Ὺ)
680 2771 760 2822 iol.
798 2772 895 2822 265
942 2788 1095 2835 nuper
1143 2773 1294 2823 edidit
1341 2774 1532 2822 Witte
1578 2773 1627 2822 iu
1677 2772 1808 2821 calce
1850 2761 2113 2819 Ἆνεκδότ.
2169 2773 2244 2822 ed.
2295 2774 2481 2823 Hcimb.
2519 2775 2559 2824 ΙΙ

215 2872 264 2921 p.
301 2855 419 2905 273.
444 2881 512 2890 —
540 2855 763 2919 Tempus,
803 2871 898 2918 quo
937 2857 1062 2906 edita
1100 2865 1186 2918 est,
1224 2857 1462 2919 colligitur
1498 2872 1553 2906 ex
1592 2858 1666 2905 his
1703 2870 1827 2920 quac
1863 2864 1963 2905 not.
1990 2856 2019 2905 8
2058 2864 2105 2904 et
2148 2857 2204 2905 18
2242 2858 2559 2908 adducuntur.

218 2940 238 2966 ²
273 2940 324 2990 ln
363 2940 474 3003 Syn.
498 2940 516 2988 l
542 2938 602 2987 cl.
637 2940 886 3003 inscriptio
925 2939 1205 3002 simpliciter
1237 2942 1356 2989 haec
1389 2949 1493 2989 cst:
1530 2933 1604 2989 At
1622 2933 1817 3005 νεαραὶ
1844 2938 1941 2987 τοῦ
1963 2938 2130 3007 κυροῦ
2152 2937 2560 2990 κωνσταντίνου

218 3023 315 3072 τοῦ
348 3018 629 3087 βασιλέως.
704 3022 754 3071 ln
793 3023 904 3085 Syn.
943 3023 979 3071 ll
1020 3029 1068 3072 et
1103 3024 1167 3073 ill
1204 3025 1295 3074 cl.:
1333 3017 1408 3072 Αἱ
1438 3018 1631 3088 νεαραὶ
1668 3022 1764 3071 τοῦ
1800 3021 1967 3089 κυροῦ
1989 3020 2395 3072 κωνσταντίνου
2419 3022 2555 3081 κτλ.,

220 3109 286 3158 uti
325 3123 469 3171 supra
508 3107 685 3156 editum
724 3113 811 3154 est.
887 3106 1131 3169 Epitomae
1171 3108 1234 3156 illi
1272 3109 1320 3157 in
1359 3111 1471 3173 Syn.
1499 3108 1518 3156 t
1548 3108 1604 3156 cl.
1645 3108 1951 3157 inscribitur:
1990 3101 2252 3171 Νεαρᾶβ
2287 3122 2560 3155 κωνσταν-

216 3188 372 3241 τίνου
407 3184 531 3257 περὶ
566 3185 819 3238 δυνατῶν
853 3182 1214 3239 εἰσελθόντων
1249 3184 1324 3244 εἷς·
1363 3191 1556 3250 κτῆσιν
1602 3183 1866 3250 πενήτων.
1944 3192 2161 3254 Denique
2210 3192 2463 3254 exemplari
2514 3193 2561 3240 in

219 3279 377 3328 thema
414 3274 527 3323 τῶν
555 3265 912 3323 Ἀνατολικῶν
946 3276 1094 3324 misso
1132 3276 1178 3324 in
1219 3276 1335 3325 Cod.
1370 3276 1514 3326 vatic.
1552 3276 1833 3340 inscriptum
1874 3282 1976 3326 est:
2015 3269 2204 3340 Νεαρᾶ
2239 3273 2338 3322 τοῦ
2373 3271 2563 3342 κυρίου

218 3358 478 3429 ρωμανοῦ
516 3358 611 3409 τοῦ
646 3355 909 3424 βασιλέως
945 3359 1044 3408 τοῦ
1077 3357 1338 3426 γέροντος·
1371 3351 1675 3414 ἀκόλουθος
1722 3360 1786 3427 τῇ
1835 3355 2024 3429 πρώτῃ
2073 3350 2242 3408 αὖτοῦ
2289 3359 2461 3426 νεαρᾷ
2493 3359 2563 3428 τῇ

216 3441 342 3512 περὶ
375 3437 772 3513 προτιμήσεως.
914 3442 934 3472 ⁸
969 3446 1162 3496 Leuncl.
1198 3454 1361 3496 notat:
1400 3447 1528 3510 „hoc
1566 3455 1640 3496 est
1672 3447 1978 3511 Bithynorum
2012 3443 2204 3495 Asiae“.
2257 3446 2326 3496 Dc
2352 3447 2561 3496 themate

217 3531 579 3593 Thracensium‚
618 3545 705 3580 nec
743 3544 836 3579 non
876 3532 1232 3581 Anatolicorum
1267 3531 1499 3581 videndus
1529 3539 1603 3580 est
1640 3531 1888 3580 Constant.
1927 3532 2150 3596 Porphyr.
2175 3530 2235 3580 de
2272 3531 2560 3581 thematibus

221 3616 295 3665 ed.
333 3616 479 3665 Paris,
517 3630 563 3678 p.
602 3614 648 3664 2.
686 3616 732 3663 7.
850 3611 872 3640 ⁴
908 3615 1101 3665 Leuncl.
1139 3616 1186 3665 in
1224 3631 1369 3678 marg.
1410 3606 1748 3681 ἆγορασιῶν.
1857 3612 1877 3640 ⁵
1914 3616 2002 3665 Pro
2040 3618 2131 3678 his,
2169 3630 2292 3679 quae
2330 3617 2559 3666 hactenus

218 3700 456 3762 leguntur,
495 3698 735 3761 exemplar
770 3699 816 3747 in
853 3700 1013 3748 thema
1048 3700 1402 3750 Anatolicorum
1441 3700 1677 3749 directum
1714 3700 1832 3750 haec
1863 3700 2035 3750 habet:
2076 3694 2210 3765 Περὶ
2245 3699 2341 3759 τῆς
2374 3702 2563 3753 πενίας

217 3779 308 3832 καὶ
344 3775 580 3847 ἀπορίας
627 3780 722 3830 τοῦ
770 3779 903 3830 λαοῦ
953 3782 1047 3831 τοῦ
1094 3780 1339 3850 θέματος
1381 3783 1499 3832 τῶν
1534 3776 1871 3832 ἀνατολικῶν
1905 3779 1997 3832 καὶ
2030 3784 2127 3843 τῆς
2161 3783 2275 3832 τῶν
2311 3778 2563 3830 δυνατῶν

216 3859 330 3917 κατ’
371 3859 557 3915 αὐτῶν
590 3862 915 3933 τυραννίδος·
946 3858 1328 3933 ἇνεμάθομεν,
1383 3862 1478 3915 καὶ
1522 3861 1773 3933 μεγάλως
1817 3861 2180 3933 ἐξεπλάγημεν
2214 3860 2303 3915 ἐπὶ
2338 3866 2404 3932 τῇ
2440 3860 2563 3915 nixo-

222 3949 396 4021 ρὲστῳ
430 3945 521 4000 καὶ
554 3947 894 4018 πλεονεκτικῇ
931 3942 1113 3999 αὐτῶν
1144 3944 1369 4017 γνώμῃ,
1428 3942 1517 3998 ὅτι
1565 3941 1689 3998 οὔτε
1724 3944 1896 4016 νόμος·
1930 3945 2053 3998 οὔτε
2088 3943 2270 4016 φόβος·
2300 3947 2563 4014 βασιλέως

220 4031 284 4085 τὸ
333 4028 609 4096 ἄπληστον
658 4028 843 4084 αὐτῶν
888 4027 1300 4101 ἐστράγγευσεν.
1512 4033 1534 4061 ⁶
1581 4033 1865 4095 intelligitur
1908 4034 2022 4084 Nov.
2057 4034 2108 4096 V,
2144 4049 2268 4096 quae
2304 4037 2561 4098 praecedit.

218 4119 238 4147 ⁷
272 4122 680 4184 Praepositionem
715 4121 840 4170 addo
878 4135 933 4170 ex
970 4119 1242 4184 exemplari,
1279 4119 1410 4183 quod
1447 4119 1591 4169 Witte
1627 4118 1792 4169 edidit.
1987 4115 2009 4142 ⁸
2044 4120 2133 4168 Hic
2170 4119 2357 4169 demum
2395 4121 2564 4184 incipit

219 4205 440 4269 Epitome
473 4205 579 4270 ina,
634 4207 694 4257 de
729 4220 826 4271 qua
859 4219 1004 4269 supra
1041 4204 1275 4267 diximus,
1326 4212 1375 4253 et
1409 4203 1606 4267 quidem
1641 4203 1743 4253 sic:
1797 4198 2138 4269 Θεσπίζομεν
2170 4200 2385 4259 τοίνυν,
2438 4196 2562 4253 ὅσοι

222 4280 332 4337 ἀπὸ
371 4289 464 4349 τῆς
499 4284 762 4360 ἡμετέρας
795 4282 1146 4358 ἀναρρήσεως
1180 4280 1288 4337 ἀπὸ
1324 4287 1423 4347 τῆς
1453 4282 1834 4355 παρελθούσης
1880 4281 1940 4336 ιε’
1980 4281 2083 4337 tre.
2123 4287 2237 4336 τῶν
2267 4285 2557 4354 κεκωλυμέ-

221 4389 337 4422 νων
372 4370 621 4423 δυνατῶν
653 4369 969 4444 προσώπων
1002 4367 1309 4441 ἱτόλμησαν
1345 4365 1682 4423 ὖπεισελθεῖν
1715 4397 1776 4410 -—
1817 4364 2093 4433 ἀκίνητον,
2131 4367 2340 4426 πάντας
2366 4364 2560 4423 ἀπελα-
