2900 4950
349 248 476 313 298
733 301 738 306 .
1157 262 1276 313 1:011.
1314 263 1396 312 ιιι.
1466 263 1581 313 nov.
1615 263 1750 315 xx-
1760 261 1897 313 xxn.

349 412 521 497 πλὴν
579 409 745 477 κατὰ
794 413 992 477 τοῦτο
1046 408 1251 495 μόνον
1310 405 1532 494 ἀργεῖν
1588 403 1789 495 αὐτὴν
1831 408 2457 496 παρακελευόμεθα,
2518 409 2698 481 ὥστε

345 511 435 600 μὴ
493 514 998 596 προτιμᾶσθαι’
1049 509 1206 589 τοὺς
1260 514 1550 597 πένητας
1594 509 1690 588 εἰς
1729 508 1808 576 τὸ
1852 510 2434 596 διαπωλούμενον”
2475 517 2695 601 κτῆμα

344 616 462 680 τοῦ
507 614 807 692 δυνατοῦ,
851 610 1015 698 μήτε
1060 611 1130 692 ἒξ
1175 606 1556 695 ὁμοτελείας
1596 609 1759 699 μήτε
1804 611 1874 692 ἐξ
1916 606 2430 692 ἀνακοινώσεως,
2495 613 2694 684 κᾶντε

347 716 750 799 στρατιῶται
802 710 995 779 κάντε
1051 713 1388 778 πολιτικοὶ
1444 710 1974 797 ἐφευρίσκονται·
2048 709 2217 781 ἀλλὰ
2279 713 2396 801 τὴν
2450 715 2691 784 τούτου

345 814 553 882 πάλιν
596 815 1085 896 διαδέχεσθαι“ο
1129 816 1524 880 δεσποτείαν
1562 807 1940 898 ἀρχοντικὸν
1971 813 2362 901 πρόσωπον,
2408 816 2487 883 τὸ
2518 818 2693 905 πρὸς

346 914 725 984 ἀνάπαυσιν
750 915 1056 1003 δηλονότι
1076 917 1182 982 καὶ
1216 910 1544 1000 ὠφέλειαν
1572 918 1704 981 τῶν
1728 922 2359 1002 συμπαρακειμένων
2382 918 2451 986 ἐν
2473 919 2689 1007 τούτῳ

344 1017 647 1105 πενήτων
703 1012 1249 1104 ἀναφαινόμενον,
1307 1011 1474 1100 ὅπερ
1518 1015 1628 1082 καὶ
1671 1016 1838 1100 μετὰ
1880 1017 1958 1083 rb
2003 1018 2336 1085 δεσπόσαι
2375 1023 2492 1085 τοῦ
2536 1020 2691 1106 κτή-

344 1144 554 1206 ματος
583 1117 1091 1205 παραβλάπτειν
1120 1116 1275 1195 τοὺς
1302 1113 1758 1204 γειτονόῦντας
1790 1118 2310 1203 κατανοούμενον
2343 1117 2434 1199 ὥς
2461 1117 2689 1207 βίαιον

343 1221 456 1288 καὶ
508 1220 706 1288 κακὸν
759 1220 846 1308 μὴ
902 1219 1108 1304 μόνον
1166 1214 1305 1285 ἀπὸ
1349 1223 1468 1306 τῆς
1511 1219 1943 1307 ἐπικτήσεως,
2004 1218 2172 1288 ἀλλὰ
2214 1229 2321 1288 καὶ
2370 1217 2509 1289 ἀπὸ
2553 1228 2689 1290 τιῖν

343 1327 619 1410 γονικῶν
665 1319 1106 1389 ἐκδιῶκεσθαι
1149 1320 1510 1403 κελεύομεν.
1588 1323 1698 1386 καὶ
1742 1320 1896 1400 τοὺς
1937 1323 2057 1406 μὲν
2102 1322 2418 1403 δυνατοὺς
2464 1324 2532 1392 ἐκ
2575 1327 2690 1391 δυ-

345 1428 558 1493 νατῶν
601 1423 806 1508 μόνον
837 1429 1198 1490 ποιεῖσθαι
1228 1421 1347 1500 τὰς
1378 1420 1725 1509 ἐξωνήσεις
1752 1423 2157 1508 βουλόμεθα,
2202 1425 2358 1505 τοὺς
2389 1428 2461 1492 δὲ
2487 1450 2689 1513 στρα-

342 1526 587 1604 τιώτας
630 1527 736 1591 καὶ
783 1528 1088 1608 πένητας-
1114 1523 1181 1589 ἐκ
1223 1527 1358 1590 τῶν
1397 1523 1516 1611 τὴν
1563 1520 1799 1608 ὁμοίαν
1842 1525 2027 1605 τάξιν
2072 1524 2401 1609 λαχόντων
2436 1523 2683 1607 αὐτοῖς.

342 1631 450 1695 καὶ
499 1624 726 1711 ῶσπερ
769 1624 1043 1701 τούτους
1086 1624 1498 1708 ἐκωλύσαμεν
1543 1628 1660 1691 τοῦ
1704 1625 1793 1714 μὴ
1840 1625 2240 1706 ἐξωνεῖσθαι
2282 1628 2364 1694 τὰ
2406 1633 2538 1695 τῶν
2569 1630 2689 1696 δυ-

344 1732 577 1808 νατῶν,
626 1723 837 1804 οὕτως
880 1724 1085 1792 πάλιν
1131 1725 1413 1804 ἐκείνους
1460 1722 1859 1814 ἀπείργομεν
1901 1732 2019 1794 τοῦ
2063 1728 2151 1816 μὴ
2187 1728 2255 1795 ἐκ
2285 1729 2582 1814 πενήτων
2611 1756 2689 1798 τε

341 1833 450 1897 καὶ
508 1831 931 1914 στρατιωτῶν
991 1821 1262 1911 ἀπόρων
1318 1835 1682 1896 ποιεῖσθαι
1737 1827 1857 1909 τὰς
1913 1829 2288 1916 ἑξωνήσεις,
2345 1831 2511 1918 μηδὲ
2566 1831 2685 1919 τὴν

345 1927 729 2016 ὃμοτέλειαν
781 1924 825 2017 ἢ
881 1925 1315 1997 ἀνακοίνωσιν
1369 1929 1885 2017 προβάλλεσθαι
1940 1932 2035 2010 εἰς
2079 1932 2530 2019 δικαιοσύνην,
2590 1933 2686 2012 εἰς

287 2115 312 2127 θ
341 2032 420 2123 ἢν
463 2032 635 2118 πρὸς
678 2028 980 2110 ἅπαντας
1021 2031 1138 2118 τὴν
1183 2037 1596 2116 νομοθεσίαν
1638 2032 2050 2116 ποιούμενοι,
2104 2037 2212 2100 καὶ
2255 2033 2344 2121 μὴ
2390 2037 2521 2101 τῶν
2562 2035 2684 2117 μὲν

339 2138 546 2204 πλέον
590 2134 940 2220 κηδόμενοι
983 2137 1115 2200 τῶν
1161 2134 1233 2200 δὲ
1278 2133 1624 2200 ἕλαττον“.

511 2237 593 2323 β’.
647 2232 909 2320 Ἐπειδὴ
956 2236 1029 2302 δὲ
1071 2232 1181 2300 καὶ
1223 2230 1261 2321 ἡ
1308 2225 1442 2301 τῶν
1486 2235 1976 2321 τεσσαράκοντα
1999 2237 2254 2323 χρόνων
2284 2237 2683 2326 παραδρομὴ

342 2337 728 2426 ἀνέγκλητος
754 2337 876 2420 μὲν
904 2338 1011 2401 καὶ
1045 2331 1550 2423 ἀνεπιφώνητος
1579 2339 2105 2425 παραρῤίουσα”ι
2130 2338 2209 2406 τὸ
2241 2340 2495 2407 δίκαιον
2528 2339 2685 2408 ἒπε-

338 2440 620 2531 βράβευε
661 2448 804 2517 τοῖς
844 2436 931 2504 τὰ
975 2437 1043 2505 ἐκ
1083 2441 1216 2506 τῶν
1261 2441 1684 2525 στρατιωτῶν
1728 2428 2235 2528 προσκτηθέντα
2262 2447 2680 2526 κατέχουσιη,

339 2545 870 2635 πεαπτομένη
917 2540 989 2606 δὲ
1033 2539 1147 2606 διὰ
1188 2543 1321 2607 τῶν
1365 2541 1844 2628 ἐπιφωνήσεων
1889 2547 1997 2611 καὶ
2043 2538 2539 2625 ἀναποδίζουσα
2570 2547 2684 2612 καὶ

337 2645 495 2724 τοὺς
536 2643 671 2729 πρὸ
714 2645 831 2729 τῆς
876 2641 1128 2732 ἐνδείας
1156 2641 1275 2720 τὰς
1305 2641 1682 2730 ἐπικτήσεις
1712 2651 2207 2730 ποιησαμένους
2235 2645 2524 2732 ἐβάρυνε,
2570 2648 2684 2713 καὶ

340 2742 871 2830 ἀποστερεῖσθαι
914 2742 1166 2810 τούτων
1204 2743 1422 2810 ἐποίει
1451 2746 1775 2824 πολλάκις
1806 2742 2195 2835 ἀδιαφόρως
2225 2747 2644 2836 ἐνεργουμένη
2664 2768 2680 2783 ·

340 2846 793 2934 διοριζόμεθα,
839 2845 996 2931 τοὺς
1036 2845 1198 2934 καλῇ
1245 2852 1475 2913 πίστει
1517 2847 1652 2933 πρὸ
1694 2852 1812 2913 τοῦ
1856 2852 2089 2934 καιροῦ
2132 2853 2250 2937 τῆς
2293 2849 2546 2929 ἐνδείας
2575 2846 2681 2918 εὖ·

338 2953 764 3036 ρισκομένους
805 2951 1090 3034 ποιῆσαι
1131 2947 1247 3035 τὴν
1292 2947 1635 3034 ἐπίκτησιν
1680 2945 1819 3015 ἀπὸ
1865 2955 2288 3035 στρατιωτῶν
2330 2956 2437 3018 καὶ
2482 2951 2683 3043 πολι-

336 3053 536 3119 τικῶν
565 3045 961 3135 ἀμερίμνους
994 3048 1262 3136 διάγειν,
1294 3052 1405 3116 ’καὶ
1430 3048 1521 3137 μὴ
1554 3050 1834 3136 ἐνεργεῖν
1863 3050 1981 3138 τὴν
2008 3058 2680 3137 τεσσαρακονταετίαν

335 3155 447 3221 καὶ
489 3152 557 3221 ἐν
600 3151 815 3238 τούτῳ
860 3146 1392 3232 ἀναποδίζουσαν
1438 3151 1511 3232 ἐξ
1552 3151 2030 3241 ἐπιφωνήσεως
2046 3157 2103 3235 ¹⁴,
2150 3155 2317 3242 μηδὲ
2358 3154 2436 3221 τὸ
2465 3154 2680 3222 καθό-

335 3256 454 3322 λου
498 3252 1095 3342 παρασαλεύεσθαι
1135 3259 1242 3320 καὶ
1285 3257 1793 3338 μετακινεῖσθαι
1840 3254 1957 3342 τὴν
2002 3257 2394 3325 δεσποτείαν
2438 3251 2676 3338 αὗτιῖν,

336 3357 397 3425 εἰ
438 3355 527 3447 μὴ
575 3356 667 3434 εἰς
707 3354 950 3440 μόνους
991 3353 1147 3433 τοὺς
1191 3354 1264 3435 ἐξ
1302 3351 1605 3445 ἁρπαγῆς
1631 3354 1752 3435 τὰς
1782 3356 2157 3446 ἐπικτήσεις
2187 3364 2682 3445 ποιησαμένους

334 3456 447 3525 καὶ
490 3457 560 3523 ἐκ
599 3463 826 3541 βιαίας
867 3458 1072 3539 νομῆς
1113 3458 1221 3523 καὶ
1264 3460 1462 3547 κακῆς
1504 3463 1826 3539 πίστεως,
1887 3454 1977 3538 ῶς
2021 3459 2490 3548 ἐπιπηδῶντας
2533 3470 2681 3538 τοῖς

337 3554 715 3643 ἀλλοτρίοις
766 3560 875 3624 καὶ
929 3560 1047 3623 τοῦ
1093 3557 1401 3637 πλείονος
1443 3570 1693 3646 προῖκα
1736 3560 2123 3650 ἐφιεμένους
2137 3567 2207 3635 ‚¹⁸⁶
2267 3562 2381 3630 διὰ
2422 3561 2499 3628 τὸ
2543 3586 2681 3629 πα-

338 3659 527 3728 λαιὸν
582 3658 786 3745 νόμον
803 3661 844 3693 ¹⁰
900 3654 1069 3726 εἶναι
1126 3657 1279 3728 τότε
1333 3659 1448 3728 τὸν
1505 3662 2113 3750 παρακελευόμενον
2166 3664 2284 3753 τὴν
2342 3663 2675 3752 ἐξώνησιν,

472 3881 495 3910 ⁸
528 3883 652 3948 Epit.
690 3873 781 3931 ἵνα
814 3877 891 3948 μὴ
927 3881 1310 3950 προτιμῶνται
1343 3878 1402 3934 οἱ
1430 3882 1671 3948 πένητες.
1824 3885 1847 3917 ⁹
1883 3890 1950 3940 lb.
1988 3880 2256 3956 ἀπεμπολ.
2408 3885 2449 3914 ¹⁰
2482 3888 2679 3940 Leuncl.

333 3971 383 4019 in
418 3982 564 4030 marg.
602 3962 958 4032 διεκδέχηται.
1166 3968 1201 3997 ¹¹
1247 3971 1370 4034 Epic.
1416 3964 1494 4025 εἰς
1535 3967 1821 4022 δικαίωσιν
1868 3969 2009 4042 πρὸς
2052 3968 2302 4028 ἅπαντας·
2332 3968 2437 4034 τὴν
2469 3975 2671 4040 νομοθ.

331 4044 670 4118 ποιούμενοι.
745 4052 872 4103 Hine
916 4053 1138 4117 equidem
1188 4057 1565 4111 mandaverim:
1615 4050 1692 4111 εἷς
1737 4053 2025 4109 δικαίωσιν
2069 4053 2338 4127 ἐάσομεν,
2388 4051 2528 4125 πρὸς
2558 4054 2675 4107 κτλ-

333 4133 372 4161 ¹²
404 4136 529 4200 Epit.
564 4131 1009 4202 παραδραμοῦσι.
1083 4138 1141 4188 Et
1176 4139 1371 4191 Leuucl.
1408 4143 1457 4191 iu
1494 4157 1641 4206 marg.
1691 4133 2029 4210 ἀνεγκλήτως
2059 4139 2165 4211 μὲν
2196 4138 2290 4194 καὶ
2324 4136 2678 4210 ἂνεπιφωνῆ-

332 4233 456 4272 τως.
631 4216 667 4246 ²⁸
700 4219 813 4269 Nov.
850 4220 949 4271 vlu
988 4238 1030 4272 c.
1054 4223 1094 4272 1.
1134 4250 1198 4261 —
1237 4224 1307 4275 Cf.
1344 4226 1518 4294 Πεῖρα
1553 4228 1627 4290 ΙΧ,
1664 4227 1712 4277 3.
1749 4229 1798 4279 4.
1970 4227 2008 4257 ¹¹
2042 4229 2112 4279 Eo
2146 4231 2255 4293 ipso
2291 4230 2517 4280 nimirum
2554 4236 2678 4279 tem-

245 4312 252 4327 ·
331 4318 466 4369 pore,
502 4318 598 4368 quo
634 4304 754 4355 haec
787 4304 861 4356 lex
899 4306 1009 4356 data
1044 4315 1131 4371 εει,
1166 4308 1245 4358 XL
1283 4312 1394 4360 anni
1417 4319 1531 4375 post
1554 4312 1731 4363 famem
1752 4313 1879 4364 illam
1904 4313 2215 4379 praeterlapsi
2241 4323 2391 4366 erant.
2478 4311 2516 4341 ¹⁵
2551 4315 2681 4366 Hac-

332 4397 473 4439 tenus
510 4388 733 4452 epitome,
769 4404 895 4453 quae
931 4398 980 4440 οι
1011 4393 1204 4442 verbum
1239 4393 1442 4460 προῖκα
1479 4397 1669 4449 omittit.
1805 4395 1845 4427 ²⁸
1881 4397 1950 4449 Cf.
1990 4398 2109 4450 Cou.
2144 4400 2188 4450 11
2223 4399 2337 4450 Nov.
2378 4400 2492 4450 114.
