2900 4950
366 272 490 331 214
1253 277 1371 326 eon.
1410 277 1468 324 ιι.
1540 276 1650 324 Nm.
1693 274 1804 323 cxl.

368 436 478 499 καὶ
529 427 564 494 ὃ
619 429 691 508 ἐξ
745 423 942 512 ἀρχῆς
994 423 1541 511 ὑποστησάμενος
1594 422 1711 508 τὴν
1768 419 2016 486 πλάσιν
2073 424 2367 505 τεχνίτης
2423 418 2707 498 ἐδίδαξε,

368 536 475 599 καὶ
534 528 572 617 ἡ
631 527 830 617 φύσις
886 521 1047 613 αὐτὴ
1092 511 1185 613 ’ἷῷ
1229 531 1401 611 θείῳ
1449 522 1802 608 διδάγματι
1858 529 2372 607 προσμαρτυρεῖ.
2447 519 2705 585 Ἰτούτου

370 631 433 699 δ’
485 629 695 709 οὕτως
750 624 1100 714 ἀναγκαίου
1163 625 1620 712 τυγχάνοντος,
1682 624 1933 707 ἔπρεπε
1984 623 2094 687 καὶ
2148 621 2263 705 τὴν
2320 622 2438 685 τοῦ
2496 618 2706 702 νόμου

371 735 720 818 πρόνοιαν,
779 733 886 796 καὶ
935 730 999 795 εἴ
1038 755 1139 807 τις
1183 729 1511 811 ἑτέρωθεν
1557 728 1829 812 φροντὶς
1885 719 2561 806 συνεπιλαμβάνεται,
2620 720 2713 788 τὰ

368 838 643 901 τοιαῦτα
688 834 839 916 περὶ
885 833 1002 895 τοῦ
1034 829 1419 915 πράγματος
1447 830 1557 894 καὶ
1588 830 2098 913 πεφροντικέναι
2126 827 2230 889 καὶ
2265 824 2706 907 διορίζεσθαι,

372 932 484 1003 οἷα
540 938 619 1021 τῇ
676 932 861 1018 πάσῃ
919 932 1048 1016 ζωῇ
1103 933 1234 996 τῶν
1296 929 1408 995 διὰ
1464 932 1578 1014 τῆς
1634 928 1936 1011 συζυγίας
1985 922 2368 1013 ἦνωμένων*
2412 925 2506 1002 εἰς
2545 923 2712 1011 βοή-

371 1043 569 1102 θειαν
613 1030 897 1116 ὑπάρξει
937 1036 1040 1097 καὶ
1089 1026 1477 1116 ἀγαλλίασιν
1533 1032 1639 1095 καὶ
1695 1028 1810 1093 τὸν
1869 1022 1983 1093 ἀπ’
2033 1022 2231 1113 ἀρχῆς
2288 1024 2539 1092 σκοπὸν
2593 1033 2711 1110 βε-

370 1136 651 1221 βαιώσει
703 1137 819 1220 τῆς
874 1131 1323 1219 νυμφεύσεως,
1385 1127 1553 1197 ἀλλὰ
1602 1131 1689 1215 μὴ
1745 1122 2128 1195 τούναντίον
2174 1128 2269 1205 είς
2309 1127 2710 1212 κατατριβήν

372 1239 480 1303 καὶ
525 1237 985 1320 ταλαιπωρίαν
1028 1236 1133 1300 καὶ
1193 1232 1305 1299 διὰ
1347 1239 1498 1317 βίου
1542 1230 1629 1317 μὴ
1679 1225 1976 1295 ἀνιεῖσαν
2019 1229 2397 1316 κατήφειαν.
2489 1229 2546 1295 εἰ
2590 1218 2710 1294 οῦν

370 1336 679 1421 τοιαύτην
725 1336 828 1402 δεῖ
869 1341 1184 1420 γενέσθαι
1225 1333 1341 1418 τὴν
1386 1333 1720 1417 συζυγίαν,
1781 1327 2008 1414 ὥσπερ
2059 1332 2166 1395 καὶ
2213 1331 2343 1408 δεῖ,
2403 1325 2479 1395 οὗ
2525 1331 2712 1397 δοκεῖ

372 1462 491 1522 μοι
529 1435 747 1521 χώραν
795 1435 960 1516 ἔχειν
1005 1430 1340 1520 ἀποδοχῆς
1385 1434 1629 1510 ἐκεῖνος
1676 1429 1712 1496 ὅ
1755 1433 2007 1515 νόμοςῧ,
2065 1428 2137 1509 ὃς
2176 1431 2344 1514 μετὰ
2385 1431 2501 1517 τὴν
2542 1458 2710 1519 μνη-

377 1544 599 1604 στείαν
646 1536 738 1613 εἷς
779 1541 1021 1620 μανίαν
1064 1538 1178 1619 τῆς
1220 1539 1784 1619 μεμνηστευμένης
1829 1531 2348 1618 περιπεσούσης,
2405 1532 2710 1617 βιάζεται

372 1638 486 1704 τὸν
539 1642 820 1721 γαμέτην
878 1633 992 1701 διὰ
1046 1633 1299 1712 παντὸς
1352 1634 1633 1721 τοιούτῳ
1696 1634 2124 1716 συνεζεῦχθαι
2185 1636 2389 1719 κακῷ,
2456 1636 2562 1699 καὶ
2623 1637 2708 1720 τῇ

375 1740 687 1824 συμφορᾷ
730 1740 846 1822 τῆς
887 1742 1127 1820 μανίας
1172 1732 1273 1802 ἀεὶ
1319 1735 1953 1821 περιστοιχίζεσθαι.
2016 1738 2149 1800 ποῦ
2192 1734 2313 1820 γὰρ
2348 1727 2643 1821 ἀποδοχὴ
2663 1739 2708 1816 ⁶,

374 1840 509 1904 ποῦ
556 1830 621 1902 δ’
672 1834 936 1921 εὔλογον
981 1830 1021 1923 ἢ
1063 1840 1194 1902 τῶν
1239 1840 1395 1922 περὶ
1441 1836 1870 1921 συμβιώσεως
1926 1832 2112 1915 ἄξιον
2159 1836 2559 1923 φροντίδων,
2627 1836 2712 1902 τὸ

374 1939 874 2024 προσδεδέσθαι
918 1937 1029 2005 διὰ
1070 1944 1223 2022 βίου
1265 1936 1378 2004 τὸν
1423 1936 1632 2023 ἄνδρα
1673 1943 1948 2024 μανείσῃ
1995 1942 2073 2024 τῇ
2117 1939 2371 2030 γυναικὶ
2414 1940 2524 2003 καὶ
2561 1947 2713 2016 τοῖς

375 2040 632 2106 ἐκεῖθεν
678 2034 978 2123 ἀνιαροῖς
1019 2039 1583 2123 κατατρύχεσθαις
1644 2038 1702 2104 εἰ
1743 2037 1864 2123 γὰρ
1912 2035 2127 2116 οὐδεὶς
2170 2034 2380 2116 οῦτως
2424 2032 2711 2124 ἀφιλάν-

372 2148 686 2225 θρωπος,
748 2139 820 2218 ὃς
860 2134 978 2206 κάν
1025 2139 1137 2206 ἐπὶ
1182 2140 1385 2224 βραχὺ
1442 2145 1662 2225 θηρίῳ
1721 2136 2294 2225 συγκαθειργνύειν
2338 2136 2709 2224 ἄνθρωπον

375 2237 570 2321 ἀξιοῖ,
617 2245 766 2319 πῶς
811 2243 941 2323 ἔχει
984 2240 1187 2324 νόμου
1233 2242 1756 2327 φιλανθρωπίαν
1799 2235 1840 2305 ὃ
1883 2238 2329 2325 προστάσσων
2372 2239 2574 2324 νόμος
2618 2235 2704 2308 δι’

376 2341 617 2418 αἰῶνος
671 2337 807 2406 ὑπὸ
860 2345 977 2427 τῆς
1028 2348 1269 2425 μανίας
1323 2346 1778 2427 τεθηριωμένῃ
1845 2344 1923 2428 τῇ
1981 2336 2326 2428 ἀνθρώπῳ
2382 2351 2710 2409 συνοικεῖν

374 2442 489 2509 τὸν
553 2440 1158 2528 μνηστευσάμενον,·
1226 2437 1393 2510 ἀλλά
1462 2465 1668 2529 φασιν
1736 2438 1824 2521 ὥς
1881 2441 1994 2508 διὰ
2050 2446 2164 2529 τῆς
2221 2449 2582 2531 συναφείας
2639 2445 2711 2511 ἓν

373 2542 676 2629 γεγόνασι
719 2544 917 2627 μέλος
972 2547 1079 2610 καὶ
1137 2540 1377 2631 ἀνάγκη
1421 2543 1539 2630 τὴν
1581 2546 1699 2609 τοῦ
1740 2545 1980 2626 μέλους
2023 2540 2442 2629 ὑφίστασθαι
2490 2544 2708 2626 νόσον,

372 2647 480 2710 καὶ
542 2642 632 2723 ὥς
687 2650 882 2712 θεΤον
936 2644 1246 2729 βούλεται
1299 2647 1674 2728 κέλευσμαἸ,
1741 2642 1829 2733 μὴ
1885 2646 2290 2730 χωρίζεσθαι
2352 2646 2507 2725 τοὺς
2569 2643 2709 2713 ὑπὸ

372 2748 540 2812 θεοῦ
586 2747 1074 2828 συζευχθέντας.
1162 2746 1330 2812 καλὰ
1385 2750 1506 2829 μὲν
1550 2750 1787 2826 ταῦτα,
1842 2744 1886 2812 ἃ
1928 2752 2092 2814 θεῖα
2136 2747 2354 2834 παρὰ8
2397 2751 2564 2815 θεοῦ
2611 2749 2709 2815 ε’ί-

372 2872 584 2934 ρηται,
632 2842 707 2913 ού
753 2849 967 2925 καλῶς
1012 2841 1076 2912 δ’
1127 2842 1292 2913 αὐτὰ
1335 2843 1488 2914 οὐδὲ
1530 2847 1695 2913 κατὰ
1736 2847 1850 2913 τὸν
1891 2853 2086 2915 θεῖον
2130 2848 2382 2915 σκοπὸν
2427 2849 2494 2915 οἱ
2535 2872 2709 2935 προ-

371 2947 739 3031 τεινόμενοι
793 2948 1086 3015 ἐνταῦθα
1141 2946 1256 3035 τὴν
1310 2949 1561 3015 τούτων
1628 2952 1981 3015 ποιοῦνται
2036 2949 2381 3035 πρότασιν.
2474 2949 2532 3017 εἰ
2585 2952 2708 3033 μὲν

372 3048 494 3134 γὰρ
539 3046 577 3137 ἦ
621 3057 939 3132 μνηστεία
981 3048 1289 3135 τοιαύτην
1335 3049 1533 3129 σώζει
1560 3049 1673 3136 τὴν
1705 3049 2104 3117 κατάστασιν
2136 3046 2378 3117 ὁποίαν
2412 3051 2481 3130 ἒξ
2509 3046 2710 3138 ἀρχῆς

372 3146 409 3236 ἦ
459 3151 914 3237 νυμφοστόλος
956 3156 1297 3234 παρέσχεν,
1346 3148 1573 3229 ἄδικος
1618 3147 1654 3215 ὃ
1695 3152 2005 3237 χωρίζων,
2052 3155 2159 3218 καὶ
2195 3152 2311 3237 τὴν
2339 3158 2598 3235 μέμψιν
2629 3148 2704 3218 οὗ

375 3251 700 3336 φεύξεται.
793 3252 851 3318 εἰ
896 3247 962 3317 δ’
1014 3247 1146 3317 ὑπὸ
1186 3254 1306 3339 τῆς
1347 3258 1589 3335 μανίας
1645 3247 1798 3318 οὐδὲ
1855 3257 2157 3339 φθογγῆς
2213 3253 2392 3320 ἐστιν
2438 3246 2709 3338 ἀνθρω-

373 3358 571 3438 πίνης
614 3347 873 3418 ἀκούειν
916 3355 1031 3438 τῆς
1076 3349 1463 3436 ἀνθρώπου,
1508 3350 1595 3438 μὴ
1645 3348 1749 3417 ὅτι
1788 3377 1860 3438 γε
1889 3351 2091 3419 ἄλλου
2120 3353 2300 3432 τινὸς
2327 3364 2541 3436 τυχεῖν
2573 3357 2708 3420 τῶν

375 3449 501 3517 ὅσα
540 3458 857 3538 μνηστεία
900 3451 1071 3534 πρὸς
1116 3453 1372 3537 ἶλαρίαν
1400 3455 1750 3537 χαρίζεται,
1797 3460 1898 3532 τίς
1930 3449 2045 3520 οὐκ
2075 3454 2383 3541 ἐθελήσει
2413 3454 2707 3522 διαλύειν

372 3550 488 3636 τὴν
535 3547 707 3617 οῦτω
752 3551 993 3635 πικρὰν
1040 3555 1148 3617 καὶ
1193 3552 1474 3639 φευκτὴν
1520 3554 1823 3639 συζυγίαν
1837 3584 1858 3637 ,·

541 3652 681 3719 Διὰ
722 3656 917 3727 τοῦτο
962 3654 1403 3738 θεσπίζομεν,
1464 3650 1584 3734 ώς,
1654 3657 1719 3722 εἴ
1757 3680 1924 3723 ποτε
1975 3654 2142 3740 μετὰ
2199 3656 2314 3743 τὴν
2358 3664 2709 3724 κοινωνίαν

371 3758 488 3822 τοῦ
533 3755 744 3842 γάμου
790 3753 959 3840 πρὸς
1003 3761 1245 3839 μανίαν
1288 3751 1327 3842 ἦ
1374 3756 1529 3844 γυνὴ
1574 3764 1963 3842 περιπέσοι,
2020 3763 2210 3841 μέχρι
2250 3764 2476 3844 τρίτου
2521 3758 2714 3837 ἔτους

375 3863 600 3945 φέρειν
642 3856 759 3946 τὴν
805 3858 1152 3941 δυστυχίαν
1195 3856 1308 3922 τὸν
1355 3856 1564 3943 ἄνδρα
1605 3859 1716 3925 καὶ
1757 3863 1874 3947 τῆς
1915 3864 2275 3946 κατηφείας
2319 3854 2707 3939 ἀπολαύειν,

373 3963 479 4024 καὶ
527 3962 590 4026 εἴ
628 3985 700 4045 γε
740 3959 829 4047 μὴ
876 3959 943 4026 ἐν
983 3957 1195 4045 χρόνῳ
1241 3958 1537 4045 τοσούτῳ
1582 3959 1768 4040 λύσις
1811 3961 1910 4049 εἴη
1953 3963 2071 4027 τοῦ
2113 3964 2311 4028 κακοῦ
2340 3963 2507 4048 μηδὲ
2536 3960 2714 4046 πρὸς

858 4124 1057 4134 αι’*-

508 4208 527 4237 ⁴
566 4212 729 4261 Zuich.
768 4220 813 4260 et
850 4213 1042 4262 Meet-m.
1078 4207 1402 4279 ἱνουμένων.
1524 4214 1542 4240 ⁵
1581 4218 1628 4265 L.
1675 4217 1730 4265 1ss
1770 4219 1814 4267 in
1854 4219 1884 4267 ί.
1922 4219 1976 4267 D.
2015 4221 2071 4269 de
2105 4224 2198 4269 ritu
2233 4228 2359 4283 nupt.
2481 4216 2503 4243 ‘⁸
2539 4220 2713 4282 Steph.

374 4294 500 4358 θωύ-
536 4283 812 4358 ἆπΰδθχῆς
845 4286 1015 4350 ἄξων-
1203 4295 1221 4323 ⁷
1258 4298 1416 4349 Mnuh.
1454 4300 1567 4361 ΧΙΧ,
1607 4301 1651 4350 5.
1836 4299 1856 4328 ⁰
1892 4303 2056 4352 Znich.
2097 4312 2143 4352 et
2180 4304 2371 4352 Meet-m.
2406 4297 2496 4349 καὶ
2531 4297 2706 4368 παρὰ.

374 4378 475 4427 Non
514 4377 651 4425 malo.
1999 4390 2006 4395 ·
