2900 4950
1026 256 1143 320 Imp.
1180 254 1410 305 Manuelis
1448 215 1695 305 camunni.
2405 245 2530 309 479

193 408 432 489 χαῦνον
473 405 583 475 καὶ
623 409 1311 491 καταπεφρονημένον,
1343 441 1430 454 ·-
1459 397 1535 471 οὗ
1579 401 1701 487 γὰρ
1747 397 1826 471 ἂν
1873 403 2136 488 εἴποιμι
2177 409 2534 488 συμπαθὲς

196 544 280 556 ——
322 510 441 594 τῆς
481 511 812 592 προτέρας
853 504 1215 584 κολάσεως·
1274 502 1672 590 συμπάθεια
1726 504 1848 590 γὰρ
1907 503 2024 573 ἐπὶ
2078 515 2222 583 τοῖς
2276 532 2534 575 πεπον-

198 607 368 675 θόσι
422 611 666 687 κακῶς,
736 601 850 674 οὐκ
907 605 1018 674 ἐπὶ
1075 618 1221 686 τοῖς
1278 606 1594 692 δράσασι,
1654 608 1764 685 καὶ
1820 612 2071 690 γίνεται
2116 607 2385 687 δικαίως
2426 614 2535 676 καὶ

202 710 487 795 λέγεται·
548 708 661 777 ἐπὶ
721 710 793 775 δὲ
846 716 991 787 τοῖς
1045 712 1257 786 κακῶς
1322 708 1730 793 πράττουσιν
1795 705 1910 776 οὐκ
1969 704 2365 795 άδιακρίτως
2415 713 2534 800 χρὴ

199 810 441 933 ταύτην
486 815 814 896 γίνεσθαι.
881 808 1163 932 ταύτης
1166 810 1237 875 δὲ
1278 814 1395 898 τῆς
1437 818 1844 894 νομοθεσίας
1872 807 2131 880 κάκεῖνο
2176 812 2253 898 δὴ
2300 820 2535 902 συνέβη
2599 805 2603 808 ’

202 912 282 979 τὸ
308 918 526 997 μέρος,
573 912 739 996 λέγω
771 908 848 996 δὴ
892 909 1008 997 τὴν
1037 896 1405 999 αειφυγίαν,
1453 912 1547 990 εἷς
1576 914 1865 1000 παντελῆ
1898 908 2251 1001 ἀχρηστίαν
2284 914 2534 982 ἐλάσαι.

205 1013 455 1098 λόγος“’
509 1012 632 1098 γὰρ
688 1014 801 1079 νῦν
859 1007 1205 1099 ἇειφυγίας
1263 1008 1508 1093 οὐδεὶς,
1577 1008 1745 1079 ἀλλὰ
1802 1013 2045 1093 πάντες
2103 1015 2167 1081 οἶ
2224 1021 2540 1103 φονευταὶ

206 1108 417 1193 ἆδεῶς
458 1117 564 1181 καὶ
611 1116 816 1211 πάλιν
861 1114 1069 1181 ἐκεῖσε
1112 1118 1651 1199 περινοστοῦσιν,
1717 1114 1885 1182 ἔνθα
1939 1117 2017 1182 τὸ
2071 1116 2279 1201 μύσος
2325 1119 2542 1206 εἰργά-

207 1239 428 1282 σαντο.
519 1216 749 1303 πρῴην
805 1217 924 1300 μὲν
978 1214 1104 1302 γὰρ
1158 1216 1222 1281 οἱ
1285 1216 1351 1283 ἐν
1406 1226 1550 1294 τοῖς
1604 1222 1897 1300 θέμασιν
1953 1212 2538 1303 ἀποστελλόμενοι,

207 1318 342 1384 ε’ίτε
385 1317 729 1405 πολιτικὴν
774 1317 1290 1401 περιεζωσμένοι
1346 1312 1543 1404 ἀρχὴν
1598 1312 1641 1404 ἢ
1694 1321 1800 1384 καὶ
1847 1320 2320 1408 στρατιωτικὴν
2366 1322 2544 1391 ἐνδε-

209 1420 477 1503 δυμένοι
520 1414 740 1498 ἀξίαν,
789 1417 997 1504 φόνου
1041 1421 1526 1504 τολμηθέντος,
1586 1420 1902 1489 ἔσπευδεν
1957 1412 2231 1500 ἕκαστος
2272 1426 2383 1489 καὶ
2424 1427 2542 1491 τοῦ

207 1520 431 1604 ἑτέρου
475 1526 843 1605 προέτρεχε,
891 1519 1006 1587 τὸν
1051 1525 1258 1607 φονέα
1303 1522 1651 1605 συλλαβεῖν
1681 1524 2234 1609 προθυμούμενοι
2276 1527 2382 1591 καὶ
2427 1526 2545 1613 τὴν

209 1615 312 1689 ἐπ’
373 1616 549 1707 αὐτῷ
608 1620 1022 1701 ἐπεξέλευσιν
1078 1619 1245 1687 κατὰ
1302 1620 1572 1708 νομικὴν
1630 1616 2036 1692 ἀκολουθίαν
2092 1625 2542 1726 ποιήσασθαι,

207 1726 312 1791 καὶ
357 1722 470 1790 διὰ
512 1725 628 1809 τῆς
672 1722 788 1789 ἐπὶ
831 1720 1042 1808 τούτῳ
1085 1722 1418 1801 κολάσεως
1460 1717 1846 1791 ἀναστεῖλαι
1888 1726 2042 1805 τοὺς
2074 1722 2541 1816 ὅμοιόφρονας.

207 1827 320 1893 νῦν
367 1825 438 1890 δὲ
484 1824 550 1890 οἱ
591 1835 735 1902 τοῖς
777 1828 1069 1907 θέμασιν
1115 1820 1438 1907 ἄρχοντες,
1489 1819 1579 1902 ὥς
1620 1826 1954 1908 μανθάνει
1989 1823 2027 1913 ἡ
2057 1832 2367 1912 βασιλεια
2393 1853 2543 1913 μου,

207 1928 324 1991 τοῦ
367 1925 566 1991 καλοῦ
610 1927 730 2007 μὲν
773 1925 1039 2002 τελείως
1080 1918 1467 2008 ἠλογηκότες
1495 1928 1602 1993 καὶ
1650 1925 1821 2010 πρὸς
1851 1927 1969 2015 τὴν
1999 1933 2132 1996 τῶν
2163 1924 2546 2014 ἀνθρώπων

211 2023 541 2147 σωτηρίαν
588 2027 1111 2103 συντείνοντος,
1160 2027 1227 2091 ἓν
1274 2026 1346 2092 δὲ
1389 2028 1496 2092 καὶ
1540 2026 1745 2110 μόνον
1775 2034 2219 2114 συμπέρασμα
2245 2034 2362 2118 τῆς
2393 2027 2548 2152 ὅλης

211 2121 428 2193 αὐτῶν
487 2123 809 2225 ἐνεργείας
865 2124 1262 2211 ποιούμενοι
1314 2123 1429 2193 τὸν
1485 2128 1938 2214 χρηματισμὸν
1994 2132 2100 2196 καὶ
2165 2132 2282 2218 τὴν
2349 2130 2547 2219 κακὴν

212 2226 741 2310 αἰσχροκέρδειαν
785 2230 891 2293 καὶ
937 2225 1014 2292 τὸ
1058 2233 1263 2311 κέρμα
1306 2228 1830 2312 περιχάσκοντες,
1878 2254 1954 2296 ου
1997 2230 2200 2316 μόνον
2232 2227 2344 2299 οὐκ
2389 2228 2548 2299 ἅνα-

211 2331 653 2416 ψηλαφῶσιν,
724 2324 836 2395 ὅτε
880 2329 1086 2417 φόνος
1127 2332 1245 2408 τὶς
1274 2329 1340 2396 ἐν
1382 2318 1454 2417 ᾗ,
1473 2330 1780 2398 διέπουσι
1820 2331 2002 2419 χώρᾳ
2045 2338 2338 2419 γένηται,
2395 2334 2548 2412 τοὺς

210 2432 289 2500 τὸ
331 2434 633 2499 τοιοῦτον
679 2430 893 2500 δεινὸν
937 2431 1562 2519 πλημμελήσαντας,
1619 2426 1754 2524 αλλ’
1760 2484 1779 2514 ,
1838 2431 1875 2501 ὃ
1919 2434 2157 2502 τούτου
2195 2432 2545 2520 χείριστον,

211 2537 386 2613 τινὲς
427 2536 559 2602 τῶν
602 2533 922 2602 τοιούτων
979 2536 1092 2601 καὶ
1131 2532 1283 2613 τοὺς
1336 2533 1459 2621 ἤδη
1514 2541 1956 2621 ,φωραθέντας
2008 2531 2119 2604 ὑπ’
2170 2531 2385 2606 αὐτῶν
2439 2540 2548 2606 καὶ

211 2641 660 2724 κρατηθέντας
704 2634 1246 2721 περικρύπτουσι,
1294 2641 1398 2704 καὶ
1446 2639 1792 2720 λαθραίως
1837 2637 1930 2716 εἰς
1972 2637 2088 2723 τὴν
2130 2637 2416 2724 μεγάλην
2446 2638 2550 2706 ἐκ·

212 2740 484 2826 κλησίαν
526 2742 1027 2819 προπέμπουσι.
1089 2741 1243 2821 περὶ
1292 2739 1361 2804 δὲ
1406 2742 1537 2804 τῶν
1580 2744 1938 2823 γινομένων
1983 2734 2086 2805 ἐπ’
2123 2734 2351 2817 αὐτοῖς
2383 2739 2552 2824 μετὰ

214 2840 292 2907 τὸ
337 2838 793 2924 προσδραμεῖν
849 2841 927 2924 τῇ
986 2833 1315 2925 ἁγιωτάτῃ
1370 2843 1489 2903 τοῦ
1545 2844 1713 2905 θεοῦ
1766 2840 2069 2927 ἐκκλησίᾳ
2110 2836 2150 2924 ἡ
2193 2843 2313 2924 μὲν
2354 2849 2551 2926 βασυ-

215 2944 362 3008 λεία
403 2963 533 3023 μου
577 2932 864 3022 ἀκριβῶς
907 2933 1023 3004 οὐκ
1066 2933 1275 3006 οἶδεν·
1328 2934 1551 3006 ἀκούει
1596 2941 1667 3006 δὲ
1713 2937 1892 3022 ὅμως
1936 2936 2052 3007 οὐκ
2094 2936 2394 3026 aya-96²¹,
2441 2946 2552 3010 καὶ

218 3041 452 3120 ἁπλῶς
493 3041 690 3105 τοῦτο
736 3037 806 3117 ἒξ
848 3034 1161 3105 ἁπάντων
1208 3033 1653 3118 ἀποτελεῖται,
1700 3039 1836 3106 τὸ22
1880 3041 1946 3107 ἐν
1977 3044 2179 3107 παντὶ
2223 3041 2413 3128 τόπῳ
2456 3047 2550 3129 τῷ

215 3143 355 3212 ὑπὸ
398 3141 514 3229 τὴν
557 3139 890 3228 ρωμαϊκὴν
938 3138 1356 3224 ἐπικράτειαν
1409 3139 1655 3225 φόνους
1711 3136 1921 3219 ἀδεῶς
1975 3148 2361 3227 καθημέραν
2402 3144 2554 3208 τολ-

216 3246 503 3327 μᾶσθαι.
597 3236 754 3308 ὅταν
799 3231 912 3307 οὖν
955 3236 994 3328 ἦ
1039 3242 1346 3325 βασιλεία
1387 3263 1517 3321 μου
1563 3236 2060 3327 ἆναλογίσηται,
2121 3239 2337 3327 ὅπερ*
2388 3238 2547 3330 παρ’

219 3345 517 3423 ἔθνεσιν,
595 3342 638 3410 ἃ
707 3342 872 3430 μήτε
935 3342 1137 3428 νόμος
1198 3349 1393 3421 θεῖος
1458 3336 1732 3427 ἀπεῖρξε
1794 3343 1959 3430 μήτε
2019 3344 2382 3433 μελλούσης
2445 3348 2553 3414 καὶ

220 3450 496 3535 φρικτῆς
535 3445 867 3525 κολάσεως
911 3442 1150 3533 ἀπειλὴ
1205 3449 1325 3511 τοῦ
1379 3448 1592 3541 κακῶς
1638 3446 1731 3524 εἷς
1776 3440 2095 3532 ἀλλήλους
2136 3459 2362 3530 ποιεῖν
2406 3443 2555 3517 ἆνε-

181 3555 502 3632 -χαίτισε,
549 3546 633 3615 τὰ
674 3551 951 3615 τοιαῦτα
1004 3551 1136 3613 τῶν
1182 3542 1666 3634 ἁμαρτημάτων
1713 3546 1968 3616 σπάνια
2011 3553 2116 3617 καὶ
2165 3549 2277 3616 διὰ
2315 3550 2553 3636 χρόνου

218 3650 613 3729 τολμῶνται,
662 3648 729 3716 ἔν
758 3650 828 3715 δὲ
856 3651 935 3736 τῇ
962 3643 1115 3715 καθ’
1162 3644 1334 3737 ἡμᾶς
1373 3648 1558 3736 χώρᾳ
1583 3648 1811 3731 σχεδὸν
1842 3646 1994 3717 καθ’
2030 3652 2304 3739 ἑκάστην
2333 3654 2556 3740 πλημ-

219 3752 629 3835 μελοῦνται”
628 3801 648 3830 ,
705 3749 920 3834 πόσης
978 3745 1166 3829 ἀνίας
1209 3750 1664 3834 έμπίπλαται,·
1718 3746 1941 3838 ἡλίκης
1986 3753 2058 3819 δὲ
2107 3749 2404 3837 ἀθυμίας
2444 3756 2557 3820 καὶ

220 3856 417 3923 τοῦτο
473 3853 689 3918 αιτιον
744 3849 911 3933 μετὰ
964 3855 1097 3917 τῶν
1154 3848 1370 3918 ἄλλων
1425 3855 1505 3938 τῇ
1550 3849 1861 3938 βασιλεία
1900 3877 2028 3936 μου
2085 3851 2365 3938 γίνεται,
2423 3856 2555 3920 τῶν

223 3957 337 4022 νῦν
383 3949 765 4040 ἀνθρώπων
820 3952 1228 4039 κατανοούσῃ
1272 3950 1349 4018 τὸ
1394 3954 1557 4036 περὶ
1605 3950 1722 4037 τὴν
1767 3954 2274 4038 δικαιοπραγίαν
2321 3948 2557 4042 ὀλίγω-

223 4077 359 4140 ρον,
405 4057 511 4120 καὶ
554 4052 632 4120 τό
673 4054 924 4142 μηδένα
969 4053 1159 4140 ζῆλον
1205 4053 1371 4136 ἔχειν
1416 4077 1655 4132 αυτους
1698 4057 1814 4119 τοῦ
1851 4055 2050 4121 καλοῦ
2095 4058 2202 4121 καὶ
2246 4059 2363 4142 τῆς
2405 4049 2557 4142 ἀρε-

362 4207 400 4234 ¹⁹
436 4210 502 4259 ld.
528 4202 752 4277 χρόνος.
913 4208 954 4237 ²⁰
989 4211 1130 4261 Wiue
1166 4205 1548 4262 συντείνοντες.
1624 4210 1759 4260 Male.
1933 4211 1967 4238 ²¹
2004 4214 2141 4262 Hunc
2175 4211 2333 4263 locum
2372 4215 2554 4276 egregie

230 4292 573 4345 ἰΗυείηῑΒεΙε.
593 4296 651 4344 εδ
674 4312 717 4346 c.
738 4297 803 4347 74
821 4296 962 4347 nasu.
985 4297 1060 4345 ed.
1083 4296 1234 4346 Rham
1253 4294 1306 4343 lv
1327 4310 1374 4358 p.
1396 4295 1512 4345 237.
1640 4293 1682 4321 ²²
1717 4296 1797 4346 Sic
1818 4297 1973 4346 wine.
2031 4297 2178 4348 eodd.
2200 4297 2294 4361 τῷ.
2404 4299 2433 4329 *
2461 4300 2555 4349 Με-

228 4378 309 4427 lim
329 4368 532 4444 ὅτιπερ.
609 4376 647 4406 ²⁸
665 4382 744 4429 Sic
766 4381 855 4430 edo
877 4397 930 4430 ex
948 4381 1071 4444 conj.
1090 4379 1254 4430 wittii.
1277 4380 1420 4430 PariS.
1445 4380 1569 4431 1351
1591 4395 1604 4430 ε
1626 4376 2059 4445 πλημμελοῦντα.
2079 4383 2209 4433 Bien.
2226 4379 2549 4450 τολμῶνται.
