2900 4950
347 240 468 302 242
1266 245 1384 295 eon.
1422 244 1503 293 ιιι.
1576 243 1685 291 xm.
1725 241 1773 288 v.

1377 428 1550 489 NOV.
1596 427 1660 485 V.

421 560 604 638 lmpp.
654 550 993 625 Romani,
1042 547 1569 619 Constantini,
1618 541 1991 624 Stephani
2039 550 2096 602 et
2142 540 2631 602 Constantini

434 661 505 721 de
551 654 890 738 potentibus
935 653 1006 712 ab
1054 649 1441 729 acquisitione
1490 646 1861 728 praediorum
1909 642 2259 705 arcendis¹.‘
2326 647 2412 713 (Α.
2449 647 2620 715 935.)

358 816 561 885 Τοῦ2
628 805 892 898 κυρίου
975 807 1329 895 ῥ;υμανοῦ
1411 807 1544 871 τοῦ
1625 796 1989 894 βασιλέως
2053 803 2189 869 τοῦ
2270 795 2699 888 πρεσβύτου

490 980 501 1006 ¹
555 983 684 1028 Hane
724 976 959 1026 Nox-ellam
1000 974 1192 1022 servavit
1242 972 1382 1021 nohis
1419 970 1654 1034 appendix
1694 971 1969 1034 synopseos
2005 971 2041 1033 1,
2080 969 2120 1018 11
2158 977 2205 1018 et
2240 971 2303 1019 111
2343 969 2527 1029 classiS,
2570 969 2697 1018 unde

353 1084 457 1117 eain
497 1065 745 1114 ediderunt
787 1060 1036 1109 Lennclav.
1074 1067 1180 1121 post
1224 1060 1334 1121 Syn.
1373 1056 1498 1119 p.3·1
1540 1065 1583 1105 et
1622 1058 1667 1106 in
1705 1056 1827 1104 JGR.
1869 1057 1907 1104 11
1946 1070 1992 1119 p.
2018 1055 2139 1109 158,
2198 1063 2243 1103 et
2280 1055 2528 1103 Lahbaeus
2567 1070 2611 1116 p.
2657 1056 2697 1104 1.

354 1154 601 1204 Praeterea
651 1146 858 1195 occurrit
908 1145 954 1192 in
1006 1143 1269 1206 appendice
1317 1142 1530 1190 Prot-hiri
1583 1142 1738 1203 aucti,
1789 1148 1835 1188 et
1882 1141 1928 1189 in
1969 1140 2119 1190 Codd.
2160 1138 2290 1189 Bodl.
2336 1140 2418 1189 131
2467 1147 2511 1187 et
2551 1139 2696 1188 PariS.

357 1237 503 1288 1384.
553 1233 799 1297 Epitomen
839 1229 1024 1277 exhibet
1064 1227 1296 1291 appendix
1320 1229 1430 1291 Syn.
1458 1226 1570 1287 lcl.‚
1611 1240 1811 1288 eamque
1832 1224 1978 1273 edidit
1999 1224 2243 1274 Leunclav.
2278 1226 2401 1274 JGR.
2424 1224 2464 1273 ll
2503 1225 2694 1287 p.t55;

353 1322 492 1372 aliam
540 1317 776 1382 appendix
826 1313 1066 1363 Michaelis
1119 1313 1389 1361 AttalensiS.
1459 1311 1548 1367 (lbi
1598 1311 1668 1359 sic
1721 1318 1822 1358 est:
1875 1304 2114 1376 Νεαρὰ
2161 1307 2489 1376 ῥωμανοῦ
2537 1303 2701 1373 περὶ

352 1401 697 1453 δυνατῶν.
779 1395 807 1446 ὁ
844 1394 904 1446 δὲ
928 1391 1091 1462 κυρός·
1126 1391 1381 1462 ῥωμανὸς
1414 1389 1616 1448 ἐκεῖνος
1651 1387 1678 1443 ὃ
1714 1387 2017 1460 πρεσβύτης
2051 1388 2481 1460 ἐνομοθέτησεν·
2520 1386 2575 1442 οἱ
2609 1389 2699 1441 δυ·

352 1484 513 1538 νατοὶ
546 1479 803 1551 κοσμικοί
835 1497 892 1531 τε
927 1477 1016 1529 καὶ
1054 1474 1477 1540 ε’κκλησιαστικοὶ
1513 1475 1602 1528 καὶ
1642 1472 1697 1528 οἷ
1730 1471 1904 1546 ἀρχὰς
1937 1473 2150 1547 ἔχοντες
2167 1474 2260 1527 καὶ.
2281 1472 2336 1527 οἷ
2356 1492 2700 1544 προσῳκειω-

352 1571 513 1641 μένοι
548 1564 778 1623 τούτοις,
818 1560 899 1617 ἔτι
937 1561 994 1615 δὲ
1029 1561 1118 1614 καὶ
1155 1558 1469 1630 ἡγούμενοι,
1507 1558 1581 1629 μὴ
1611 1558 1874 1612 δύνανται
1897 1564 2074 1613 ποιεῖν
2097 1560 2222 1617 νέας·
2242 1557 2540 1624 ἐπικτήσεις
2561 1560 2701 1612 κατά

355 1672 481 1707 τινα
517 1647 689 1702 τόπον
725 1645 799 1705 εἷς
834 1648 1060 1707 ξένωσιν
1087 1645 1316 1716 χωρίων
1364 1641 1393 1711 ᾗ
1433 1640 1637 1713 ἀγρῶν.
1716 1639 1822 1696 ἀλλ’
1864 1641 1960 1696 ἐὰν
1994 1641 2269 1709 ποιήσωσι
2300 1642 2440 1715 μετὰ
2480 1641 2578 1708 τὴν
2611 1663 2701 1695 νο-

357 1734 662 1808 μοθεσίαν,
720 1730 1067 1785 ἓκδιιόκονται
1108 1727 1431 1799 ἇναργύρως
1463 1728 1601 1799 μηδὲ
1637 1728 1761 1798 περὶ
1811 1726 2217 1799 ἰμπονημάτων
2263 1726 2478 1800 ἔχοντες
2510 1728 2695 1798 λόγον.

355 1821 446 1875 καὶ
499 1817 547 1872 εἶ
603 1817 709 1889 μὲν
758 1813 1049 1884 βούλονται
1102 1812 1157 1867 οἱ
1206 1812 1627 1884 ἓκποιησιὶμενοι
1672 1817 1912 1884 χωρῖται
1965 1810 2453 1883 ἀναλαμβάνεσθαι
2506 1817 2697 1873 ταῦτα,

355 1905 544 1978 ἔχουσι
592 1906 755 1956 τοῦτο
811 1897 887 1953 ἐπ’
941 1896 1139 1957 ἀδείας.
1215 1896 1429 1951 τούτων
1478 1898 1537 1950 δὲ
1569 1897 1645 1969 μὴ
1683 1897 1937 1951 ὑπόντων
1972 1894 2003 1962 ἢ
2036 1897 2113 1968 μὴ
2150 1899 2524 1968 βουλομένων,
2565 1897 2703 1967 πρὸς

358 1989 485 2048 τοὺς
520 1983 994 2058 συγκληρονόμους
1037 1983 1126 2037 καὶ
1166 1983 1511 2053 συγχωρῖτας
1545 1980 1938 2054 ἐπανέρχονται
1974 1987 2164 2036 ταῦτα.
2240 1982 2289 2037 εἷ
2324 1983 2383 2037 δὲ
2419 1984 2703 2053 προφάσει

356 2070 706 2147 μονᾶσαντος
743 2069 771 2135 ἢ
806 2070 1050 2140 μοντὶσαι
1084 2069 1416 2137 βουλομένου
1445 2067 1691 2137 χωρίτου
1726 2072 2095 2140 προσκυρωθῇ
2131 2087 2184 2121 τι
2193 2067 2494 2141 χωριτικὸν
2513 2066 2589 2125 εἷς
2602 2088 2702 2137 μο-

357 2159 675 2227 ναστῆριον,
718 2154 747 2219 ἦ
787 2154 971 2206 δικαία
1010 2152 1132 2223 τιμὴ
1175 2154 1272 2204 τοῦ
1307 2152 1583 2221 κτήματος
1617 2153 1912 2223 παρέχεται
1948 2150 2024 2212 εἷς
2059 2152 2119 2204 τὸ
2155 2154 2534 2223 μοναστῆριον
2552 2152 2703 2225 παρὰ

359 2249 472 2298 τῶν
520 2243 908 2312 συγχωριτῶν,
963 2238 1024 2290 τὸ
1076 2237 1134 2291 δὲ
1181 2241 1361 2307 κτῆμα
1407 2238 1560 2307 μένει
1596 2233 1724 2309 παρ’
1767 2234 1967 2295 adroic.
2047 2243 2117 2292 ct.
2155 2237 2370 2307 Μικρὸν
2406 2244 2473 2297 Ν,
2499 2244 2600 2295 40.)
2644 2270 2693 2277 —

361 2334 600 2383 Laudatur
637 2334 755 2379 haec
794 2329 989 2376 Romani
1029 2327 1218 2375 Novella
1257 2327 1302 2374 in
1346 2322 1515 2391 Πείρᾳ
1555 2328 1668 2390 vul,
1704 2329 1742 2377 1.
1782 2329 1853 2390 tx,
1882 2328 1990 2379 t.2.
2019 2330 2106 2389 10,
2155 2329 2200 2378 in
2240 2328 2411 2387 Ecloga
2452 2328 2530 2376 tit».
2558 2329 2703 2378 1—x

362 2418 503 2468 Basil.
541 2417 616 2478 IX,
638 2415 668 2464 2
707 2413 785 2474 (cs.
809 2411 922 2460 Nov.
950 2412 989 2459 lI
1013 2418 1109 2461 not.
1135 2412 1198 2471 1).
1256 2410 1487 2460 Pan-ucula
1516 2413 1619 2477 ejus
1641 2414 1878 2477 reperitur
1896 2413 2022 2477 apud
2042 2415 2199 2462 ilai-m.
2221 2414 2298 2475 111,
2320 2413 2366 2462 3.
2387 2414 2432 2474 7,
2451 2427 2592 2477 quam
2614 2414 2704 2461 Bo-

362 2503 504 2553 netid.
544 2517 589 2564 p.
610 2500 674 2550 24
715 2497 965 2546 edidit.—
1002 2496 1108 2554 Quo
1147 2504 1360 2560 tempore
1399 2498 1517 2546 haec
1536 2499 1725 2548 Novella
1760 2485 2052 2561 promulgata
2088 2500 2165 2560 sit,
2203 2514 2295 2547 non
2336 2500 2450 2548 satis
2476 2502 2519 2547 in
2540 2499 2703 2563 aprico

362 2596 451 2638 est.
525 2583 797 2635 Secundum
852 2596 933 2642 ea,
984 2596 1106 2644 quae
1155 2589 1253 2630 not.
1274 2581 1389 2632 23.
1415 2583 1516 2630 5.6
1555 2591 1601 2631 et
1638 2583 1701 2633 2⁴3
1740 2584 1984 2645 dicentur,
2035 2597 2160 2633 anno
2210 2584 2303 2631 sire
2341 2585 2438 2633 929
2488 2584 2605 2638 (ind.
2642 2583 2705 2642 ΙΙ)

363 2674 457 2721 sive
493 2669 593 2720 935
630 2667 746 2726 (iud.
787 2665 905 2717 vttti
952 2665 1176 2714 vindicari
1214 2673 1388 2728 potest.
1460 2666 1556 2715 Sed
1595 2668 1639 2715 in
1679 2674 1805 2716 textu
1843 2667 2061 2717 Novellae
2108 2669 2286 2731 passim
2326 2669 2421 2718 ind.
2458 2670 2475 2718 Ι
2513 2676 2707 2717 vocatur

366 2748 394 2814 ἢ
433 2749 787 2821 παρελθοῦσα
821 2741 1008 2816 πρώτη
1052 2742 1345 2805 ἷνδικτιών,
1387 2766 1511 2814 quae
1548 2751 1812 2814 simplicius
1850 2744 1878 2810 ἦ
1916 2749 2269 2817 παρελθοῦσα
2306 2745 2407 2800 tud.
2445 2755 2598 2801 vocari
2620 2767 2707 2815 po-

363 2840 551 2900 unisset,
590 2838 631 2886 si
669 2836 766 2885 ind.
793 2835 833 2885 11
871 2835 942 2885 lex
979 2835 1073 2884 lata
1111 2835 1309 2885 fuisset:
1350 2837 1570 2899 adeoque
1608 2837 1653 2885 in
1694 2838 1785 2884 tine
1823 2837 1991 2899 capitis
2030 2837 2047 2886 1
2086 2851 2243 2886 sermo
2283 2846 2350 2886 est
2391 2837 2451 2886 de
2478 2832 2707 2902 χρόνοις

364 2931 472 2988 post
510 2922 605 2971 ind.
649 2922 664 2970 1
716 2921 1013 2985 insequutiS‚
1064 2919 1207 2984 idque
1255 2920 1441 2981 longius
1480 2919 1774 2969 intervalium
1812 2921 1934 2970 inter
1968 2921 2067 2971 ind.
2106 2923 2122 2971 1
2163 2929 2208 2970 et
2244 2937 2448 2980 annum,
2499 2938 2595 2986 quo
2632 2922 2703 2972 lex

364 3007 654 3072 promulgata
693 3013 781 3066 est,
819 3006 1153 3054 intercessisse
1190 3004 1499 3053 demonstrat.
1575 3004 1776 3052 Proinde
1812 3020 1907 3053 non
1945 3005 2043 3054 ind.
2084 3006 2121 3054 11
2159 3021 2284 3055 anno
2320 3007 2447 3066 929,
2498 3007 2582 3055 sed
2620 3022 2706 3070 po-

364 3095 459 3142 tius
507 3091 604 3140 ind.
638 3091 738 3139 vn!
787 3105 912 3138 anno
948 3089 1048 3140 935
1098 3090 1271 3139 editam
1323 3104 1431 3138 esse
1469 3089 1772 3139 crediderim.
1843 3089 2038 3140 Scilicet
2073 3105 2218 3153 quum
2256 3091 2369 3141 Nov.
2407 3091 2444 3139 ll
2484 3105 2525 3140 e.
2556 3091 2587 3141 2
2624 3091 2710 3140 de-

366 3177 522 3227 cennii
562 3174 937 3239 praescriptione
974 3173 1239 3236 potentium
1278 3175 1625 3237 acquisitiones
1662 3174 1720 3223 ab
1756 3173 1885 3223 omni
1925 3176 2243 3224 controversia
2280 3175 2454 3224 liberas
2493 3192 2601 3225 esse
2628 3192 2707 3224 ro-

362 3262 547 3322 luisset,
585 3262 710 3309 circa
748 3273 790 3307 a.
826 3258 926 3308 935
967 3257 1230 3320 periculum
1271 3257 1562 3320 imminebat,
1602 3274 1660 3307 nc
1698 3259 1960 3322 potentium
2000 3260 2046 3310 in
2086 3259 2277 3322 praedia
2314 3260 2602 3309 rusticorum
2642 3262 2707 3310 ir·

364 3347 611 3410 ruptioncs
649 3359 691 3393 a.
727 3342 828 3393 928
878 3343 908 3391 i.
949 3358 989 3390 e.
1040 3349 1256 3404 tempore
1303 3342 1442 3391 famis
1494 3342 1647 3391 factae
1685 3344 1904 3392 decennii
1942 3343 2078 3407 lapsu
2116 3345 2537 3393 confirmarentur:
2592 3345 2707 3394 ideo

366 3432 680 3493 imperatores
726 3426 818 3474 hoc
867 3426 1055 3474 demum
1108 3434 1322 3490 tempore
1368 3427 1688 3489 antiquiorem
1740 3428 1864 3476 illam
1902 3426 2053 3488 legem
2091 3429 2153 3477 ita
2192 3429 2250 3478 de
2287 3444 2403 3478 novo
2441 3443 2710 3492 proposue-

366 3521 492 3574 runt,
531 3519 581 3559 ut
616 3510 980 3573 praescriptioni
1019 3509 1086 3558 illi
1124 3524 1218 3558 non
1258 3517 1386 3558 esset
1420 3509 1572 3558 loeus.
1649 3510 1896 3560 Caeterum
1936 3513 2169 3574 Georgius
2206 3514 2464 3562 Monachus
2503 3515 2547 3561 in
2568 3513 2708 3562 Novis

367 3595 517 3659 impp.
569 3594 642 3643 ed.
697 3592 842 3642 Paris.
893 3607 937 3654 p.
973 3592 1071 3641 5²5
1119 3593 1217 3643 ind.
1253 3594 1330 3642 vn
1378 3593 1550 3643 famem
1600 3595 1724 3644 illam
1775 3597 1985 3645 tribuere
2031 3597 2228 3646 videtur.
2288 3624 2325 3632 —
2395 3598 2710 3646 conterantur

369 3682 539 3742 etiam,
588 3693 712 3743 quae
760 3676 879 3727 infra
929 3677 1039 3725 Nov.
1079 3677 1154 3726 XV
1205 3685 1253 3726 et
1299 3678 1412 3727 Nor.
1461 3679 1637 3729 xxviii
1686 3680 1732 3729 in
1784 3681 1910 3729 notis
1959 3681 2192 3730 dicemus.
2420 3678 2440 3705 ⁸
2492 3680 2544 3728 ln
2595 3682 2707 3744 Syn.

367 3766 468 3815 t'ere
517 3764 825 3813 inscribitur:
878 3754 940 3810 αἱ
982 3755 1174 3826 νεαραὶ
1208 3760 1306 3809 τοῦ
1341 3762 1510 3829 κυροῦ
1546 3760 1807 3829 ρωμανοῦ
1840 3764 1939 3813 τοῦ
1973 3761 2236 3827 βασιλέως
2271 3765 2349 3821 (al.
2390 3763 2485 3812 τοῦ
2521 3761 2710 3830 γέρον-

367 3864 476 3906 τος,
518 3850 578 3900 al.
619 3847 717 3896 τοῦ
750 3839 1090 3913 πρεσβύτου).
1170 3848 1296 3897 Haec
1331 3849 1490 3897 verba·
1515 3843 1639 3915 περὶ
1674 3848 1786 3897 τῶν
1820 3843 2088 3915 ὖπεισερχ.
2128 3877 2199 3886 -
2232 3842 2482 3909 πενήτων
2518 3850 2708 3897 nonnisi

368 3935 416 3984 iu
453 3937 565 3999 Syn.
603 3935 642 3984 11
681 3942 727 3983 et
763 3932 826 3983 111
864 3931 921 3981 cl.
959 3933 1276 3993 reperiuntur.
1345 3932 1396 3981 ln
1436 3935 1554 3996 App.
1594 3934 1801 3983 Prochiri
1849 3937 1974 3982 arieti
2026 3935 2331 3983 inscribitur:
2386 3928 2711 3999 Νομοθεσία

368 4012 572 4066 παλαιὰ
609 4013 868 4083 ῥωμανοῦ
902 4010 1164 4078 βασιλέως
1212 4014 1308 4064 τοῦ
1341 4013 1604 4083 γέροντος·
1640 4017 1963 4066 συντεθεῖσα
1997 4013 2151 4081 παρὰ
2183 4016 2364 4083 κοσμᾶ
2396 4012 2709 4083 μαγίστρου

373 4101 447 4164 τῷ
482 4100 654 4165 καιρῷ
695 4099 789 4147 τοῦ
824 4096 984 4162 λιμοῦ
1020 4098 1116 4158 τῆς·
1150 4094 1201 4146 α’
1239 4091 1340 4147 ivd.
1383 4126 1450 4158 ;-
1486 4102 1555 4151 vel
1594 4103 1732 4150 etiam
1772 4103 1872 4152 sic:
1925 4098 2115 4169 Νεαρᾰ
2152 4099 2414 4169 ῥωμανοῦ
2449 4097 2713 4165 βασιλέως

370 4182 470 4232 τοῦ
521 4180 781 4249 γέροντος
818 4174 989 4248 χάριν
1023 4181 1120 4229 τοῦ
1153 4177 1229 4249 μὴ
1268 4176 1616 4249 εἷσέρχεσθαι
1651 4180 1858 4232 δυνατὰ
1892 4180 2165 4254 πρόσωπα
2201 4180 2277 4239 εἷς
2312 4176 2519 4251 ἀγροὺς
2555 4176 2584 4244 ἢ
2622 4198 2713 4232 κα-

370 4261 541 4315 θόλου
578 4258 607 4326 ἢ
642 4263 892 4332 μερικῶς.
971 4266 1184 4329 Denique
1221 4267 1468 4329 Epitomae
1503 4269 1645 4332 hujus
1683 4269 1793 4318 Nor.
1820 4273 1867 4319 in
1889 4272 2039 4335 Sym!
2078 4271 2136 4321 el.
2175 4271 2482 4320 inscribitur:
2524 4266 2715 4336 Νεαρὰ

373 4348 634 4417 ρωμανοῦ
669 4342 930 4413 εἴργουσα
965 4343 1093 4401 τοὺς·
1127 4343 1395 4404 δυνατοὺς
1432 4344 1717 4410 ἓξωνῆσεις
1751 4347 1828 4406 εἷς
1850 4349 2068 4420 χωρίου
2104 4347 2289 4420 ὂμάδα
2323 4353 2519 4403 ποιεῖν.
