2900 4950
1416 132 1435 158 δ

1085 288 1200 352 ιηηι.
1235 289 1407 340 {sancii
1442 290 1623 352 Augen.
1950 303 1975 310 -
2252 254 2260 267 ⁶
2397 282 2523 347 1109

193 437 308 521 τὴν
351 439 468 503 τοῦ
515 428 1082 522 ἐπιστημονάρχου
1125 439 1242 522 τῆς
1285 435 1624 522 ἐκκλησίας
1663 434 1849 515 τάξιν
1892 437 2214 525 λαχούσης
2255 442 2371 526 τῆς
2401 448 2524 526 βα.

194 539 446 617 adelae,
484 560 613 622 μου
658 534 843 621 παρὰ
886 540 1003 605 τοῦ
1046 535 1286 622 ταύτην
1325 535 1674 622 χρίσαντός
1723 562 1797 603 τε
1836 535 1947 603 καὶ
1988 538 2523 624 βασιλεύσαντος,

191 641 297 711 καὶ
345 639 689 726 ἐφειμένον
736 636 1004 724 ἐχούσης
1049 637 1505 722 διορθοῦσθαι
1549 637 1633 704 τὰ
1675 637 1860 723 παρὰ
1892 638 2045 716 τοὺς
2075 639 2525 727 ἐκκλησιαστι-

193 741 346 819 κοὺς
399 738 677 817 κανόνας
734 739 897 817 ἰ’σως
938 736 1280 823 γινόμενα·
1339 733 1414 805 οὗ
1456 740 1576 823 μὲν
1623 728 1737 804 οὖν
1779 742 1890 806 καὶ
1933 736 2290 811 ἀπεώσατο
2332 745 2443 813 καὶ.
2484 739 2522 830 ἦ

191 841 498 926 βασιλεία
551 865 680 923 μου
736 838 850 924 τὴν
894 842 1012 904 τοῦ
1054 841 1548 925 μητροπολίτου
1594 840 1838 907 ἱκέσιον
1885 842 2105 927 δέησιν
2148 847 2255 910 καὶ
2305 844 2523 911 εἴασεν

196 937 595 1025 ἀδιαίτητον.
686 938 792 1009 διὸ
836 943 943 1006 καὶ
985 942 1557 1028 μετακαλεσαμένη
1600 940 1716 1028 τὴν
1762 940 2041 1029 σήμερον
2084 943 2200 1010 τὸν
2245 941 2529 1030 ἁγιώτα-

193 1041 309 1137 τόν
352 1065 500 1124 μου,
526 1042 851 1133 δεσπότην
895 1044 1005 1109 καὶ
1047 1042 1493 1126 οἷκουμενικὸν
1539 1043 1965 1129 πατριάρχην,
2012 1039 2179 1111 ἀλλὰ
2221 1045 2330 1113 καὶ
2374 1045 2527 1125 τοὺς

196 1144 456 1227 ἑτέρους
500 1139 904 1227 ἆγιωτάιους
949 1142 1373 1227 πατριάρχας,
1420 1142 1537 1211 τόν
1579 1169 1651 1209 τε
1694 1147 1808 1228 τῆς
1838 1146 2267 1224 θεουπόλεως
2296 1141 2437 1214 ἀντ
2455 1174 2525 1213 ι-

198 1251 506 1327 οχείας,
552 1243 664 1311 καὶ
705 1244 819 1311 τὸν
866 1243 1461 1327 ἶεροσολὺμων,
1508 1246 1613 1310 ναὶ
1657 1243 1784 1329 μὴν
1826 1243 1939 1310 καὶ
1980 1246 2134 1324 τοὺς
2176 1246 2527 1334 ἐνδημοῦνή

194 1368 315 1424 τας
355 1348 434 1432 τῇ
477 1346 721 1432 μεγάλῃ
767 1345 965 1413 πόλει
1006 1341 1358 1431 ἀρχιερεῖς,
1405 1340 1703 1432 ἀπῄτησε
1743 1344 1858 1412 τὸν
1905 1348 2363 1434 διαληφθέντα
2400 1375 2530 1434 μη·-

196 1448 597 1533 τροπολίτην
641 1448 971 1528 κυζίκου
1013 1446 1318 1530 παρόντα
1360 1449 1468 1516 καὶ
1514 1442 1712 1515 αὐτὸν
1756 1446 1824 1514 ἐν
1870 1446 2132 1533 ἐπηκόῳ
2171 1452 2290 1517 τοῦ
2333 1449 2529 1536 φιλοψ

193 1555 364 1618 θέον
418 1548 653 1617 τούτου
713 1554 1153 1634 χοροστασίου
1207 1548 1424 1615 εἰπεῖν
1482 1550 1595 1617 καὶ
1646 1554 2045 1633 προθέσθαι
2099 1547 2135 1613 ὃ
2184 1549 2525 1635 βούλεται·

198 1647 235 1717 ὃ
279 1652 352 1719 δὲ
394 1653 503 1717 καὶ
547 1648 753 1717 πάλιν
814 1649 1017 1735 μηδὲν
1060 1642 1620 1734 ὑποστειλάμενος
1664 1649 1878 1717 ἐκεῖνα
1919 1654 2127 1719 ταῦτα
2168 1657 2529 1737 προέθετο,

196 1748 367 1836 ἅπερ
410 1754 523 1819 καὶ
561 1750 735 1836 πρὸς
776 1750 890 1836 τὴν
933 1752 1277 1834 βασιλείαν
1319 1775 1448 1834 μου
1493 1750 1821 1835 πρότριτα
1864 1746 2194 1838 ἀνήνεγκε,
2239 1752 2317 1818 τὸ
2374 1752 2529 1833 τοὺς

198 1853 409 1938 ἱεροὺς
450 1854 559 1919 καὶ
603 1859 834 1930 θείους
878 1852 1122 1939 δηλαδὴ
1165 1852 1442 1930 κανόνας
1484 1853 1592 1917 καὶ
1626 1851 1865 1935 νόμους
1896 1852 1962 1918 ἓν
1992 1877 2132 1918 τισι
2160 1861 2528 1938 παραθεω-

195 1961 471 2039 ρεῖσθαι
512 1955 620 2019 καὶ
663 1959 1224 2037 παραβαίνεσθαι.
1312 1954 1424 2019 καὶ
1470 1947 1671 2030 εὖθύς
1713 1951 1847 2036 πρὸ
1892 1957 2023 2019 τῶν
2079 1950 2296 2020 ἄλλων
2359 1979 2528 2038 προ-

197 2062 416 2133 έθετο,
455 2050 561 2120 ὅτι
615 2053 967 2140 ἐκκλησιῶν
1006 2057 1419 2138 χηρευουσῶν
1462 2055 1571 2121 καὶ
1618 2055 2265 2143 ψήφων-γινομένων
2310 2051 2526 2123 αὐτῶν

197 2152 274 2233 οὗ
320 2157 791 2241 συγκαλοῦνται
834 2155 947 2221 ἐπὶ
990 2165 1140 2233 ταῖς
1181 2159 1643 2239 γενησομέναις
1685 2155 1947 2241 ψήφοις
1990 2150 2280 2232 ἅπαντες
2324 2155 2387 2223 οἱ
2424 2155 2529 2223 ἐν-

199 2259 552 2345 δημοῦντες
594 2259 672 2343 τῇ
715 2255 961 2343 μεγάλῃ
1007 2256 1206 2325 πόλει
1247 2251 1588 2339 ἀρχιερεῖς,
1637 2250 1805 2325 ἀλλὰ
1847 2257 1953 2321 καὶ
2001 2252 2155 2340 ἄτερ
2184 2258 2301 2342 τῆς
2328 2281 2527 2325 τινων

196 2359 709 2443 συλλειτουργῶν
769 2360 879 2425 καὶ
942 2358 1369 2443 συναδελφῶν
1438 2356 1893 2443 μετακλήσεως
1952 2355 2037 2423 τὰ
2104 2359 2221 2443 τῆς
2291 2356 2528 2444 ψήφου

195 2458 382 2546 παρὰ
437 2457 713 2538 κανόνας
767 2465 1149 2544 προβαίνει·
1209 2453 1450 2528 ὁποῖον
1509 2457 1586 2547 δή
1643 2485 1711 2526 τι
1764 2463 1986 2545 γέγονε
2040 2462 2145 2526 καὶ
2208 2458 2321 2526 ἐπὶ
2378 2469 2529 2539 ταῖς

194 2560 456 2648 ψήφοις
507 2565 637 2630 τῶν
693 2562 1167 2648 ῥηθησομένων
1226 2561 1597 2647 ἐκκλησιῶν.
1686 2563 1793 2627 καὶ
1849 2563 2223 2644 προΐσχετο,
2278 2556 2369 2640 ῶς
2410 2560 2527 2628 ,ἐπὶ

196 2665 274 2749 τῇ
320 2662 530 2749 ψήφῳ
570 2664 690 2746 μὲν
733 2668 850 2750 τῆς
892 2689 963 2732 τε
1005 2661 1736 2740 κλαυδιουπόλεως
1778 2661 1889 2728 καὶ
1917 2666 2529 2749 τῆςμαρωνείας

200 2759 493 2841 οὗδόλως
534 2758 810 2850 ἠξίωται
850 2763 1046 2847 λόγου
1091 2762 1277 2846 παρὰ
1319 2766 1450 2828 τῶν
1502 2769 1983 2849 ψηφισαμένων
2038 2763 2280 2841 ταύτας
2329 2788 2531 2831 συνα-

201 2866 462 2950 δελφῶν
517 2863 755 2929 τούτου
809 2867 918 2930 καὶ
975 2865 1520 2947 συλλειτουργῶν,
1582 2858 1734 2928 οὐδὲ
1786 2863 2152 2949 μετεκλήθη
2200 2863 2369 2947 πρὸς
2410 2864 2528 2951 τὴν

197 2968 434 3051 ψῆφον
491 2963 678 3047 παρά
731 2985 944 3043 τινος,
999 2963 1110 3030 καὶ
1164 2967 1371 3029 ταῦτα
1427 2967 1506 3049 τῇ
1549 2962 1793 3050 μεγάλῃ
1840 2963 2039 3030 πόλει
2083 2961 2376 3049 ἐνδημῶν
2418 2969 2528 3032 καὶ

195 3070 329 3136 τῶν
375 3067 733 3132 συνοδικῶν
775 3066 1211 3152 δικαστηρίων
1252 3063 1340 3151 μὴ
1389 3060 2020 3148 ἀπολιμπανόμενος
2062 3067 2169 3130 καὶ
2212 3069 2343 3130 τῶν
2388 3067 2535 3132 λοι-ε

196 3171 347 3235 πῶν
405 3165 870 3258 συνελευσεων·
928 3165 1040 3232 ἐπὶ
1100 3167 1172 3232 δὲ
1228 3176 1376 3243 ταῖς
1429 3164 1689 3251 ψήφοις
1731 3169 1862 3231 τῶν
1906 3165 2141 3248 ἑτέρων
2184 3168 2384 3247 τριῶν
2430 3165 2533 3233 ἐκ·

197 3271 513 3354 κλησιῶν,
585 3269 1060 3354 δυῤῥαχίου,
1125 3266 1472 3353 μιλήτου
1527 3269 1632 3332 καὶ
1676 3264 2524 3351 χριστιανουπόλεως,

203 3372 521 3456 δοθείσης
553 3369 765 3455 τούτῳ
798 3369 1124 3453 εἰδησεως,
1172 3370 1280 3433 καὶ
1310 3362 1510 3434 αὐτοῦ
1542 3373 1992 3451 ποιησαμένου
2024 3362 2372 3452 ἀπόλογον,
2417 3370 2529 3439 καὶ

198 3471 651 3554 ἐνδειξαμένου
698 3474 999 3559 φανερῶς
1043 3466 1614 3556 ἀποπεφασμένον
1656 3467 1733 3534 τὸ
1766 3469 1978 3555 τούτῳ
2011 3469 2530 3554 δυσαρεστούμε-

197 3597 309 3641 νον
352 3574 464 3640 καὶ
505 3573 583 3640 τὸ
625 3578 827 3656 μέσον
874 3567 1073 3640 αὐτοῦ
1117 3597 1188 3640 τε
1230 3574 1342 3637 καὶ
1381 3575 1498 3658 τῆς
1542 3567 1988 3658 ἀδελφότητος
2030 3571 2145 3638 διὰ
2186 3570 2302 3659 τὴν
2335 3596 2529 3654 περι-

198 3675 520 3762 φρόνησιν
565 3673 946 3752 σκάνδαλον,
990 3675 1094 3740 καὶ
1144 3668 1287 3742 οἷον
1324 3669 1769 3752 ἀπαιτοῦντος
1811 3673 1928 3760 τὴν
1973 3673 2230 3759 εἰρήνην
2273 3676 2379 3740 καὶ
2411 3673 2527 3757 τὴν

199 3773 531 3859 ὁμόνοιαν,
579 3776 646 3841 οἱ
685 3773 920 3840 τούτου
965 3775 1362 3861 συναδελφοὶ
1407 3773 1594 3857 παρὰ
1623 3776 1877 3859 φαῦλον
1916 3775 2150 3842 ἔθεντο
2180 3777 2288 3842 καὶ
2320 3769 2529 3856 ἀπεῤ-

197 3876 491 3968 ῥάπισαν
550 3876 667 3962 τὴν
731 3871 1122 3958 ἀπόκρισιν,
1177 3878 1287 3942 καὶ
1343 3870 1931 3955 ἀποσχοινίσαντες
1975 3874 2273 3952 ἑαυτοὺς,
2328 3878 2530 3957 χωρὶς

194 3981 311 4063 τῆς
354 3973 554 4046 αὐτοῦ
599 3983 971 4062 παρουσίας
1012 3978 1117 4042 καὶ
1165 3975 1390 4058 ἑτέρας
1430 3975 1610 4053 τινὸς
1655 3971 2085 4061 ὑπομνήσεως
2097 4024 2116 4055 ,
2163 3967 2325 4052 κάπὶ
2371 3973 2529 4040 ταύ-

195 4103 344 4170 ταις
397 4090 545 4158 ταῖς
598 4079 965 4166 ἐκκλησίαις
1019 4075 1172 4154 τοὺς
1224 4077 1578 4154 δοκοῦντας
1622 4072 1848 4154 αὐτοῖς
1892 4076 2331 4162 ἐψηφίσαντο.
2423 4071 2531 4146 ὅτι

198 4182 355 4265 γοῦν
400 4180 466 4246 οἱ
506 4187 694 4248 θεῖοι
735 4182 840 4245 καὶ
888 4179 1049 4263 ἱεροὶ
1093 4176 1359 4255 κανόνες
1403 4176 1522 4256 τὰς
1564 4177 1875 4256 τοιαύτας
1906 4177 2176 4264 ψήφους
2206 4171 2528 4246 ἀποδοκι-

195 4279 512 4364 μάζοντες
550 4280 964 4366 μεμισήκασι,
1012 4285 1382 4364 προτίθησι
1422 4284 1588 4356 τέως
1629 4277 1712 4348 τά
1755 4282 1910 4362 περὶ
1938 4278 2192 4361 τούτου,
2239 4284 2343 4348 καὶ
2374 4280 2528 4362 τοὺς

196 4379 477 4456 κανόνας
517 4379 990 4466 παρακλητεύει
1037 4375 1627 4465 ἀναγινώσκεσθαι,
1676 4380 1749 4445 οἵ
1786 4405 1959 4459 τινες
1999 4382 2111 4448 καὶ
2134 4376 2291 4468 παρ’
2326 4377 2525 4450 αὐτοῦ
