2900 4950
21 648 32 785 *⁴*
21 542 38 579 -π
21 440 38 479 ἡ

1069 264 1184 326 imp.
1225 262 1388 311 isam-u
1428 264 1607 324 ingen.
2380 255 2503 317 525

1053 480 1221 540 NOV.
1270 478 1622 541 Lxxxvut.

952 600 1095 680 imp.
1143 599 1421 660 Isaacii
1469 598 1729 676 Angeti

308 720 482 763 aurea
531 701 682 763 inilia
730 703 803 763 de
849 701 991 762 iocis
1034 721 1065 762 a
1112 700 1347 763 Venetis
1392 698 1896 778 Constantinopoli
1942 698 2369 779 possidendis¹.

1170 807 1259 875 (Α.
1313 807 1332 864 1
1357 804 1520 875 187.)

343 972 631 1043 Quoniam
681 971 934 1032 Venetici
982 971 1052 1030 ad
1107 969 1420 1049 Imperium
1485 980 1749 1030 nostrum
1810 969 2157 1031 accedentes
2214 980 2273 1032 et
2317 971 2389 1031 ab
2435 990 2507 1032 eo

174 1074 244 1133 ad
292 1057 600 1132 servitium⁴
634 1071 996 1132 celsitudinis
1042 1082 1241 1132 nostro
1289 1071 1506 1149 recepti
1555 1090 1686 1131 cuni
1735 1072 1974 1143 ceteris,
2021 1091 2134 1150 que
2182 1073 2508 1150 postulave-

173 1185 329 1246 runt,
376 1173 448 1234 ab
497 1172 745 1252 imperio
793 1183 995 1232 nostro
1041 1172 1335 1252 petierunt
1367 1182 1626 1232 nostram
1676 1172 2062 1251 deposcentes
2108 1174 2503 1245 serenitatem,

172 1274 505 1337 confirmari
553 1284 611 1335 et
656 1275 809 1353 quod
858 1292 1038 1352 super
1081 1272 1337 1352 practico
1391 1273 1732 1332 collatorum
1792 1273 1877 1333 eis
1922 1273 1980 1333 in
2029 1292 2236 1351 magna
2285 1274 2427 1334 urbo
2473 1294 2505 1336 a

172 1394 410 1456 semper
464 1376 843 1436 memorando
904 1374 1259 1454 imperatote
1328 1383 1386 1433 et
1449 1373 1947 1435 desideratissimo
2002 1383 2212 1453 patruo
2272 1374 2506 1454 imperii

173 1477 379 1551 nostri,
426 1476 664 1536 domino
710 1474 975 1535 Manucle
1008 1476 1328 1547 ComnanO,
1377 1439 1839 1535 habitaculorum
1889 1475 2151 1535 videlicet
2195 1487 2253 1535 et
2296 1475 2510 1536 libero-

171 1598 305 1639 rum
365 1579 657 1651 loeorum,
717 1596 827 1637 nec
885 1596 1002 1636 non
1050 1587 1104 1638 et
1161 1576 1427 1636 littoralis
1474 1575 1646 1648 scale,
1699 1576 1909 1636 sactum
1958 1586 2048 1637 est
2091 1576 2504 1656 chrysobulum

168 1680 405 1741 verbum
454 1678 718 1759 ejusdem
763 1698 998 1758 semper
1044 1677 1404 1738 memorandi
1452 1676 1846 1755 imperatoriS,
1895 1690 2185 1756 quatenus
2228 1680 2312 1739 sit:
2344 1678 2504 1739 nulio

171 1781 345 1842 modo
390 1782 785 1861 suspicionem
833 1779 1085 1858 aiiquam
1133 1778 1406 1851 habeant,
1451 1778 1762 1858 quicquam
1810 1778 2017 1839 horum
2052 1782 2175 1838 fore
2206 1779 2501 1840 avulsum:

171 1880 487 1961 imperium
537 1893 800 1943 nostrum
847 1879 1184 1960 hujusmodi
1231 1879 1702 1958 deprecationem
1750 1898 1953 1939 eorum
2002 1880 2209 1940 nolens
2254 1881 2502 1954 abicere,

169 1983 431 2064 presenti
476 1982 811 2043 chrisobuio
857 2002 965 2041 suo
1011 1985 1319 2041 confirmat
1362 1979 1688 2059 predictum
1736 1980 2145 2059 chrysobulum
2194 1981 2347 2041 inter
2392 1981 2506 2042 lm-

169 2094 473 2164 pet·atores
518 2083 721 2144 famosi
770 2082 1145 2162 Imperatoris
1192 2091 1249 2142 et
1293 2080 1486 2160 patrui
1537 2090 1738 2140 nostre
1795 2081 2156 2155 serenitatiS,
2217 2083 2372 2162 quod
2432 2084 2503 2143 ad

119 2252 128 2259 ‚
170 2185 406 2246 verbum
454 2185 540 2245 sic
583 2185 875 2244 continet:

340 2287 412 2348 Si
452 2305 582 2356 eos,
645 2291 751 2366 qui
786 2287 904 2366 fide
949 2294 1004 2345 et
1049 2284 1359 2345 devotione
1407 2288 1620 2364 optimi
1661 2295 1802 2344 sunt
1847 2300 1988 2361 crya
2034 2283 2204 2357 illos,
2251 2289 2357 2366 qui
2391 2305 2506 2365 per

97 2395 105 2399 “
168 2400 442 2468 tempora
490 2389 760 2467 optinent
809 2386 1059 2466 Imperii
1096 2384 1524 2464 quoernacula‚
1573 2394 1944 2465 oportunum
1988 2396 2077 2445 est
2124 2386 2294 2464 larya
2327 2388 2503 2449 bene-

164 2491 305 2569 ficia
350 2491 421 2550 ab
468 2493 614 2569 ipsis
663 2493 960 2568 consequi,
1007 2491 1194 2565 mayis
1241 2497 1439 2547 autem
1484 2492 1541 2548 si
1584 2490 1899 2564 contiyerit
1926 2506 2026 2548 eos
2054 2492 2246 2548 anime
2277 2500 2505 2551 statum

163 2608 524 2674 generosum
571 2590 785 2650 habere
830 2602 1003 2668 atque
1050 2590 1350 2660 audacem,
1394 2601 1464 2649 ut
1508 2591 1588 2649 ad
1632 2589 1881 2648 similem
1910 2589 2103 2649 zelum
2152 2590 2374 2670 reliqui
2411 2595 2503 2652 ir-

168 2695 466 2762 ritentur,
527 2704 581 2753 et
638 2710 712 2750 ne
772 2689 1123 2765 hujusmodi
1180 2693 1407 2750 virtute
1464 2689 1803 2749 inhonora²
1852 2695 2210 2768 persistente
2258 2702 2312 2752 et
2359 2711 2503 2752 con·-

170 2796 372 2854 trario
421 2796 478 2852 ei
516 2795 661 2852 vitio
710 2792 1230 2871 reprehensionem
1275 2790 1581 2861 veritate³‚
1632 2794 1861 2850 raritas
1908 2791 2079 2851 valde
2123 2798 2503 2854 necessaria-

168 2913 307 2954 rum
348 2897 879 2970 preroyativorum
925 2913 960 2952 α
1006 2893 1112 2953 deo
1158 2892 1396 2952 salvato
1441 2890 1852 2951 Romanorum
1883 2898 2178 2953 exercitui
2201 2894 2348 2973 fiat:
2396 2914 2503 2955 ne-

170 3011 466 3074 quaquam
512 2995 667 3072 quod
721 3013 758 3052 a
816 2994 920 3053 deo
978 3006 1066 3055 est
1126 2993 1454 3073 Imperium
1511 3002 1791 3051 nostrum
1846 2996 2135 3070 inyenuos
2180 3005 2399 3054 nantas
2444 3006 2503 3055 et

166 3094 558 3177 fidelissimos
627 3094 996 3154 celsitudinis
1054 3107 1265 3156 nostre
1331 3093 1665 3165 Veneticos,
1732 3096 1795 3154 in
1842 3093 1993 3153 hanc
2040 3093 2505 3172 imperatoriam

165 3196 377 3257 urbem
437 3199 770 3267 venientes,
830 3195 989 3254 decet
1042 3213 1309 3274 prorsus
1367 3215 1657 3275 spernere
1699 3216 1736 3256 a
1776 3198 2072 3274 peticione
2118 3196 2500 3270 decidentes⁸,

165 3317 344 3378 quam
389 3316 549 3357 num:
593 3296 855 3377 Imperio
902 3306 1114 3356 nostro
1155 3281 1607 3374 fferreaeernnt,
1665 3317 1845 3376 qimam
1899 3309 1954 3359 et
2010 3300 2130 3376 ipsi
2181 3309 2502 3358 consuetas

166 3399 550 3480 ⁸ment'toribus
597 3402 725 3458 suis
768 3397 946 3478 fidem
994 3406 1049 3457 et
1095 3399 1462 3459 devotionem
1510 3418 1653 3478 erqo
1697 3396 2044 3460 Romaniam
2096 3409 2149 3460 et
2196 3397 2503 3461 celsitudi—

165 3522 296 3562 nem
342 3511 619 3561 nostram
663 3518 916 3561 rursum
963 3480 1378 3572 ostenderunt,
1427 3510 1484 3560 et
1530 3501 1600 3560 ab
1651 3498 1908 3580 imperio
1954 3512 2167 3561 nostro
2201 3505 2405 3562 vocati
2442 3506 2503 3563 in

168 3621 558 3682 covaeqressmn
595 3613 806 3663 contra
837 3622 988 3675 eum,
1035 3604 1141 3683 qui
1159 3610 1521 3682 potestatem
1555 3601 1726 3663 habet
1756 3600 1975 3674 Sicilie,
2023 3613 2077 3661 et
2111 3605 2505 3668 omnimodam

156 3723 424 3782 puynum
472 3715 686 3764 contra
731 3721 862 3762 eum
908 3715 959 3763 et
1005 3703 1255 3763 stolium
1301 3699 1453 3777 ejus,
1502 3721 1607 3761 nec
1652 3721 1774 3763 non
1818 3715 1876 3764 et
1920 3713 2151 3766 terram
2197 3704 2344 3782 ejus,
2385 3726 2501 3787 pa-

162 3809 296 3866 rati
334 3816 388 3867 et
427 3807 706 3885 prompti
744 3815 1182 3879 apparuerunt.
1279 3801 1354 3863 Ut
1409 3808 1565 3862 enim
1614 3804 1924 3880 predictus
1971 3802 2174 3865 Sicilie
2230 3806 2503 3866 dominus

162 3904 461 3985 Royerius
511 3907 734 3976 didicit,
779 3903 1175 3964 incustoditas
1204 3903 1346 3981 sore
1373 3914 1585 3984 partes
1624 3903 1871 3983 Imperii
1896 3911 2115 3987 nostri,
2161 3925 2269 3986 que
2303 3905 2502 3967 circha

302 4118 315 4146 ¹
354 4120 420 4169 Ex
457 4122 597 4170 Libro
634 4121 746 4171 albo
781 4128 827 4170 et
866 4119 1018 4168 Libris
1055 4127 1301 4182 pactorum
1339 4129 1447 4185 post
1488 4120 1715 4170 Mariuum
1756 4120 1784 4168 Ι.
1822 4121 1851 4170 Ι.
1888 4123 1970 4171 Το.
2009 4125 2069 4173 ΙΙΙ
2110 4141 2155 4188 p.
2182 4123 2279 4176 293
2326 4137 2501 4189 nuper-

164 4207 289 4257 rime
326 4204 577 4254 ediderunt
622 4205 753 4255 'rasel
802 4213 850 4254 et
894 4204 1101 4253 Thomas
1149 4205 1339 4267 saepius
1375 4204 1554 4253 laudati
1591 4205 1672 4252 To.
1714 4206 1729 4253 Ι
1767 4189 2118 4268 p.189ss195.
2157 4236 2217 4244 —
2275 4210 2504 4260 conferas

164 4305 293 4354 quae
332 4303 474 4351 supra
510 4291 568 4339 ad
589 4291 700 4342 Nov.
722 4291 837 4339 [ΝΗ
865 4289 1144 4340 notavimuS.
1282 4287 1301 4315 ²
1340 4289 1441 4337 Lib.
1467 4288 1634 4338 albus:
1674 4293 1723 4339 iu
1759 4292 1944 4341 noviore.
2081 4288 2099 4316 ³
2118 4291 2352 4343 ‘Editores
2376 4295 2501 4359 conj.

162 4378 423 4425 inveniente
447 4389 484 4424 s.
504 4379 746 4426 excitante.
800 4376 983 4424 Sensus
1009 4374 1233 4438 postulat,
1272 4383 1324 4423 ut
1348 4377 1544 4426 evitante
1578 4374 1806 4437 legamus.
1946 4371 1965 4399 ¹
2003 4375 2033 4423 i.
2057 4389 2099 4424 e.
2124 4367 2499 4431 ἐκπίπτοντας.
