2900 4950
1202 266 1559 330 Prolegomena.
2514 269 2573 312 11

238 414 480 496 denique
537 399 663 497 ipsa
719 416 1051 479 authentica
1111 417 1481 498 chrysobulla
1539 416 1600 478 in
1659 415 1831 479 variis
1876 412 2125 479 archiiis
2167 429 2486 499 supersunt
2501 418 2561 481 ¹⁹.

239 515 319 579 Ex
372 517 466 579 his
522 517 782 579 fontibus
836 518 1318 593 constitutiones,
1378 538 1526 599 quas
1571 519 1719 580 haec
1761 527 1967 598 quarta
2014 518 2241 580 collatio
2284 528 2564 599 praestat,

239 628 465 700 praeter
516 638 694 681 unam
757 638 965 682 omnes
1022 620 1213 682 editae
1268 622 1506 682 suerunt
1562 639 1592 681 a
1655 619 2144 693 Leunclavio,
2202 619 2570 693 Labbaeo,

240 720 859 793 Montel'alconio,
950 721 1369 794 Cotelerio,
1457 721 1870 795 Flaminio,
1955 720 2188 794 Maio,
2278 720 2572 794 Saulio,

242 820 479 885 Rhalli
525 831 585 883 et
628 821 856 893 Potli,
913 821 1208 896 Wittio,
1264 822 1565 896 Rossio,
1620 821 1917 884 Taselio
1962 831 2021 884 et
2061 822 2366 896 Thoma,
2424 821 2573 894 aliis,

244 940 383 1001 quos
426 940 538 983 suo
578 923 710 983 loco
757 940 1051 1002 quemque
1099 923 1650 1003 nominahozgquae
1693 941 1829 996 vero
1873 923 2090 984 inedita
2136 923 2422 985 hactenns
2468 923 2576 984 suit

239 1021 370 1083 Nov.
403 1023 606 1084 XXXV
638 1023 720 1097 B,
767 1040 838 1083 ex
882 1022 1092 1085 Codice
1137 1024 1367 1086 Bonon.
1412 1025 1617 1102 B,1V,
1650 1028 1730 1089 67
1775 1024 2231 1104 nuno-primum
2275 1025 2336 1085 in
2383 1023 2581 1085 lucem·

238 1132 522 1203 protracta
570 1131 678 1184 est.

402 1224 655 1286 Collatio
697 1226 908 1301 quinta
951 1225 1400 1287 constitutiones
1445 1224 1708 1285 continet
1739 1224 1896 1285 inter
1933 1227 2088 1289 1204
2122 1234 2181 1285 et
2216 1229 2375 1291 ¹453
2408 1226 2574 1288 datas
2641 1278 2646 1295 ,

240 1324 308 1385 ab
354 1323 812 1403 Imperatoribus
859 1335 975 1387 tam
1020 1325 1113 1398 iis,
1161 1326 1259 1405 qui
1306 1326 1553 1387 Nicaeae
1598 1335 1935 1404 regnarunt,
1983 1342 2158 1405 quam
2202 1325 2293 1400 iis,
2339 1326 2438 1405 qui
2484 1345 2578 1388 re·

239 1434 508 1505 cuperata
552 1443 584 1485 a
627 1425 852 1488 Latinis
897 1426 1420 1508 Constantinopoli,
1468 1427 1658 1489 donec
1701 1426 1842 1488 urbs
1885 1446 1915 1487 a
1947 1427 2153 1488 Turcis
2194 1430 2577 1507 expugnare-i

242 1536 362 1600 tur,
427 1526 735 1607 imperinm
793 1537 1129 1589 tenuerunt.
1221 1527 1541 1609 Pleraeque
1602 1528 1970 1608 chrysohuua
2033 1538 2168 1590 sunt
2225 1527 2428 1589 localia
2484 1523 2576 1589 vel

238 1628 599 1709 personalia:
657 1630 975 1691 nonnullae
1019 1639 1248 1697 tamen,
1308 1649 1456 1708 quas
1500 1649 1679 1690 sensu
1726 1630 1998 1692 strictiori
2045 1630 2312 1691 Novellas
2356 1629 2576 1692 consti-

239 1729 493 1791 tutiones
552 1730 863 1792 vocaveris.
951 1732 1225 1792 Servatae
1282 1731 1454 1792 nobis
1511 1740 1648 1792 sunt
1703 1731 1763 1792 in
1811 1730 2235 1811 diplomatariis
2282 1739 2577 1793 monaste-

238 1830 490 1904 riorum,
537 1832 680 1892 actis
738 1831 1169 1893 Patriarchatus
1225 1832 1888 1912 Constantinopolitani,
1947 1832 2194 1911 aliisque
2245 1831 2576 1907 Codicibus,

239 1930 390 1993 inter
433 1951 583 2011 quos
627 1931 805 1993 Liber
845 1931 1013 1994 albus
1059 1944 1117 1994 et
1160 1933 1317 1993 Libri
1363 1943 1667 2012 pactorum
1717 1932 2060 1994 nominandi
2104 1940 2272 1995 sunt:
2322 1932 2577 2012 denique

240 2033 409 2094 etiam
470 2033 801 2094 authentica
859 2033 1226 2114 chrysobulla
1284 2033 1504 2113 passim
1561 2043 1779 2097 extant.
1868 2034 2107 2096 Praeter
2164 2042 2389 2112 septem
2436 2053 2579 2095 con-

239 2134 601 2208 stitutiones,
660 2153 806 2214 quas
861 2153 930 2196 ex
978 2134 1290 2196 Codicibus
1333 2133 1886 2196 Vindobonensibus
1942 2153 2104 2196 nunc
2143 2134 2397 2213 primum
2444 2134 2576 2209 edo,

239 2254 426 2315 paene
471 2254 679 2298 omnes
723 2235 811 2297 vel
856 2237 1077 2299 dudum
1123 2256 1155 2298 a
1202 2236 1692 2310 Leunclavio,
1739 2236 2122 2315 Ducangio
2167 2234 2444 2315 aliisque,
2490 2235 2579 2296 vel

240 2355 432 2415 nuper
472 2336 545 2398 ab
593 2337 1049 2412 Oeconomo,
1109 2337 1355 2400 Rhalli
1399 2347 1461 2398 et
1503 2336 1732 2411 Potli,
1790 2338 2125 2411 Millero,
2182 2337 2474 2399 Taselio
2520 2345 2580 2399 et

236 2435 509 2499 Thoma
557 2439 745 2502 editae
792 2448 948 2516 sunt,
996 2439 1150 2520 quod
1198 2448 1466 2501 accurate
1509 2438 1570 2500 in
1618 2439 1774 2502 notis
1817 2438 2177 2521 significabo.
2252 2437 2578 2500 Nonnullas

241 2548 468 2614 autem,
526 2560 673 2620 quas
716 2542 830 2603 hoc
873 2552 1139 2623 tempore
1183 2540 1421 2602 nonnisi
1469 2542 1648 2621 digito
1691 2542 1950 2604 indicare
1995 2540 2189 2622 potui,
2234 2540 2577 2602 Tafelius

240 2651 297 2701 et
340 2640 718 2703 Thomas²⁰
772 2662 840 2704 ex
887 2643 1063 2704 Libro
1110 2642 1242 2703 albo
1287 2650 1345 2704 et
1389 2642 1583 2704 Libris
1625 2652 1929 2722 pactorum
1974 2640 2594 2722 propediem‘edituri.

238 2752 396 2816 sunt,
443 2743 521 2804 ita
566 2751 631 2804 ut
674 2745 934 2806 desectus
978 2744 1341 2805 collectionis
1386 2764 1551 2806 meae
1597 2763 1728 2806 mox
1773 2744 1960 2823 possit
2004 2742 2287 2822 suppleri.

410 2842 535 2916 His,
579 2862 729 2922 quae
773 2844 831 2904 in
879 2845 1211 2905 universum
1257 2845 1510 2925 praesari
1556 2844 1739 2906 visum
1786 2855 1908 2919 est,
1966 2844 2252 2906 corollarii
2301 2843 2429 2905 loco
2473 2843 2580 2905 ol)-

233 2942 602 3005 servationes
644 2945 957 3005 nonnullas
1001 2944 1231 3009 addam.

1359 3113 1435 3182 Α.

413 3245 667 3326 Catalogi
713 3255 938 3307 veteres
972 3244 1454 3308 bibliothecarum
1490 3244 2285 3325 Constantinopolitanarum,
2331 3265 2578 3325 quarum

233 3348 583 3410 memoriam
632 3367 822 3427 nuper
850 3348 1169 3410 restauravi
1201 3349 1260 3408 in
1295 3346 1721 3410 Schneider
1763 3348 1908 3408 Krit.
1938 3346 2143 3409 Jahrb.
2187 3349 2343 3413 1847
2388 3368 2448 3428 p.
2473 3351 2576 3422 94,

235 3469 609 3528 quarumque
654 3450 826 3511 etiam
871 3449 1314 3512 Lambecius
1359 3451 1417 3511 in
1465 3450 1903 3511 commentariis
1949 3451 2023 3510 de
2066 3447 2412 3512 bibliotheca
2441 3450 2580 3514 Vin-

234 3550 569 3612 dobonensi
615 3552 687 3612 ad
736 3551 876 3612 Cod.
904 3551 1039 3612 bist.
1084 3571 1171 3629 gr.
1205 3554 1284 3615 49
1333 3551 1689 3613 mentionem
1735 3552 1888 3626 fecit,
1937 3552 2179 3612 Codices
2209 3552 2575 3613 Novellarum

233 3632 390 3713 duos
434 3661 764 3725 recensent,
811 3652 1056 3714 alterum
1101 3654 1215 3728 „de
1272 3652 1497 3733 lapibus
1545 3652 1943 3732 Imperatoris
1995 3652 2201 3715 leonis
2249 3653 2584 3733 Sapientis,

240 3751 485 3832 Tyberii
523 3752 783 3815 Romam·
822 3733 1097 3816 Senioris
1148 3754 1441 3833 Lacapem'
1491 3765 1549 3816 et
1597 3752 1866 3817 aliorum
1922 3755 2257 3816 multorum
2302 3752 2578 3832 Impera-

230 3955 456 4005 Dandolo
495 3955 591 4004 und
628 3955 704 4003 die
739 3970 827 4004 von
878 3955 1154 4005 demseiben
1192 3953 1468 4015 angelegten
1504 3953 2094 4017 Urkundensummlnngen
2131 3970 2215 4005 zur
2250 3957 2443 4006 Staats-
2480 3957 2579 4006 und

232 4038 727 4100 flandelsgescbichte
763 4039 1009 4101 Venedigs.
1078 4040 1177 4087 Von
1216 4038 1294 4087 Dr.
1335 4038 1388 4086 G.
1427 4037 1477 4087 1..
1516 4037 1564 4087 F.
1600 4038 1727 4087 Toiel
1766 4040 1863 4088 und
1900 4039 1980 4089 Dr.
2019 4041 2072 4090 G.
2110 4041 2167 4089 Μ.
2202 4040 2423 4089 Thomas.
2479 4044 2576 4090 Aus

234 4124 287 4176 d.
323 4125 482 4173 Abhb.
518 4124 604 4173 der
638 4122 684 4173 k.
722 4124 879 4187 bayer.
915 4122 1060 4173 Akad.
1101 4123 1146 4171 d.
1184 4123 1255 4171 W.
1307 4121 1385 4170 m.
1409 4122 1479 4170 Cl.
1519 4121 1632 4171 vm.
1654 4123 1734 4171 Bd.
1776 4124 1978 4172 t.Abtt».
2051 4125 2282 4174 Miinchen
2329 4125 2469 4174 1855.
2523 4125 2574 4174 4.

228 4205 273 4234 ¹⁹
306 4210 446 4258 Now.
482 4216 641 4257 tamen
679 4207 795 4257 xxn
835 4215 883 4256 et
916 4207 1072 4257 XXVI!
1110 4209 1275 4256 nescio
1313 4220 1367 4255 ex
1405 4220 1502 4269 quo
1540 4205 1672 4255 fonte
1711 4207 2017 4258 Leuncluvius
2054 4209 2282 4258 hauserit.
2443 4206 2485 4233 ²⁰
2524 4209 2574 4257 ln

226 4291 389 4342 libro:
442 4293 615 4341 Pontes
663 4306 819 4340 rerum
868 4292 1238 4342 Austriacarum.
1308 4291 1407 4340 xn.
1444 4291 1593 4340 Band.
1663 4290 1919 4343 Urkunden
1979 4308 2065 4344 zur
2110 4293 2290 4343 §heren
2339 4292 2575 4341 flandele-

228 4376 336 4426 und
374 4376 806 4439 Staatsgescbicbte
842 4375 927 4425 der
964 4375 1195 4440 Republik
1231 4374 1454 4437 Venedig.
1527 4375 1584 4424 11.
1616 4375 1766 4426 Theil.
