2900 4950
348 252 423 313 12
1228 263 1345 313 con.
1386 264 1420 313 ι.
1491 264 1605 313 Νον.
1644 264 1694 313 v.
1733 264 1804 312 vl.

342 414 497 492 τοὺς
539 412 811 496 νόμους,
877 402 968 492 ὥς
1008 412 1097 498 μὴ
1144 414 1251 478 καὶ
1298 410 1633 491 δαπάναις
1675 414 1780 478 καὶ
1824 410 2086 496 χρόνοις
2126 417 2405 493 μακροῖς
2450 402 2702 487 αὐτους

341 515 850 600 ἐπιτρίβεσθαι·
918 514 1251 593 ἐπεξιέναι
1306 514 1377 579 δὲ
1431 517 1539 580 καὶ
1597 525 1742 593 τοῖς
1799 509 2284 597 ἁμαρτάνουσι,
2350 512 2459 576 καὶ
2516 508 2700 595 πρὸς

339 616 456 683 τὸν
478 616 680 700 νόμον
714 615 984 703 ἐπάγειν
1014 615 1132 694 τὰς
1160 622 1484 701 τιμωρίας
1514 610 1759 695 αὐτοῖς,
1788 617 1894 681 καὶ
1928 618 2155 682 πᾶσαν
2180 612 2700 680 ἐπιδείκνυσθαι

342 718 782 805 δικαιοσύνην.

509 819 569 905 β’
578 871 592 884 .
692 813 787 885 Ού
831 816 1036 903 μόνον
1084 819 1154 885 δὲ
1199 812 1426 897 αύτοῖς
1470 821 1678 884 ταῦτα
1735 815 2298 902 προαγορεύομεν,
2359 810 2525 882 ἄλλα
2578 820 2694 881 καὶ

340 931 486 1000 τοῖς
531 915 728 1008 ἀρχῆς
774 920 1048 1008 ἑκάστης
1093 922 1454 1006 παρέδροις
1509 923 1614 986 καὶ
1662 930 1807 998 τοῖς
1866 917 2094 997 ἄλλοις
2135 914 2698 1005 ύπηρετουμένοις

344 1018 595 1101 αύταῖς.
688 1023 747 1089 εἰ
788 1022 911 1109 γάρ
956 1047 1058 1101 τις
1105 1018 1322 1088 αὐτῶν
1364 1016 1407 1109 ἢ
1451 1024 1606 1107 περὶ
1650 1020 1770 1109 τὴν
1811 1025 1943 1087 τῶν
1976 1022 2311 1107 δημοσίων
2339 1021 2694 1104 εἴσπραξιν

343 1127 648 1213 ῥᾳθυμίᾳ
687 1124 1027 1211 χρήσηται,
1076 1120 1117 1210 ἢ
1162 1125 1423 1208 ζημίαις
1465 1120 1508 1208 ἢ
1554 1124 1894 1211 ἐπηρείαις
1941 1122 2297 1208 περιβάλοι
2336 1121 2488 1201 τοὺς
2530 1117 2698 1206 ἡμε-

340 1232 572 1311 τέρους
636 1223 1016 1306 ὑποτελεῖς,
1092 1231 1209 1311 τῆς
1282 1252 1355 1293 τε
1424 1220 1656 1305 ούσίας
1731 1225 2108 1291 ἐκπεσεῖται
2173 1227 2277 1289 καὶ
2350 1230 2698 1309 μεγίσταις

340 1323 809 1415 ὖπαχθήσεται
870 1336 1239 1412 τιμωρίαις.
1331 1324 1491 1414 ἡμῖν
1555 1326 1678 1413 γὰρ
1747 1324 2106 1413 ἡγουμένου
2173 1329 2338 1393 θεοῦ
2401 1332 2524 1410 μία
2585 1331 2695 1403 τίς

343 1429 523 1499 ἐστιν
569 1427 731 1517 αῦτη
778 1429 1058 1515 σπουδὴ,
1107 1429 1227 1508 τὰς
1273 1429 1593 1515 ἐπαρχίας
1627 1424 2061 1512 εὐνομεῖσθαί
2103 1454 2176 1495 τε
2215 1426 2324 1494 καὶ
2370 1422 2694 1514 ἀσφαλῶς

344 1532 716 1610 οἰκεῖσθαι,
764 1535 875 1598 καὶ
916 1534 1033 1618 τῆς
1074 1535 1208 1597 τῶν
1256 1526 1587 1616 ἀρχόντων
1633 1527 1996 1597 ἀπολαύειν
2041 1527 2483 1614 δικαιοσύνης,
2535 1527 2694 1607 τούς

342 1658 415 1698 τε
470 1634 829 1719 δημοσίους
895 1626 1261 1716 ἀμέμπτως
1332 1629 1726 1716 εἰσάγεσθαι
1783 1632 2051 1720 φόρους.
2141 1628 2218 1696 ού
2285 1629 2407 1715 γὰρ
2473 1627 2694 1709 ἄλλως

345 1735 561 1802 ἔνεστι
601 1734 679 1801 τὸ
727 1737 1095 1817 πολίτευμα
1142 1734 1599 1815 διασώζεσθαι
1640 1734 1728 1821 μὴ
1768 1738 1901 1800 τῶν
1934 1729 2219 1817 εύσεβῶν
2252 1732 2691 1817 εἰσαγομένων

342 1837 789 1921 τελεσμάτων,
851 1836 922 1916 ἐξ
975 1826 1065 1902 ὦν
1126 1836 1203 1901 τὸ
1261 1838 1380 1919 μὲν
1427 1836 1898 1922 στρατιωτικὸν
1949 1835 2032 1902 τὰ
2075 1840 2434 1920 τεταγμένα
2476 1832 2690 1920 τούτῳ

343 1937 769 2021 κομιζόμενον
811 1949 956 2016 τοῖς
1009 1963 1083 2007 τε
1126 1939 1477 2021 πολεμίοις
1531 1933 2086 2005 άντικαθίσταται
2129 1937 2241 2004 καὶ
2292 1936 2359 2003 ἐκ
2399 1938 2513 2022 τῆς
2556 1938 2691 2001 τῶν

341 2039 693 2124 βαρβάρων
740 2040 1105 2126 ἐπιδρομῆς
1161 2065 1234 2106 τε
1277 2042 1381 2106 καὶ
1428 2047 1658 2119 κακίας
1715 2041 2074 2126 ἐξαιρεῖται
2122 2038 2277 2118 τοὺς
2321 2034 2688 2116 ὑποτελεῖς,

345 2152 625 2227 φρουρεῖ
670 2143 741 2208 δὲ
784 2148 891 2209 καὶ
938 2141 1091 2220 τοὺς
1138 2136 1379 2226 ἀγροὺς
1419 2145 1526 2208 καὶ
1571 2142 1691 2221 τὰς
1736 2145 1968 2221 πόλεις
2012 2142 2080 2209 ἐκ
2122 2143 2237 2226 τῆς
2269 2144 2399 2208 τῶν
2431 2142 2692 2226 λῃστῶν

342 2245 447 2309 καὶ
508 2244 639 2309 τῶν
699 2241 917 2322 ἄλλως
972 2241 1254 2310 ἄτακτον
1309 2250 1458 2328 βίον
1516 2244 2022 2331 ἐπανῃρημένων
2088 2243 2399 2329 ἐπηρείας
2451 2266 2525 2306 τε
2577 2242 2688 2306 καὶ

344 2341 623 2429 ἐφόδου,
683 2339 1011 2411 ἀπολαύει
1066 2346 1139 2412 δὲ
1181 2347 1289 2411 καὶ
1335 2345 1420 2412 τὰ
1465 2345 1674 2413 λοιπὰ
1715 2350 1847 2412 τῶν
1891 2345 2238 2431 ταγμάτων
2282 2346 2414 2410 τῶν
2458 2337 2689 2420 αὐτοῖς

344 2438 937 2532 ἀπονεμηθέντων,
984 2452 1160 2532 τείχη
1205 2473 1279 2515 τε
1322 2450 1429 2514 καὶ
1477 2447 1708 2526 πόλεις
1752 2447 2305 2532 ἐπανορθοῦνται,
2354 2446 2689 2532 δημοσίων

343 2574 416 2615 τε
457 2551 825 2634 βαλανείων
872 2548 1277 2633 ἐκπυρώσεις
1332 2553 1645 2635 προΐασι,
1707 2550 2010 2634 θεάτρων
2066 2575 2138 2615 τε
2195 2548 2536 2632 ἐπιμέλεια
2577 2550 2690 2614 καὶ

342 2653 475 2716 τῶν
533 2647 782 2730 ἄλλων,
845 2646 1069 2717 ὁπόσα
1124 2651 1297 2736 πρὸς
1354 2658 1725 2736 θεραπείαν
1781 2655 1912 2717 τῶν
1967 2647 2272 2737 ύπηκόων
2318 2649 2686 2737 ἐξεύρηται·

345 2748 516 2818 ὥστε
561 2751 645 2818 τὰ
687 2747 842 2837 παρ’
893 2747 1110 2818 αὐτῶν
1156 2752 1634 2835 συντελούμενα
1689 2754 1773 2818 τὰ
1814 2755 1933 2835 μὲν
1991 2752 2084 2831 εἰς
2142 2746 2407 2831 αὐτούς,
2475 2751 2557 2817 τὰ
2613 2749 2689 2819 δὲ

342 2855 453 2920 καὶ
498 2847 578 2920 δι’
630 2849 868 2932 αὐτοὺς
913 2853 1355 2921 δαπανᾶσθαί
1395 2881 1469 2921 τε
1510 2859 1620 2919 καὶ
1663 2854 2121 2935 ἐπιδίδοσθαι,
2167 2849 2322 2939 ἡμῖν
2356 2854 2424 2920 δὲ
2468 2851 2678 2920 καθά-

346 2957 485 3035 παξ
526 2950 714 3022 οὐδὲν
760 2955 1067 3024 ἐντεῦθεν
1112 2949 1152 3040 ἢ
1194 2954 1313 3034 τὰς
1369 2951 1538 3040 ὑπὲρ
1583 2955 1834 3024 τούτων
1881 2957 2046 3040 ἔχειν
2092 2962 2437 3041 συμβαίνει
2482 2978 2692 3042 φρον-

342 3057 549 3137 τίδας,
596 3057 770 3143 πλὴν
814 3051 952 3122 ἀλλ’
1004 3052 1157 3123 οὐδὲ
1200 3057 1442 3136 ταύτας
1487 3053 1840 3144 ἀμίσθους,
1884 3061 2002 3124 τοῦ
2046 3055 2330 3143 μεγάλου
2367 3060 2532 3124 θεοῦ
2577 3058 2688 3124 καὶ

345 3161 639 3245 σωτῆρος
695 3154 877 3246 ἡμῶν
947 3157 1135 3245 ἰησοῦ
1186 3162 1459 3247 χριστοῦ
1523 3163 1617 3245 τῷ
1678 3166 1951 3246 μεγέθει
2003 3164 2118 3247 τῆς
2181 3155 2380 3225 αὗτοῦ
2448 3160 2692 3244 φιλαν-

341 3265 659 3345 θρωπίας
712 3262 995 3339 πολλοῖς
1054 3256 1227 3347 ἡμᾶς
1278 3264 1391 3329 καὶ
1447 3260 1560 3328 διὰ
1614 3266 1810 3332 τοῦτο
1866 3272 2011 3341 τοῖς
2069 3255 2355 3348 ἀγαθοῖς
2412 3255 2693 3346 ἀμειβο-

340 3367 559 3444 μένου.

510 3462 586 3546 γ’.
683 3464 909 3527 Ταῦτα
949 3463 1070 3546 μὲν
1117 3452 1232 3528 οὖν
1277 3460 1466 3549 ἡμεῖς
1509 3475 1653 3543 τοῖς
1711 3465 1777 3531 ἐν
1823 3473 1972 3544 ταῖς
2017 3464 2365 3550 ἐπαρχίαις
2421 3461 2695 3534 ἅπαντα

344 3559 931 3646 προκηρύττοντες,
989 3565 1096 3629 καὶ
1152 3563 1352 3654 ταύτῃ
1402 3565 1780 3646 δεικνύντες,
1832 3563 1952 3653 ὅση
1997 3569 2100 3645 τὶς
2143 3562 2299 3654 ἡμῖν
2347 3566 2486 3633 ἐστὶ
2532 3570 2692 3653 περὶ

342 3660 496 3741 τοὺς
558 3659 887 3748 ὑπηκόους
945 3664 1463 3751 φιλανθρωπία,
1539 3667 1697 3736 ἵλεώ
1751 3694 1824 3735 τε
1877 3671 1984 3734 καὶ
2047 3662 2278 3756 εὐμενῆ
2340 3667 2456 3734 τὸν
2521 3668 2693 3736 θεὸν

341 3766 592 3849 μᾶλλον
638 3765 864 3849 ἕξομεν
908 3769 1025 3851 τῆς
1065 3769 1195 3833 τῶν
1230 3765 1570 3837 ὑποτελῶν
1603 3766 1960 3855 άβλαβείας
1989 3769 2314 3858 τοσαύτην
2342 3776 2698 3855 τιθέμενοι

343 3867 683 3951 πρόνοιαν.
777 3867 834 3934 εἰ
886 3868 957 3933 δὲ
1012 3868 1250 3954 ταύτης
1306 3866 1490 3956 ἡμῶν
1549 3876 1666 3959 τῆς
1720 3868 2214 3958 καλοκάγαθίας
2271 3872 2695 3956 ἐπιτυχόντες

342 3961 511 4049 ὑπὲρ
556 3967 671 4054 τὴν
713 3972 846 4033 τῶν
891 3963 1220 4054 ἀρχόντων
1266 3971 1521 4056 αἵρεσιν
1569 3973 2011 4060 διαμάρτοιεν,
2064 3969 2302 4041 οὐδένα
2343 3975 2696 4054 παντελῶς

343 4060 386 4152 ἢ
430 4069 607 4152 σφᾶς
654 4066 890 4146 αὐτοὺς
946 4069 1383 4138 αἰτιάσονται.
1477 4073 1535 4140 εἰ
1590 4073 1662 4139 δὲ
1714 4079 1822 4141 καὶ
1882 4069 2362 4160 ἆναβάλλοιντο
2416 4075 2696 4154 τούτους

347 4164 785 4251 ἐπιλέγεσθαι
840 4171 945 4233 καὶ
1007 4170 1100 4247 εἷς
1154 4168 1325 4256 ἡμᾶς
1380 4169 1769 4263 ἀναφέρειν,
1842 4174 1957 4244 οὐκ
2019 4178 2153 4245 ἐπ”
2209 4179 2479 4255 δικαίως
2533 4175 2697 4259 τοὺς

482 4385 503 4412 ⁰
540 4388 746 4438 Omnino
783 4387 1033 4450 legendum
1073 4385 1168 4440 οὐκ
1203 4386 1265 4443 εἰ.
