2900 4950
341 217 468 280 600
1174 225 1294 276 cau.
1332 227 1380 275 v.
1451 224 1565 275 mov.
1602 224 1692 275 xv.
1727 222 1841 274 xvu.

1257 519 1264 526 ⁵
1346 427 1520 504 Nov.
1564 442 1682 504 xv.
1786 435 1795 440 ·

980 564 1130 643 lmp.
1173 559 1565 624 Michaelis
1608 558 2045 638 Palaeologi

637 745 668 764 ..
701 665 1003 728 decretum
1046 663 1108 725 in
1151 663 1397 744 gratiam
1441 662 1784 728 monasterii
1827 661 2023 722 Novae
2066 659 2274 722 Petrae
2289 660 2328 721 ¹.
2400 729 2407 734 ‚

354 837 504 909 Τοῦ
547 832 783 907 αὐτοῦ
821 836 1279 928 θεοστεφοῦς
1309 828 1677 926 βασιλέως
1711 823 2158 929 πρόσταγμα
2192 826 2277 901 τὸ
2311 822 2709 925 δεύτερον.

506 978 685 1049 Ἐπεὶ
744 977 781 1047 ὃ
835 981 1078 1060 οἰκεῖος
1129 982 1210 1068 τῇ
1252 981 1563 1068 βασιλείᾳ
1604 1003 1735 1063 μου
1778 978 2186 1065 κομνηνὸς
2226 978 2421 1062 κῦρος
2464 976 2709 1045 νικό-

347 1075 548 1162 λαος
590 1079 628 1148 ὅ
669 1081 1190 1169 μαλιασηνὸς
1234 1080 1478 1169 ἐδεήθη
1507 1081 1625 1168 τῆς
1649 1081 1995 1166 βασιλείας
2021 1104 2171 1163 μου,
2220 1074 2503 1164 ὁρισμοῦ
2531 1077 2711 1145 ταύ-

245 1181 258 1192 ’
347 1210 463 1273 της
502 1195 719 1267 τυχεῖν
761 1182 878 1271 τὴν
922 1183 990 1250 ἐν
1033 1186 1128 1268 τῷ
1174 1181 1316 1267 ὄρει
1358 1186 1477 1269 τῆς
1519 1181 2079 1268 δρεανούβεως
2123 1183 2536 1268 διακειμένην
2586 1203 2709 1249 σε·

346 1293 640 1373 βασμίαν
679 1282 1172 1371 ματριαρχικὴν
1222 1291 1596 1370 γυναικείαν
1648 1282 1885 1371 μονὴν,
1943 1282 2062 1369 τὴν
2106 1283 2176 1350 έκ
2214 1283 2517 1368 βάθρων
2541 1276 2707 1350 ἆνε-

348 1393 706 1473 γερθεῒσαν
761 1382 948 1470 παρὰ
1000 1387 1117 1471 τῆς
1172 1379 1459 1469 ἀνεψιᾶς
1511 1387 1630 1471 τῆς
1680 1385 2027 1469 βασιλείας
2066 1407 2230 1469 μου,
2287 1407 2376 1450 κο
2387 1409 2435 1468 μ
2453 1385 2707 1473 νηνῆς

349 1491 549 1572 κυρᾶς
603 1483 850 1571 ἄννης
905 1486 1569 1570 παλαιολογίνης
1623 1489 1741 1571 τῆς
1795 1483 2072 1571 συζύγου
2127 1479 2362 1564 αὐτοῦ,
2420 1484 2539 1572 τὴν
2586 1488 2701 1551 καὶ

351 1583 456 1655 ἐπ’
505 1581 783 1670 ὀνόματι
824 1589 943 1652 τοῦ
985 1594 1209 1669 τιμίου
1238 1592 1611 1672 τιμωμένην
1657 1584 2130 1672 προδρόμου
2172 1588 2279 1652 καὶ
2326 1590 2514 1652 νέαν
2558 1591 2705 1652 πέ-

350 1712 440 1771 τρ
462 1712 556 1752 αν
614 1687 1148 1773 ἐπικεκλημένην,
1214 1687 1665 1772 διοριζομένου
1710 1688 2181 1774 διατηρεῒσθαι
2222 1685 2341 1774 τὴν
2379 1686 2703 1774 τοιαύτην

351 1786 558 1872 μονὴν
615 1781 1041 1855 ἆδιάσειστόν
1093 1814 1168 1855 τε
1219 1793 1327 1854 καί
1389 1785 1816 1876 άνενόχλητον
1873 1790 1991 1856 ἐπί
2043 1814 2116 1856 τε
2169 1799 2314 1867 τοῖς
2357 1792 2703 1872 προσοῦσι

352 1887 554 1975 ταύτῃ
601 1889 751 1955 δυσὶ
793 1896 1125 1973 μετοχίοις
1168 1885 1386 1977 αὐτῆς,
1434 1901 1580 1969 τοῖς
1616 1889 2073 1975 άνιδρυμένοις
2116 1886 2219 1957 ἐπ’
2256 1885 2535 1974 ὀνόματι
2577 1893 2703 1976 τῆς

352 1984 794 2074 ὖπερενδόξου
836 1995 965 2074 μοῦ
1011 2015 1082 2058 τε
1126 1990 1540 2078 θεομήτορος
1580 1993 1675 2078 τῷ
1718 1996 1835 2077 τῆς
1878 1996 2345 2077 πορταρέας
2388 1990 2703 2076 ἐπιλεγο-

352 2097 528 2177 μένῳ
570 2094 677 2158 καὶ
723 2094 817 2178 τῷ
860 2095 979 2159 τοῦ
1026 2088 1215 2178 άγίου
1260 2092 1651 2159 νικολάου
1704 2095 1799 2180 τῷ
1843 2092 2325 2180 έπικεκλημένῳ
2367 2096 2489 2158 τοῦ
2533 2119 2703 2159 πα-

355 2193 893 2278 λιρεοπάτου,
949 2193 1117 2278 μετὰ
1168 2196 1278 2260 καὶ
1331 2198 1450 2282 τῆς
1506 2191 1828 2262 ἀνέκαθεν
1884 2197 2088 2281 νομῆς
2132 2189 2349 2260 αὐτῶν
2392 2196 2497 2259 καὶ
2546 2195 2702 2260 δια-

353 2293 755 2380 κρατήσεως,
813 2298 920 2362 καὶ
981 2294 1092 2361 ἐπὶ
1147 2305 1291 2374 τοῖς
1335 2297 1605 2374 λοιποῖς
1648 2291 1979 2382 ἀκινήτοις
2019 2296 2277 2380 ταύτης,
2321 2292 2520 2383 ἤγουν
2566 2289 2701 2380 άμ-

354 2396 635 2476 πελίοις,
678 2402 1051 2484 χωραφίοις
1091 2398 1200 2462 καὶ
1245 2392 1544 2477 ἀλλοίοις
1586 2397 1870 2478 δικαίοις
1913 2392 2115 2484 αὐτῆς
2154 2396 2322 2462 κατὰ
2350 2396 2471 2476 τὰς
2498 2421 2698 2482 περι-

354 2493 595 2583 λήψεις
648 2500 782 2562 τῶν
834 2496 1225 2581 προσόντων
1281 2494 1444 2587 αὐτῇ
1507 2498 1850 2586 ἐγγράφων
1895 2499 2389 2583 δικαιωμάτων,
2444 2499 2580 2564 τῶν
2621 2524 2698 2566 τε

357 2591 825 2680 ἀρχιερατικῶν
856 2597 1675 2686 ἐκδοτηρίων“γραμμάτων
1709 2602 1828 2665 τοῦ
1858 2598 2390 2687 θεοφιλεστάτου
2420 2598 2698 2666 ἐπισκό-

356 2719 492 2762 που
537 2697 626 2788 δη
640 2722 845 2785 μητρ
863 2698 996 2766 ιάδ
1011 2725 1095 2780 ος
1138 2704 1246 2768 καὶ
1289 2704 1407 2767 τοῦ
1452 2700 1570 2768 ἐπὶ
1610 2699 1875 2779 τούτοις
1914 2700 2259 2787 γεγονότος
2301 2726 2695 2787 πατριαρχι-

356 2798 474 2863 κοῦ
530 2792 1032 2887 ύπομνήματος,
1095 2805 1202 2868 καὶ
1258 2801 1347 2890 μὴ
1409 2799 1729 2887 εὑρίσκειν
1784 2800 1970 2887 παρά
2022 2828 2206 2882 τινος
2256 2802 2372 2870 τὸν
2413 2807 2694 2886 τυχόντα

359 2897 746 2982 διασεισμὸν
788 2894 832 2988 ἢ
872 2901 988 2988 τὴν
1032 2903 1415 2990 οἶανδήτινα
1459 2901 1725 2991 ὄχλησιν
1769 2898 1872 2970 ἐπ’
1922 2898 2181 2983 αὐτοῖς·

527 3000 609 3067 α’.
688 2997 774 3066 Ἡ
808 3006 1117 3088 βασιλεία
1157 3029 1286 3088 μου
1329 3008 1446 3091 τῆς
1488 3003 1726 3071 τούτου
1770 3003 2055 3091 δεήσεως
2096 2996 2527 3073 έπακούσάσα
2575 3002 2693 3069 τὸν

358 3103 659 3186 παρόντα
712 3097 987 3187 ὁρισμὸν
1043 3100 1242 3190 αὐτῆς
1295 3104 1602 3192 ἐπορέγει
1654 3109 1734 3194 τῇ
1776 3107 2050 3194 τοιαύτῃ
2093 3110 2283 3194 μονῇ,
2330 3101 2411 3172 δι’
2462 3095 2540 3171 οὗ
2580 3108 2693 3171 καὶ

361 3203 719 3289 διορίζεται
758 3202 837 3268 τὸ
881 3210 1150 3290 στέργον
1196 3206 1364 3288 ἔχειν
1406 3210 1516 3274 καὶ
1561 3202 2055 3292 ἀμετάτρεπτον
2098 3206 2183 3274 τὰ
2227 3206 2565 3292 προσόντα
2604 3209 2689 3293 τῇ

358 3304 631 3391 τοιαύτῃ
673 3308 842 3391 μονῇ
890 3305 1182 3392 ἕγγραφα
1227 3306 1673 3391 δικαιώματα,
1718 3308 1803 3374 τά
1844 3334 1916 3375 τε
1961 3305 2381 3393 ἀρχιερατικὰ
2425 3307 2691 3373 δικαιω-

359 3406 554 3492 τήρια
594 3406 946 3490 γράμματα
974 3409 1092 3471 τοῦ
1125 3408 1545 3492 δηλωθέντος
1572 3409 2103 3496 θεοφιλεστάτου
2136 3408 2510 3476 ἐπισκόπου
2554 3409 2695 3496 δη-

359 3500 719 3591 μητριάδ
734 3528 820 3583 ος
863 3509 969 3572 καὶ
993 3505 1071 3571 τὸ
1103 3506 1220 3575 ἐπὶ
1240 3507 1502 3585 τούτοις
1522 3510 1787 3594 γεγονός
1814 3509 2287 3596 πατριαρχικὸν
2314 3504 2691 3597 ὑπόμνημα,

363 3603 536 3674 ὥστε
577 3612 977 3688 κατέχεσθαι
1019 3606 1207 3693 παρὰ
1247 3612 1365 3694 τῆς
1404 3610 1716 3698 τοιαύτης
1741 3615 1945 3697 μονῆς
1972 3611 2059 3677 τὰ
2086 3612 2549 3698 διαληφθέντα
2575 3609 2695 3676 δύο

361 3707 603 3795 ταύτης
644 3708 918 3792 μετόχια
958 3708 1126 3791 μετὰ
1170 3711 1276 3775 καὶ
1318 3714 1435 3795 τῆς
1479 3704 1801 3778 ἀνέκαθεν
1856 3715 2060 3799 νομῆς
2113 3708 2328 3779 αὐτῶν
2368 3711 2493 3778 καὶ
2549 3712 2699 3777 δια-

362 3807 761 3896 κρατήσεως,
815 3808 901 3876 τά
940 3835 1013 3876 τε
1057 3806 1355 3894 άμπέλια
1396 3814 1505 3879 καὶ
1546 3811 1860 3899 χωράφια
1900 3812 2139 3899 ταύτης
2180 3816 2287 3879 καὶ
2331 3812 2415 3879 τά
2458 3807 2698 3879 άλλοῖα

365 3908 563 4003 αὐτῆς
607 3912 848 3995 δίκαια,
897 3911 1263 3998 ἐλευθέρως
1301 3911 1540 4003 πάντη,
1589 3908 2029 4002 ἆνενοχλήτως
2056 3939 2128 3981 τε
2156 3915 2264 3980 καὶ
2293 3908 2697 3982 άναποσπά-

364 4034 538 4090 στως
579 4011 745 4080 κατὰ
786 4013 905 4093 τὰς
959 4014 1195 4101 περιλή
1207 4026 1359 4098 ψεις
1411 4017 1545 4081 τῶν
1587 4014 1907 4082 τοιούτων
1959 4014 2419 4100 δικαιωμάτων
2475 4009 2695 4101 αὗτῆς,

365 4114 473 4177 καὶ
525 4114 614 4196 μὴ
671 4111 991 4199 εὖρίσκειν
1045 4115 1286 4202 ταύτην
1342 4114 1530 4201 παρά
1581 4140 1764 4196 τινος
1804 4116 1921 4184 τὸν
1975 4115 2252 4200 τυχόντα
2308 4115 2699 4202 διασεισμὸν

502 4329 516 4361 ⁸
555 4332 625 4382 cf.
661 4334 772 4385 Nov.
800 4335 855 4384 X!
893 4337 1060 4386 not.1.
