2900 4950
908 253 1022 315 hup.
1065 251 1362 300 Constantini
1401 252 1804 316 Purpluyrogeniti.
2397 239 2519 300 255

180 398 516 466 τοσούτων
555 398 807 484 χρόνων
851 395 1300 484 προθεσμίαν,
1350 392 1431 466 δι’
1484 394 1658 465 ὅσων
1690 392 1770 466 ἂν
1802 394 1839 464 ὅ
1885 398 2163 479 δικάζων
2206 394 2345 466 ἀπὸ
2391 404 2525 470 τῶν

180 497 555 585 μελλόντων
621 504 894 585 καρπῶν
972 501 1442 586 συλλογίσηται
1515 499 1850 566 δι’·νασθαι
1923 497 2379 587 εὐλυτωθῆναι
2448 503 2526 570 τὸ

182 609 450 689 τίμημα.
542 601 600 668 εἰ
645 604 717 669 δὲ
765 597 1078 668 ὁπωσοῦν
1125 602 1452 669 δείκνυται
1499 597 1535 665 ὁ
1578 598 1898 688 πωλήσας
1932 598 1975 689 ἢ
2004 603 2069 667 οἱ
2101 600 2527 688 πωλήσαντες

184 705 251 771 ἑν
295 707 374 793 τῇ
420 702 668 787 πράσει
711 711 866 787 βίαν
911 697 952 789 ἢ
999 702 1193 768 δόλον
1249 698 1693 780 ὑποστάντες,
1756 697 1798 788 ἢ
1856 702 1990 787 πρὸ
2045 707 2163 787 τῆς
2217 702 2530 787 πράσεως

182 802 321 871 ὑπὸ
349 808 466 870 τοῦ
500 800 871 890 ἀγοραστοῦ
903 799 945 889 ἢ
975 808 1088 889 τῆς
1120 806 1446 891 φαμιλίας
1478 799 1678 869 αὐτοῦ
1725 799 2147 887 ἀδικούμενοι
2190 807 2297 871 καὶ
2328 831 2529 872 κατα-

183 904 749 989 δυναστευόμενοι,
797 907 1000 992 μηδὲν
1046 901 1580 984 ἀναδιδότωσαν,
1633 899 1751 971 κᾶν
1798 901 1835 968 ὁ
1879 901 2247 993 ἀγοραστής
2291 901 2407 972 οὐκ
2448 897 2527 993 ἦν

180 1011 314 1074 τῶν
373 1008 855 1090 δυνατωτέρων.
945 1006 1029 1073 τὰ
1090 1007 1158 1074 δὲ
1205 1001 1625 1090 εὖτελέστερα
1681 1010 1811 1072 τῶν
1867 1014 2356 1094 μοναστηρίων,
2417 1012 2525 1075 καὶ

184 1106 339 1176 ὅσοι
382 1103 521 1175 ἀπὸ
567 1113 972 1192 σπαθαρίων
1017 1112 1150 1173 τῶν
1196 1108 1262 1174 ἐν
1306 1112 1384 1196 τῇ
1422 1107 1864 1194 θεοφυλάκτῳ
1910 1106 2105 1174 πόλει
2152 1109 2526 1193 διατριβόν-

180 1236 317 1276 των
371 1212 476 1276 καὶ
521 1215 906 1294 κατωτέρων
953 1203 1284 1293 ἀρχόντων
1332 1211 1557 1291 ἔτυχον
1606 1203 2048 1293 ἀγοράσαντες
2095 1212 2294 1293 χωρὶς
2339 1212 2528 1278 οἱασ-

185 1311 438 1398 δήποτε
491 1317 644 1396 βίας
696 1309 804 1377 καὶ
863 1305 1152 1391 ἀδικίας,
1216 1311 1384 1398 μηδὲ
1429 1317 1873 1395 προστασίαις
1919 1311 2379 1396 δυνατωτέρων
2425 1314 2527 1378 δι-

187 1411 673 1502 φεντευόμενοι,
720 1411 807 1500 μὴ
852 1410 1056 1495 μόνον
1100 1411 1219 1491 τὰς
1261 1413 1459 1497 τιμὰς
1503 1408 2162 1498 ἀναλαμβανέτωσαν,
2209 1408 2376 1480 ἀλλὰ
2418 1417 2525 1480 καὶ

181 1514 304 1593 τὰς
350 1514 717 1599 ἐπικερδεῒς
763 1512 1086 1594 δαπάνας,
1136 1511 1278 1580 οἷον
1310 1515 1405 1594 εἰς
1435 1511 1845 1598 ἀμπελώνων
1874 1512 2389 1600 καταφυτεύσας
2416 1518 2525 1582 καὶ

183 1612 567 1702 ὖδρομύλων
612 1615 1045 1703 κατασκευήν·
1104 1616 1440 1683 δύνασθαι
1499 1617 1567 1682 δὲ
1625 1617 1731 1681 καὶ
1790 1613 1910 1693 τὰς
1953 1611 2112 1693 ῧλας
2161 1619 2293 1682 τῶν
2338 1616 2526 1684 ἰδίων

184 1718 553 1804 οἰκημάτων
599 1728 969 1803 περιαιρεῖν
1011 1716 1179 1802 μετὰ
1220 1721 1337 1784 τοῦ
1382 1717 1471 1805 μὴ
1515 1717 1779 1802 βλάψαι
1819 1716 1935 1803 τὴν
1968 1723 2294 1803 προτέραν
2323 1719 2527 1784 κατά-

184 1843 438 1899 στασιν,
489 1820 546 1886 εἰ
589 1819 676 1907 μὴ
723 1818 837 1906 τὴν
883 1814 1051 1902 ὑπὲρ
1082 1817 1333 1885 τούτων
1367 1819 1670 1905 δαπάνην
1708 1818 2172 1903 λαμβάνουσιν.
2237 1814 2527 1906 ἀπορίας

185 1921 256 1986 δὲ
314 1918 514 2007 οὔσης
568 1919 739 2004 πρὸς
793 1918 907 2006 τὴν
979 1915 1402 2009 ἀναστροφὴν
1458 1923 1589 1986 τῶν
1652 1925 2228 2004 χρεωστουμένων,
2293 1946 2526 2008 μεσεγ-

181 2027 480 2108 γυᾶσθαι
525 2020 608 2086 τὰ
653 2027 1236 2106 προεκποιηθέντα
1283 2022 1457 2087 {nist
1499 2020 1835 2086 τοσούτων
1881 2020 2210 2107 διάστημα
2251 2020 2521 2106 χρόνων,

180 2130 406 2207 μέχρις
449 2113 525 2187 οὗ
573 2118 711 2187 ἀπὸ
768 2123 884 2207 τῆς
926 2120 1290 2208 μελλούσης
1339 2126 1644 2206 καθαρᾶς
1688 2121 2090 2206 ἐπικαρπίας
2133 2121 2209 2187 τὸ
2257 2117 2526 2210 ὀφειλό-

181 2248 380 2310 μενον
412 2232 662 2309 τίμημα
693 2217 734 2310 ἢ
761 2221 839 2288 τὸ
873 2223 1210 2309 εἰρημένον
1242 2219 1560 2306 ἀνάλωμα
1590 2221 1863 2289 δύναται
1880 2227 1920 2258 ¹⁵
1964 2222 2524 2309 ἕπισυνάγεσθαι·

181 2321 225 2411 ἢ
268 2328 519 2411 μᾶλλον
564 2330 962 2407 κατέχεσθαι
1017 2325 1138 2408 μὲν
1193 2323 1270 2390 τὸ
1325 2327 1537 2411 κτῆμα
1586 2323 1772 2410 παρὰ
1814 2328 1933 2391 τοῦ
1980 2324 2522 2412 ἔκποιησαμένου,

185 2428 279 2508 εἷς
326 2430 393 2495 δὲ
429 2426 545 2515 τὴν
577 2425 973 2515 συγκομιδὴν
1003 2430 1136 2493 τιῦν
1165 2430 1439 2515 καρπῶν
1471 2434 1781 2513 γίνεσθαι
1810 2426 2133 2513 πρόνοιαν
2162 2429 2269 2494 καὶ
2307 2453 2528 2514 παρα-

185 2530 479 2619 φυλακὴν
526 2529 698 2614 πρὸς
741 2528 818 2594 τὸ
865 2534 1336 2618 περισωθῆναι
1379 2524 1617 2609 αὐτοὺς
1675 2530 1767 2608 εἷς
1824 2526 2310 2617 ἀποπλήρωσιν
2326 2534 2366 2564 ¹⁰
2406 2533 2525 2596 τοῦ

185 2632 730 2712 συναλλάξαντος,
781 2631 1083 2710 ἐξουσίαν
1131 2633 1390 2715 ἔχοντος
1423 2634 1531 2697 καὶ
1564 2626 1763 2698 αὐτοῦ
1793 2632 2043 2698 τούτων
2073 2637 2525 2716 προνοεῖσθαι

187 2733 280 2812 εἷς
335 2734 411 2798 τὸ
470 2732 558 2819 μὴ
607 2728 1121 2817 ἀποβάλλεσθαι
1143 2738 1179 2768 ¹⁷
1236 2732 1391 2811 τούς
1432 2733 1746 2819 καρπούς.
1835 2736 1939 2799 καὶ
1990 2733 2047 2800 εἰ
2089 2735 2209 2816 μὲν
2255 2729 2527 2820 εὐπορεῖ

184 2835 514 2919 ἑτέρωθεν
576 2830 610 2898 ὃ
671 2833 1190 2919 ἒκποιησάμενος
1255 2836 1695 2914 διοικεῖσθαι,
1764 2833 2022 2912 πάντας
2077 2831 2527 2902 ἀναδίδοσθαι

182 2935 357 3022 πρὸς
400 2934 514 2999 τὸν
561 2933 1084 3012 συναλλάξαντα·
1147 2936 1203 3001 εἰ
1261 2937 1332 3001 δὲ
1387 2933 1508 3020 μὴ,
1566 2933 1642 2999 τὸ
1701 2930 1937 3020 ἀνῆκον
1983 2935 2053 3014 ἐξ
2094 2930 2308 3002 αὐτῶν
2353 2937 2525 3022 πρὸς

182 3037 300 3122 τὴν
348 3031 707 3120 ἀναγκαίαν
748 3040 970 3118 χρείαν
1017 3038 1125 3100 καὶ
1167 3043 1484 3120 γεωργίαν
1528 3038 1645 3098 τοῦ
1692 3030 1891 3120 ἀγροῦ
1944 3045 2526 3121 παρακρατεῒσθαι

181 3136 374 3222 παρὰ
418 3140 533 3202 τοῦ
581 3136 1124 3222 ἔκποιησαμένου,
1171 3134 1248 3201 τὸ
1296 3138 1366 3202 δὲ
1399 3134 1641 3201 λοιπὸν
1672 3132 1853 3201 ἅπαν
1886 3137 1978 3215 εἰς
2011 3136 2127 3203 τὸν
2154 3133 2290 3220 μετ’
2325 3133 2524 3204 αὐτοῦ

185 3237 680 3318 συναλλάξαντα
726 3234 1347 3315 ἀποκαθίστασθαι.

352 3338 430 3426 γ’.
518 3339 603 3405 Εἰ
649 3339 720 3406 δὲ
767 3338 834 3405 ἐκ
878 3342 1009 3405 τῶν
1055 3345 1634 3428 περιφανεστέρο,ν
1676 3341 1793 3424 τῆς
1837 3333 2084 3422 ὃμάδος
2127 3337 2298 3423 πρὸς
2339 3341 2526 3421 ἴσους

185 3435 227 3529 ἢ
285 3436 503 3528 ὀλίγον
560 3436 1054 3528 ὖποβεβηκότας
1112 3440 1178 3508 ἓν
1247 3437 1614 3526 ἀξιώμασι,
1682 3440 1876 3523 τυχὸν
1936 3443 2301 3526 σχολαρίων
2356 3442 2527 3527 πρὸς

186 3543 612 3628 στρατιώτας,
658 3537 701 3630 ἢ
746 3542 814 3609 ἐκ
857 3547 987 3610 τῶν
1035 3539 1500 3629 εὐτελεστέρων
1545 3541 1717 3628 πρὸς
1756 3542 1911 3621 τοὺς
1952 3543 2185 3629 μικρόν
2224 3571 2292 3611 τι
2322 3541 2519 3632 ὕπερ-

186 3651 480 3728 έχοντας,
553 3639 694 3710 οἷον
768 3640 906 3710 ἀπὸ
974 3649 1104 3712 τῶν
1178 3641 1632 3732 ἀστρατεύτων
1695 3648 1990 3713 πολιτῶν
2052 3645 2224 3731 πρὸς
2286 3649 2521 3728 σχολα-

186 3754 369 3832 ρίους
422 3742 463 3835 ἢ
521 3745 954 3830 σεκρετικοὺς,
1029 3746 1371 3832 ἔκποίησις
1422 3753 1680 3833 γέγονεν
1742 3741 1784 3834 ἢ
1837 3747 2206 3833 γενήσεται,
2276 3754 2524 3831 μενέτω

188 3844 753 3934 ἀπαρασάλευτος.
825 3843 1072 3931 ὁμοίως
1116 3849 1187 3914 δὲ
1229 3843 1348 3914 κᾶν
1396 3843 1478 3913 δι’
1530 3842 1807 3934 ἀνάγκην
1852 3848 2264 3933 ἐπικειμένην
2311 3847 2378 3914 ἐκ
2407 3852 2524 3914 τοῦ

187 3951 507 4038 δημοσίου
551 3943 596 4035 ἢ
637 3948 831 4032 τυχὸν
892 3946 1003 4013 διὰ
1056 3948 1249 4015 τὸ“ὲν
1303 3946 1484 4034 ἄλλῳ
1528 3947 1718 4033 τόπῳ
1767 3948 2136 4033 βούλεσθαι
2180 3956 2526 4032 προικίσαι

185 4058 525 4137 θυγατέρα
571 4052 746 4118 ἰδίαν
793 4050 1120 4133 ἑτέρωθεν
1165 4044 1282 4116 οὒκ
1325 4050 1456 4134 ἔχει
1509 4049 1612 4127 τῖς
1657 4042 2027 4114 ἀποδοῦναι
2077 4048 2154 4113 τὸ
2198 4050 2368 4136 πρὸς
2409 4050 2525 4119 τὸν

326 4288 361 4316 '⁴
399 4291 530 4341 Idem
569 4292 683 4342 ibid.
719 4286 809 4341 cni
847 4289 1114 4340 τοσοῦτον
1148 4285 1427 4358 διάστημα
1453 4282 1683 4356 χρόνον,
1720 4285 1915 4356 μέχρις
1948 4281 2017 4338 ἂν
2051 4282 2177 4339 ἀπό.
2320 4290 2357 4317 ¹⁸
2394 4294 2522 4343 fldem

185 4376 301 4426 ibid.
340 4367 630 4425 δύνασθαι.
777 4374 816 4404 ¹⁶
853 4377 982 4427 Idem
1019 4376 1135 4427 ibid.
1174 4368 1577 4441 ἀναπλήρωσιν.
1722 4374 1757 4408 ¹²
1794 4376 1924 4427 {dem
1961 4376 2075 4428 ibid.
2113 4366 2468 4426 ἀπόλλυσθαι.
