2900 4950
317 205 444 270 286
1125 220 1245 271 con.
1285 221 1364 270 ιιι.
1435 220 1549 270 mov.
1587 219 1699 269 xvu.
1734 219 1869 269 xvu.

317 372 473 434 wv⁵
516 366 1025 451 στρατιωτικοὺς
1068 366 1182 433 διὰ
1225 365 1544 450 λιβέλλων
1590 363 1999 453 ἐξωνήσαντο
2041 364 2313 444 τόπους,
2357 368 2465 432 καὶ
2511 365 2670 432 τοὺ-

316 493 471 547 τους
530 467 1016 552 διωρισάμεθα,
1079 468 1136 535 εἷ
1190 465 1278 552 μὴ
1335 469 1751 552 βοηθοῦνται
1808 466 1874 532 οἱ
1916 472 2294 549 κατέχοντες
2349 463 2489 533 ἀπὸ
2544 472 2666 534 τοῦ

312 568 581 653 χρόνου,
645 569 792 635 ἐπεὶ
852 570 1313 654 στρατιωτικοὶ
1375 563 1816 652 ὑπάρχουσιν,
1877 561 2255 652 άναργὺρως
2309 569 2429 651 μὲν
2482 563 2667 634 άντι-

319 676 646 756 στρέφειν,
703 670 937 757 ζημίαν
984 670 1056 737 δὲ
1099 671 1464 756 μηδεμίαν“
1504 674 2154 752 προσαπαιτεῒσθαι.
2240 672 2338 754 τῷ
2380 668 2504 755 γὰρ
2547 674 2666 756 τῆς

318 773 519 855 καλῆς
563 768 856 850 πίστεως
902 770 1299 855 δικαιώματι
1341 773 1449 836 καὶ
1497 765 1684 835 αὐτοὶ
1731 769 2202 853 ἔπερείδονται.

487 872 563 958 γ’.
646 866 856 938 Ἀλλὰ
909 876 1016 940 καὶ
1078 871 1189 939 ἐάν
1245 897 1348 950 τις
1402 867 1646 956 ἀγορᾶς
1698 866 1741 958 ἢ
1793 872 2042 956 δωρεᾶς
2085 865 2128 958 ἢ
2173 864 2577 958 ἆνταλλαγῆς
2620 865 2664 959 ἢ

319 968 738 1060 ἀντιλήψεως
780 973 1011 1060 τρόπῳ
1059 973 1374 1060 ἐκτήσατο
1417 972 1574 1050 τοὺς
1616 972 1919 1053 τόπουςΊ,
1980 962 2168 1038 οὗτοι
2226 974 2299 1039 δὲ
2352 972 2575 1055 ἔτυχον
2619 967 2664 1060 ἢ

313 1079 599 1162 μερικῶς
641 1070 1022 1161 ἢκαθόλου
1069 1080 1529 1161 στρατιωτικοὶ
1580 1071 1781 1154 ὄντες,
1828 1077 1935 1141 καὶ
1984 1068 2018 1138 ὃ
2047 1072 2282 1157 χρόνος
2312 1070 2387 1139 οὐ
2415 1080 2665 1161 βοηθεῖ

317 1180 410 1264 ‘tq‘
456 1183 809 1260 κατέχοντι,
859 1171 1057 1242 αὐτὸν
1100 1178 1220 1262 μὲν
1268 1166 1382 1243 οῦν
1427 1175 1543 1243 τὸν
1587 1182 1969 1259 κατέχοντα,
2031 1174 2181 1241 ἐπεὶ
2225 1175 2386 1263 καλῇ
2433 1182 2663 1242 πίστει

315 1285 629 1366 φαίνεται
686 1277 1058 1359 δεσπόζων,
1113 1280 1317 1366 μηδὲν
1374 1278 1781 1364 ζημιοῦσθαι
1832 1279 2033 1363 χωρὶς
2086 1280 2202 1362 τῆς
2255 1280 2388 1342 τῶν
2431 1275 2661 1344 τόπων

316 1375 684 1466 άναργόρου
731 1373 1177 1467 ἀφαιρέσεως,
1240 1376 1407 1446 ἀλλὰ
1450 1376 1623 1462 πρὸς
1666 1377 1780 1444 τὸν
1827 1377 2229 1463 πωλήσαντα
2272 1372 2315 1465 ἢ
2359 1378 2661 1466 δωρησά-

312 1508 513 1567 μενον
555 1476 598 1568 ἢ
640 1475 1134 1560 ἀπαλλάξαντα
1179 1475 1219 1568 ἢ
1261 1483 1370 1546 καὶ
1413 1483 1531 1566 τῆς
1563 1475 1981 1567 ἀντιλήψεως
2022 1478 2416 1563 ἐπιτυχόντα
2456 1506 2653 1564 μετα-

317 1589 721 1667 πέμπεσθαι
762 1581 879 1668 τὴν
927 1583 1177 1669 ζημίαν.
1246 1581 1304 1649 εἰ
1349 1583 1422 1647 δὲ
1465 1583 1573 1647 καὶ
1620 1570 1813 1660 οὗτος
1841 1583 2004 1668 καλῇ
2037 1587 2262 1647 πίστει
2293 1576 2661 1666 εὗρίσκεται

317 1683 677 1766 κατασχών,
723 1684 888 1766 μηδὲ
933 1678 1130 1749 αὐτὸν
1178 1683 1601 1770 ζημιοῦσθαι.

490 1784 578 1851 δ’.
667 1784 751 1850 Εἰ
796 1785 870 1851 δέ
911 1811 1084 1863 τινες
1122 1787 1253 1850 τῶν
1287 1786 1710 1869 στρατιωτῶν
1743 1783 2209 1869 διαιρεθέντες,
2256 1786 2363 1849 καὶ
2394 1782 2658 1868 τὸνμὲν

318 1886 792 1971 στρατιωτικὸν
837 1882 1104 1953 ἅπαντα
1161 1888 1396 1970 κλῆρον
1451 1882 1640 1970 παρὰ
1681 1895 1826 1963 τοῖς
1878 1884 2210 1969 πατράσιν
2254 1880 2297 1972 ἢ
2339 1880 2660 1972 ἀδελφοῖς

315 1990 423 2054 καὶ
471 1987 820 2067 συνδόταις
864 1983 1080 2055 αὐτῶν
1126 1987 1638 2054 ἐκδουλεὺεσθαι
1692 1984 2274 2066 καταλελοιπότες,
2338 1981 2526 2053 αὐτοὶ
2585 1988 2658 2054 δὲ

315 2092 537 2156 τέλεον
594 2093 710 2174 τῆς
767 2093 1241 2175 στρατιωτικῆς
1281 2096 1521 2174 μοίρας
1566 2082 2078 2173 ἀπαλλαγέντες,
2142 2087 2209 2154 ἓν
2260 2112 2401 2155 τισι
2444 2111 2659 2174 προσ-

318 2190 535 2269 ώποις
579 2193 1003 2277 προσῆλθον,
1062 2193 1265 2278 μηδὲν
1320 2189 1475 2267 τοὺς
1529 2185 2059 2272 ὑποδεξαμένους
2110 2184 2347 2268 αὐτοὺς
2392 2190 2661 2277 ζημιοῦ-

316 2299 521 2372 σθαι,
584 2293 772 2377 εἰ’περ
830 2289 921 2372 ὥς
979 2293 1233 2376 εἴρηται
1287 2287 1325 2378 ἦ
1388 2296 1700 2377 στρατεία
1756 2287 1972 2355 αὐτῶν
2026 2290 2213 2376 παρὰ
2261 2295 2394 2358 τῶν
2439 2290 2658 2359 ἄλλων

315 2392 770 2461 ἐκδουλεύεται
813 2379 918 2459 καὶ
963 2395 1289 2481 μηδεμίαν
1335 2391 1574 2459 ἐκεῖνοι
1615 2392 1852 2477 μερίδα
1909 2391 1978 2458 ἐκ
2019 2396 2136 2458 τοῦ
2182 2397 2658 2480 στρατιωτικοῦ

316 2493 733 2580 εὑρίσκονται
775 2501 1150 2578 κατέχοντες
1193 2493 1449 2582 κλήρου.
1514 2493 1685 2581 πρὸς
1728 2493 1991 2573 τούτοις
2019 2499 2125 2562 καὶ
2158 2494 2271 2561 ἐάν
2310 2522 2496 2575 τινας
2523 2499 2656 2563 τῶν

316 2600 743 2680 στρατιωτῶν
801 2596 894 2676 εἷς
953 2597 1227 2684 ἐσχάτην
1281 2596 1813 2684 καταντήσαντας
1864 2592 2152 2680 ἀπορίαν
2198 2600 2304 2664 καὶ
2349 2597 2660 2685 μηδόλως

317 2700 717 2782 δυναμένους
759 2697 835 2764 τὸ
884 2698 1355 2782 στρατιωτικὸν
1398 2694 1814 2781 ὑπέρχεσθαι
1855 2696 2088 2783 βάρος,
2137 2693 2306 2765 ἀλλὰ
2348 2702 2455 2766 καὶ
2503 2694 2658 2766 ὀδυ-

313 2796 663 2885 ρομένους,
713 2799 825 2867 ἐὰν
867 2796 1270 2880 ὑπεδέξαντό
1314 2824 1518 2878 τινες,
1564 2799 1729 2887 μήτε
1772 2795 1941 2883 ὑπὲρ
1985 2798 2235 2866 τούτων
2278 2801 2442 2888 μήτε
2484 2797 2655 2888 ὑπὲρ

316 2902 579 2969 ἐκείνων
624 2908 950 2975 (τουτέστι
1002 2906 1131 2968 τῶν
1186 2897 1622 2989 ἠπορημένων
1668 2904 2118 2987 στρατιωτῶν)
2169 2900 2286 2989 τὴν
2331 2926 2657 2987 στρατιω-

314 3004 534 3091 τικὴν’
575 3000 1001 3092 ὑφίστασθαι
1046 3005 1296 3091 ζημίαν,
1346 3000 1517 3069 ἀλλὰ
1557 3004 1809 3088 μᾶλλον
1839 3001 1993 3081 τοὺς
2025 3002 2458 3083 ἐκδιώξαντας
2500 3004 2657 3084 τοὺς

314 3107 726 3192 στρατιώτας
769 3109 874 3173 καὶ
920 3110 1035 3191 τῆς
1080 3100 1369 3191 άπορίας
1413 3101 1643 3183 αὐτοῖς
1685 3110 1792 3170 καὶ
1839 3107 1955 3191 τῆς
1989 3107 2199 3191 φυγῆς
2243 3105 2497 3185 αἰτίους
2538 3133 2657 3172 κα-

309 3208 698 3287 ταστάντας,
748 3207 1031 3286 ἐκείνους
1074 3209 1181 3273 καὶ
1225 3206 1342 3294 τὴν
1390 3207 1622 3293 ζημίαν
1667 3202 2041 3290 ὑπομένειν.
2102 3204 2218 3272 τὸν
2250 3208 2321 3273 δὲ
2367 3202 2655 3290 εὔπορον

309 3313 418 3375 καὶ
467 3309 835 3392 σωζόμενον
880 3304 1369 3390 ὑποδεξάμενον
1417 3305 1824 3393 στρατιώτην
1880 3310 1986 3374 καὶ
2047 3307 2114 3374 ἐν
2169 3307 2408 3393 γνώσει
2449 3302 2655 3375 αὐτὸν

311 3417 697 3491 κατέχοντα,
777 3407 963 3494 παρὰ
1027 3412 1143 3473 τοῦ
1198 3408 1610 3493 τουρμάρχου
1667 3415 2206 3496 προφωνηθέντα
2272 3410 2403 3476 εἴτε
2468 3406 2657 3493 παρὰ

315 3511 745 3593 δρουγγαρίου
789 3504 831 3595 ἢ
875 3509 1154 3595 κόμητος
1197 3504 1238 3597 ἢ
1284 3514 1686 3594 προαγέτου,
1748 3510 1879 3576 εἴτε
1934 3513 2044 3576 καὶ
2102 3510 2288 3596 παρὰ
2334 3510 2654 3577 συνδότου

314 3604 516 3676 αὐτοῦ
533 3614 572 3689 ⁹,
618 3611 730 3675 καὶ
771 3609 858 3695 μή
905 3609 1262 3694 δυνάμενον
1309 3611 1403 3690 εἰς
1448 3608 1718 3696 ἄγνοιαν
1762 3612 2213 3699 καταφεύγειν,
2262 3611 2509 3679 ἐκεῖνον
2543 3618 2654 3679 καὶ

317 3710 784 3797 διωρισάμεθα
841 3711 957 3798 τὴν
1015 3712 1246 3800 ζημίαν
1304 3708 1743 3799 ὑφίστασθαι.
1836 3712 1948 3779 ἐὰν
2003 3713 2126 3798 γὰρ
2173 3714 2238 3780 οἱ
2288 3713 2653 3796 σωζόμενοι

315 3817 716 3901 στρατιῶται
758 3817 874 3900 τῆς
903 3818 1034 3883 τῶν
1062 3816 1407 3896 ταξειδίων
1439 3814 1920 3882 διακωλύονται
1950 3817 2266 3895 δουλείας,
2316 3815 2656 3902 πρόδηλόν

321 3985 432 3993 -·-—-

573 3990 784 3997 --—-·--
815 3992 914 3998 —-.-
987 3994 1012 4000 -..

447 4084 467 4111 ⁵
506 4088 699 4137 Leunck
736 4088 969 4139 lectiones
1005 4092 1170 4140 affert:
1221 4083 1371 4157 παρὰ
1409 4083 1755 4138 ἐπισκοπείου
1793 4082 1823 4149 ἢ
1857 4087 2140 4153 βασιλικοῦ
2177 4082 2346 4144 οἴκου,
2397 4091 2464 4139 ve!
2502 4084 2656 4154 παρὰ

313 4162 552 4217 induro„
601 4163 630 4229 ἢ
677 4171 956 4234 βασιλικοῦ
1005 4176 1207 4238 (absque
1256 4175 1550 4224 substantivo
1598 4169 1978 4241 στρατιώτου).
2052 4178 2154 4225 noc
2204 4176 2539 4239 praetulerim:
2593 4175 2653 4224 cf.

314 4254 426 4303 Nov.
463 4255 600 4304 XXIX
636 4271 676 4305 c.
715 4258 762 4306 4.
898 4258 919 4286 ⁰
955 4260 1085 4309 Idem
1111 4253 1206 4324 μή.
1358 4256 1377 4282 ⁷
1411 4259 1544 4309 Idem
1578 4254 1834 4323 καρποὺς,
1877 4261 2008 4325 quod
2044 4262 2092 4310 in
2130 4252 2336 4325 ἀγροὺς
2372 4261 2654 4309 mutandum

314 4346 494 4388 censet.
631 4337 653 4365 ⁸
690 4341 844 4391 Malim
881 4341 992 4389 τῶν
1028 4340 1400 4408 στρατιωτῶν.
1541 4340 1564 4369 ⁹
1602 4345 1794 4394 Leuucl.
1831 4338 1984 4410 παρὰ
2020 4340 2255 4393 συνόδου
2293 4336 2473 4404 αὐτῆς.
