<?xml version="1.0" encoding="UTF-8"?>
<!DOCTYPE html PUBLIC "-//W3C//DTD XHTML 1.0 Transitional//EN"
    "http://www.w3.org/TR/xhtml1/DTD/xhtml1-transitional.dtd">
<html xmlns="http://www.w3.org/1999/xhtml" xml:lang="en" lang="en">
 <head>
  <title>
</title>
<meta http-equiv="Content-Type" content="text/html;charset=utf-8" />
  <meta name='ocr-system' content='tesseract 3.04.00' />
  <meta name='ocr-capabilities' content='ocr_page ocr_carea ocr_par ocr_line ocrx_word'/>
</head>
<body>
  <div class='ocr_page' id='page_1' title='image "./jusgraecoromanu00linggoog_0091.png"; bbox 0 0 2900 4950; ppageno 0'>
   <div class='ocr_carea' id='block_1_1' title="bbox 926 263 2467 336">
    <p class='ocr_par' dir='ltr' id='par_1_1' title="bbox 926 263 2467 336">
     <span class='ocr_line' id='line_1_1' title="bbox 926 263 2467 336; baseline 0 -15"><span class='ocrx_word' id='word_1_1' title='bbox 926 273 1074 336; x_wconf 73' lang='lat' dir='ltr'>impp.</span> <span class='ocrx_word' id='word_1_2' title='bbox 1114 272 1287 322; x_wconf 70' lang='lat' dir='ltr'>Leonis</span> <span class='ocrx_word' id='word_1_3' title='bbox 1325 281 1371 322; x_wconf 77' lang='lat' dir='ltr'><strong><em>et</em></strong></span> <span class='ocrx_word' id='word_1_4' title='bbox 1407 273 1726 322; x_wconf 70' lang='lat' dir='ltr'><strong>Constantini.</strong></span> <span class='ocrx_word' id='word_1_5' title='bbox 2398 263 2467 321; x_wconf 83' lang='grc'><strong><em>51</em></strong></span> 
     </span>
    </p>
   </div>
   <div class='ocr_carea' id='block_1_2' title="bbox 122 413 2479 611">
    <p class='ocr_par' dir='ltr' id='par_1_2' title="bbox 122 413 2479 611">
     <span class='ocr_line' id='line_1_2' title="bbox 122 413 2479 508; baseline 0 -20"><span class='ocrx_word' id='word_1_6' title='bbox 122 417 563 506; x_wconf 73' lang='grc' dir='ltr'><strong><em>ἀδιόρθωτα,</em></strong></span> <span class='ocrx_word' id='word_1_7' title='bbox 628 419 915 497; x_wconf 81' lang='grc' dir='ltr'><strong><em>σπάνιος</em></strong></span> <span class='ocrx_word' id='word_1_8' title='bbox 954 420 1074 502; x_wconf 77' lang='grc' dir='ltr'><strong><em>μὲν</em></strong></span> <span class='ocrx_word' id='word_1_9' title='bbox 1116 414 1155 507; x_wconf 82' lang='grc' dir='ltr'><em>ἦ</em></span> <span class='ocrx_word' id='word_1_10' title='bbox 1202 422 1319 506; x_wconf 85' lang='grc' dir='ltr'><strong><em>τῆς</em></strong></span> <span class='ocrx_word' id='word_1_11' title='bbox 1370 413 1864 505; x_wconf 76' lang='grc' dir='ltr'><strong><em>καλοκάγαθίας</em></strong></span> <span class='ocrx_word' id='word_1_12' title='bbox 1916 424 2142 508; x_wconf 83' lang='grc' dir='ltr'><strong><em>κτῆσις</em></strong></span> <span class='ocrx_word' id='word_1_13' title='bbox 2181 432 2325 500; x_wconf 86' lang='grc' dir='ltr'><strong><em>τοῖς</em></strong></span> <span class='ocrx_word' id='word_1_14' title='bbox 2366 418 2479 490; x_wconf 82' lang='grc' dir='ltr'><strong><em>ἆν-</em></strong></span> 
     </span>
     <span class='ocr_line' id='line_1_3' title="bbox 122 514 2478 611; baseline 0 -23"><span class='ocrx_word' id='word_1_15' title='bbox 122 523 452 607; x_wconf 75' lang='grc' dir='ltr'><strong><em>θρώποις</em></strong></span> <span class='ocrx_word' id='word_1_16' title='bbox 510 519 887 608; x_wconf 86' lang='grc' dir='ltr'><strong><em>γενήσεται,</em></strong></span> <span class='ocrx_word' id='word_1_17' title='bbox 949 514 1308 604; x_wconf 81' lang='grc' dir='ltr'><strong><em>εύζήλωτον</em></strong></span> <span class='ocrx_word' id='word_1_18' title='bbox 1365 520 1437 587; x_wconf 79' lang='grc' dir='ltr'><strong><em>δὲ</em></strong></span> <span class='ocrx_word' id='word_1_19' title='bbox 1491 524 1609 608; x_wconf 85' lang='grc' dir='ltr'><strong><em>τῆς</em></strong></span> <span class='ocrx_word' id='word_1_20' title='bbox 1662 527 2036 607; x_wconf 76' lang='grc' dir='ltr'><strong><em>μοχθηρίας</em></strong></span> <span class='ocrx_word' id='word_1_21' title='bbox 2089 519 2128 607; x_wconf 86' lang='grc' dir='ltr'>ἡ</span> <span class='ocrx_word' id='word_1_22' title='bbox 2186 521 2478 611; x_wconf 75' lang='grc' dir='ltr'><strong><em>ἐξαπάτη</em></strong></span> 
     </span>
    </p>
   </div>
   <div class='ocr_carea' id='block_1_3' title="bbox 123 646 2480 808">
    <p class='ocr_par' dir='ltr' id='par_1_3' title="bbox 123 646 2480 808">
     <span class='ocr_line' id='line_1_4' title="bbox 123 646 531 710; baseline -0.012 -19"><span class='ocrx_word' id='word_1_23' title='bbox 123 646 531 710; x_wconf 75' lang='grc' dir='ltr'><strong><em>φανησεται.</em></strong></span> 
     </span>
     <span class='ocr_line' id='line_1_5' title="bbox 292 718 2480 808; baseline 0 -17"><span class='ocrx_word' id='word_1_24' title='bbox 292 723 386 792; x_wconf 69' lang='grc' dir='ltr'><strong><em>α’.</em></strong></span> <span class='ocrx_word' id='word_1_25' title='bbox 488 720 909 804; x_wconf 84' lang='grc' dir='ltr'><strong><em>Θεσπίζομεν</em></strong></span> <span class='ocrx_word' id='word_1_26' title='bbox 960 727 1183 787; x_wconf 77' lang='grc' dir='ltr'><em>τοίνυν</em></span> <span class='ocrx_word' id='word_1_27' title='bbox 1238 721 1351 787; x_wconf 86' lang='grc' dir='ltr'><strong><em>διὰ</em></strong></span> <span class='ocrx_word' id='word_1_28' title='bbox 1403 721 1600 788; x_wconf 79' lang='grc' dir='ltr'><strong><em>τοῦδε</em></strong></span> <span class='ocrx_word' id='word_1_29' title='bbox 1651 718 1837 808; x_wconf 79' lang='grc' dir='ltr'><strong><em>ήμιῢν</em></strong></span> <span class='ocrx_word' id='word_1_30' title='bbox 1889 725 2008 788; x_wconf 85' lang='grc' dir='ltr'><strong><em>τοῦ</em></strong></span> <span class='ocrx_word' id='word_1_31' title='bbox 2061 722 2480 791; x_wconf 80' lang='grc' dir='ltr'><strong><em>δικαιοτάτου</em></strong></span> 
     </span>
    </p>
   </div>
   <div class='ocr_carea' id='block_1_4' title="bbox 124 817 2500 3840">
    <p class='ocr_par' dir='ltr' id='par_1_4' title="bbox 124 817 2500 3840">
     <span class='ocr_line' id='line_1_6' title="bbox 124 817 2482 910; baseline 0.001 -20"><span class='ocrx_word' id='word_1_32' title='bbox 124 830 224 891; x_wconf 78' lang='grc' dir='ltr'><strong><em>καὶ</em></strong></span> <span class='ocrx_word' id='word_1_33' title='bbox 270 824 749 907; x_wconf 82' lang='grc' dir='ltr'><strong><em>πανευσεβοῦς</em></strong></span> <span class='ocrx_word' id='word_1_34' title='bbox 790 820 1035 900; x_wconf 84' lang='grc' dir='ltr'><strong><em>τύπου,</em></strong></span> <span class='ocrx_word' id='word_1_35' title='bbox 1100 817 1190 900; x_wconf 75' lang='grc' dir='ltr'><strong><em>ὥς</em></strong></span> <span class='ocrx_word' id='word_1_36' title='bbox 1234 823 1300 888; x_wconf 79' lang='grc' dir='ltr'><strong><em>εἴ</em></strong></span> <span class='ocrx_word' id='word_1_37' title='bbox 1336 848 1438 900; x_wconf 87' lang='grc' dir='ltr'><strong><em>τις</em></strong></span> <span class='ocrx_word' id='word_1_38' title='bbox 1483 817 1620 889; x_wconf 79' lang='grc' dir='ltr'><strong><em>άπὸ</em></strong></span> <span class='ocrx_word' id='word_1_39' title='bbox 1664 826 1779 910; x_wconf 78' lang='grc' dir='ltr'><strong><em>τῆς</em></strong></span> <span class='ocrx_word' id='word_1_40' title='bbox 1835 824 2024 908; x_wconf 81' lang='grc' dir='ltr'><strong><em>δεῦρο</em></strong></span> <span class='ocrx_word' id='word_1_41' title='bbox 2068 825 2372 892; x_wconf 81' lang='grc' dir='ltr'><strong><em>τοιοῦτόν</em></strong></span> <span class='ocrx_word' id='word_1_42' title='bbox 2413 852 2482 893; x_wconf 90' lang='grc' dir='ltr'><strong><em>τι</em></strong></span> 
     </span>
     <span class='ocr_line' id='line_1_7' title="bbox 127 920 2481 1013; baseline 0.001 -20"><span class='ocrx_word' id='word_1_43' title='bbox 127 927 510 1011; x_wconf 85' lang='grc' dir='ltr'><strong><em>διαπράξαι</em></strong></span> <span class='ocrx_word' id='word_1_44' title='bbox 566 920 951 1009; x_wconf 77' lang='grc' dir='ltr'><strong><em>τολμήσειεν</em></strong></span> <span class='ocrx_word' id='word_1_45' title='bbox 1002 921 1114 988; x_wconf 82' lang='grc' dir='ltr'><strong><em>καὶ</em></strong></span> <span class='ocrx_word' id='word_1_46' title='bbox 1167 925 1260 1009; x_wconf 73' lang='grc' dir='ltr'><strong><em>τῷ</em></strong></span> <span class='ocrx_word' id='word_1_47' title='bbox 1316 924 1592 1009; x_wconf 83' lang='grc' dir='ltr'><strong><em>ῥηθέντι</em></strong></span> <span class='ocrx_word' id='word_1_48' title='bbox 1633 930 1916 1009; x_wconf 81' lang='grc' dir='ltr'><strong><em>κακίστῳ</em></strong></span> <span class='ocrx_word' id='word_1_49' title='bbox 1975 932 2325 1013; x_wconf 73' lang='grc' dir='ltr'><strong><em>φωραθείη</em></strong></span> <span class='ocrx_word' id='word_1_50' title='bbox 2378 927 2481 1013; x_wconf 73' lang='grc' dir='ltr'><strong><em>ἐγ-</em></strong></span> 
     </span>
     <span class='ocr_line' id='line_1_8' title="bbox 127 1017 2481 1116; baseline 0.001 -22"><span class='ocrx_word' id='word_1_51' title='bbox 127 1028 451 1116; x_wconf 77' lang='grc' dir='ltr'><strong><em>κλήματι,</em></strong></span> <span class='ocrx_word' id='word_1_52' title='bbox 498 1021 663 1111; x_wconf 78' lang='grc' dir='ltr'><strong><em>ἀνὴρ</em></strong></span> <span class='ocrx_word' id='word_1_53' title='bbox 707 1025 828 1107; x_wconf 81' lang='grc' dir='ltr'><strong><em>μὲν</em></strong></span> <span class='ocrx_word' id='word_1_54' title='bbox 872 1017 963 1088; x_wconf 77' lang='grc' dir='ltr'><strong><em>ὢν</em></strong></span> <span class='ocrx_word' id='word_1_55' title='bbox 1006 1022 1123 1109; x_wconf 88' lang='grc' dir='ltr'><strong><em>τήν</em></strong></span> <span class='ocrx_word' id='word_1_56' title='bbox 1166 1049 1239 1090; x_wconf 87' lang='grc' dir='ltr'><strong><em>τε</em></strong></span> <span class='ocrx_word' id='word_1_57' title='bbox 1282 1035 1560 1108; x_wconf 87' lang='grc' dir='ltr'><strong><em>προῖκα,</em></strong></span> <span class='ocrx_word' id='word_1_58' title='bbox 1606 1021 1684 1110; x_wconf 80' lang='grc' dir='ltr'><strong><em>ἢν</em></strong></span> <span class='ocrx_word' id='word_1_59' title='bbox 1728 1026 2204 1108; x_wconf 80' lang='grc' dir='ltr'><strong><em>προσεδέξατο,</em></strong></span> <span class='ocrx_word' id='word_1_60' title='bbox 2251 1027 2362 1094; x_wconf 83' lang='grc' dir='ltr'><strong><em>καὶ</em></strong></span> <span class='ocrx_word' id='word_1_61' title='bbox 2402 1028 2481 1115; x_wconf 83' lang='grc' dir='ltr'><strong><em>ἢν</em></strong></span> 
     </span>
     <span class='ocr_line' id='line_1_9' title="bbox 130 1120 2484 1213; baseline 0 -18"><span class='ocrx_word' id='word_1_62' title='bbox 130 1127 466 1210; x_wconf 67' lang='grc' dir='ltr'><strong><em>ἑπέσχετο</em></strong></span> <span class='ocrx_word' id='word_1_63' title='bbox 511 1129 962 1210; x_wconf 82' lang='grc' dir='ltr'><strong><em>προγαμιαίαν</em></strong></span> <span class='ocrx_word' id='word_1_64' title='bbox 1008 1124 1258 1208; x_wconf 86' lang='grc' dir='ltr'><strong><em>δωρεὰν</em></strong></span> <span class='ocrx_word' id='word_1_65' title='bbox 1305 1124 1396 1202; x_wconf 80' lang='grc' dir='ltr'><strong><em>εἷς</em></strong></span> <span class='ocrx_word' id='word_1_66' title='bbox 1427 1120 1779 1210; x_wconf 83' lang='grc' dir='ltr'><strong><em>ὁλόκληρον</em></strong></span> <span class='ocrx_word' id='word_1_67' title='bbox 1809 1122 1994 1208; x_wconf 81' lang='grc' dir='ltr'><strong><em>παρὰ</em></strong></span> <span class='ocrx_word' id='word_1_68' title='bbox 2025 1131 2141 1212; x_wconf 84' lang='grc' dir='ltr'><strong><em>τῆς</em></strong></span> <span class='ocrx_word' id='word_1_69' title='bbox 2180 1129 2484 1213; x_wconf 83' lang='grc' dir='ltr'><strong><em>γυναικὸς</em></strong></span> 
     </span>
     <span class='ocr_line' id='line_1_10' title="bbox 128 1224 2481 1314; baseline -0.001 -17"><span class='ocrx_word' id='word_1_70' title='bbox 128 1227 708 1349; x_wconf 63' lang='grc' dir='ltr'><strong><em>μεθοδεύσεται“9,</em></strong></span> <span class='ocrx_word' id='word_1_71' title='bbox 779 1224 856 1289; x_wconf 89' lang='grc' dir='ltr'><strong><em>τό</em></strong></span> <span class='ocrx_word' id='word_1_72' title='bbox 919 1249 993 1293; x_wconf 86' lang='grc' dir='ltr'><strong><em>τε</em></strong></span> <span class='ocrx_word' id='word_1_73' title='bbox 1044 1227 1280 1292; x_wconf 85' lang='grc' dir='ltr'><strong><em>λεῖπον</em></strong></span> <span class='ocrx_word' id='word_1_74' title='bbox 1298 1229 1338 1260; x_wconf 78' lang='lat'><strong><em>¹⁰</em></strong></span> <span class='ocrx_word' id='word_1_75' title='bbox 1394 1224 2017 1312; x_wconf 69' lang='grc' dir='ltr'><strong><em>μεταποιηθήσεται</em></strong></span> <span class='ocrx_word' id='word_1_76' title='bbox 2069 1230 2303 1295; x_wconf 84' lang='grc' dir='ltr'><strong><em>τοῦτον</em></strong></span> <span class='ocrx_word' id='word_1_77' title='bbox 2366 1230 2481 1294; x_wconf 84' lang='grc' dir='ltr'><strong><em>τὸν</em></strong></span> 
     </span>
     <span class='ocr_line' id='line_1_11' title="bbox 130 1319 2486 1416; baseline -0 -20"><span class='ocrx_word' id='word_1_78' title='bbox 130 1331 416 1416; x_wconf 78' lang='grc' dir='ltr'><strong><em>τρόπον,</em></strong></span> <span class='ocrx_word' id='word_1_79' title='bbox 467 1324 643 1394; x_wconf 85' lang='grc' dir='ltr'><strong><em>ω’στε</em></strong></span> <span class='ocrx_word' id='word_1_80' title='bbox 684 1323 805 1404; x_wconf 79' lang='grc' dir='ltr'><strong><em>τὰς</em></strong></span> <span class='ocrx_word' id='word_1_81' title='bbox 844 1326 965 1409; x_wconf 82' lang='grc' dir='ltr'><strong><em>μὲν</em></strong></span> <span class='ocrx_word' id='word_1_82' title='bbox 1010 1320 1203 1392; x_wconf 81' lang='grc' dir='ltr'><strong><em>ὂκτιὺ</em></strong></span> <span class='ocrx_word' id='word_1_83' title='bbox 1224 1319 1487 1410; x_wconf 80' lang='grc' dir='ltr'><strong><em>οὖγκίας</em></strong></span> <span class='ocrx_word' id='word_1_84' title='bbox 1525 1322 1678 1412; x_wconf 83' lang='grc' dir='ltr'><strong><em>ἤτοι</em></strong></span> <span class='ocrx_word' id='word_1_85' title='bbox 1719 1325 1796 1391; x_wconf 89' lang='grc' dir='ltr'><strong><em>τὸ</em></strong></span> <span class='ocrx_word' id='word_1_86' title='bbox 1837 1322 2041 1412; x_wconf 76' lang='grc' dir='ltr'><strong><em>ἥμισυ</em></strong></span> <span class='ocrx_word' id='word_1_87' title='bbox 2087 1328 2270 1396; x_wconf 79' lang='grc' dir='ltr'><strong><em>ἐκτον</em></strong></span> <span class='ocrx_word' id='word_1_88' title='bbox 2297 1336 2486 1413; x_wconf 82' lang='grc' dir='ltr'><strong><em>κομί-</em></strong></span> 
     </span>
     <span class='ocr_line' id='line_1_12' title="bbox 132 1420 2482 1517; baseline -0.002 -18"><span class='ocrx_word' id='word_1_89' title='bbox 132 1438 406 1499; x_wconf 87' lang='grc' dir='ltr'><strong><em>σασθαι</em></strong></span> <span class='ocrx_word' id='word_1_90' title='bbox 465 1427 548 1495; x_wconf 86' lang='grc' dir='ltr'><strong><em>τὸ</em></strong></span> <span class='ocrx_word' id='word_1_91' title='bbox 601 1432 826 1493; x_wconf 82' lang='grc' dir='ltr'><strong><em>τέκνον</em></strong></span> <span class='ocrx_word' id='word_1_92' title='bbox 878 1420 921 1512; x_wconf 81' lang='grc' dir='ltr'><em>ἢ</em></span> <span class='ocrx_word' id='word_1_93' title='bbox 974 1426 1059 1493; x_wconf 84' lang='grc' dir='ltr'><strong><em>τὰ</em></strong></span> <span class='ocrx_word' id='word_1_94' title='bbox 1112 1431 1304 1493; x_wconf 85' lang='grc' dir='ltr'><strong><em>τέκνα</em></strong></span> <span class='ocrx_word' id='word_1_95' title='bbox 1362 1423 1618 1511; x_wconf 84' lang='grc' dir='ltr'><strong><em>όσαπερ</em></strong></span> <span class='ocrx_word' id='word_1_96' title='bbox 1676 1421 1756 1493; x_wconf 74' lang='grc' dir='ltr'><strong><em>ἂν</em></strong></span> <span class='ocrx_word' id='word_1_97' title='bbox 1802 1422 1962 1495; x_wconf 80' lang='grc' dir='ltr'><strong><em>εἶεν·</em></strong></span> <span class='ocrx_word' id='word_1_98' title='bbox 2026 1431 2134 1495; x_wconf 79' lang='grc' dir='ltr'><strong><em>καὶ</em></strong></span> <span class='ocrx_word' id='word_1_99' title='bbox 2182 1428 2240 1496; x_wconf 79' lang='grc' dir='ltr'><strong><em>εί</em></strong></span> <span class='ocrx_word' id='word_1_100' title='bbox 2280 1431 2400 1514; x_wconf 77' lang='grc' dir='ltr'><strong><em>μὲν</em></strong></span> <span class='ocrx_word' id='word_1_101' title='bbox 2441 1429 2482 1517; x_wconf 82' lang='grc' dir='ltr'><em>ἦ</em></span> 
     </span>
     <span class='ocr_line' id='line_1_13' title="bbox 132 1513 2482 1618; baseline -0.001 -18"><span class='ocrx_word' id='word_1_102' title='bbox 132 1533 395 1600; x_wconf 78' lang='grc' dir='ltr'><strong><em>τούτων</em></strong></span> <span class='ocrx_word' id='word_1_103' title='bbox 449 1528 664 1616; x_wconf 81' lang='grc' dir='ltr'><strong><em>μήτηρ</em></strong></span> <span class='ocrx_word' id='word_1_104' title='bbox 722 1525 960 1611; x_wconf 86' lang='grc' dir='ltr'><strong><em>σεμνὸν</em></strong></span> <span class='ocrx_word' id='word_1_105' title='bbox 1014 1530 1123 1593; x_wconf 76' lang='grc' dir='ltr'><strong><em>καὶ</em></strong></span> <span class='ocrx_word' id='word_1_106' title='bbox 1182 1513 1413 1596; x_wconf 72' lang='grc' dir='ltr'><strong><em>ἔνθεον</em></strong></span> <span class='ocrx_word' id='word_1_107' title='bbox 1471 1528 1822 1614; x_wconf 77' lang='grc' dir='ltr'><strong><em>αἱρουμένη</em></strong></span> <span class='ocrx_word' id='word_1_108' title='bbox 1882 1534 2031 1613; x_wconf 84' lang='grc' dir='ltr'><strong><em>βίον</em></strong></span> <span class='ocrx_word' id='word_1_109' title='bbox 2087 1524 2482 1618; x_wconf 67' lang='grc' dir='ltr'><strong><em>εὐλαβηθείη</em></strong></span> 
     </span>
     <span class='ocr_line' id='line_1_14' title="bbox 136 1623 2485 1718; baseline -0.001 -18"><span class='ocrx_word' id='word_1_110' title='bbox 136 1636 479 1718; x_wconf 81' lang='grc' dir='ltr'><strong><em>δευτέροις</em></strong></span> <span class='ocrx_word' id='word_1_111' title='bbox 524 1625 843 1714; x_wconf 82' lang='grc' dir='ltr'><strong><em>ὁμιλῆσαι</em></strong></span> <span class='ocrx_word' id='word_1_112' title='bbox 882 1627 1136 1713; x_wconf 82' lang='grc' dir='ltr'><strong><em>γάμοις,</em></strong></span> <span class='ocrx_word' id='word_1_113' title='bbox 1182 1633 1299 1715; x_wconf 85' lang='grc' dir='ltr'><strong><em>τῆς</em></strong></span> <span class='ocrx_word' id='word_1_114' title='bbox 1338 1657 1412 1698; x_wconf 91' lang='grc' dir='ltr'><strong><em>τε</em></strong></span> <span class='ocrx_word' id='word_1_115' title='bbox 1439 1636 1638 1708; x_wconf 88' lang='grc' dir='ltr'><strong><em>θείας</em></strong></span> <span class='ocrx_word' id='word_1_116' title='bbox 1668 1623 2002 1714; x_wconf 75' lang='grc' dir='ltr'><strong><em>εὐμενείας</em></strong></span> <span class='ocrx_word' id='word_1_117' title='bbox 2043 1632 2485 1716; x_wconf 85' lang='grc' dir='ltr'><strong><em>παραπολαύ-</em></strong></span> 
     </span>
     <span class='ocr_line' id='line_1_15' title="bbox 136 1726 2485 1818; baseline -0.001 -19"><span class='ocrx_word' id='word_1_118' title='bbox 136 1759 239 1803; x_wconf 85' lang='grc' dir='ltr'><strong><em>σει</em></strong></span> <span class='ocrx_word' id='word_1_119' title='bbox 257 1739 317 1813; x_wconf 74' lang='lat'><strong><em>¹⁷,</em></strong></span> <span class='ocrx_word' id='word_1_120' title='bbox 367 1736 486 1799; x_wconf 81' lang='grc' dir='ltr'><strong><em>καὶ</em></strong></span> <span class='ocrx_word' id='word_1_121' title='bbox 527 1729 645 1816; x_wconf 86' lang='grc' dir='ltr'><strong><em>τὴν</em></strong></span> <span class='ocrx_word' id='word_1_122' title='bbox 685 1731 918 1816; x_wconf 84' lang='grc' dir='ltr'><strong><em>χρῆσιν</em></strong></span> <span class='ocrx_word' id='word_1_123' title='bbox 963 1730 1094 1809; x_wconf 82' lang='grc' dir='ltr'><strong><em>ἐξει</em></strong></span> <span class='ocrx_word' id='word_1_124' title='bbox 1133 1734 1251 1818; x_wconf 82' lang='grc' dir='ltr'><strong><em>τῆς</em></strong></span> <span class='ocrx_word' id='word_1_125' title='bbox 1304 1731 1614 1818; x_wconf 78' lang='grc' dir='ltr'><strong><em>τοιαύτης</em></strong></span> <span class='ocrx_word' id='word_1_126' title='bbox 1667 1726 2013 1816; x_wconf 77' lang='grc' dir='ltr'><strong><em>ὑπάρξεως</em></strong></span> <span class='ocrx_word' id='word_1_127' title='bbox 2058 1731 2174 1797; x_wconf 87' lang='grc' dir='ltr'><strong><em>τὸν</em></strong></span> <span class='ocrx_word' id='word_1_128' title='bbox 2219 1729 2485 1799; x_wconf 77' lang='grc' dir='ltr'><strong><em>ἅπαντα</em></strong></span> 
     </span>
     <span class='ocr_line' id='line_1_16' title="bbox 134 1826 2483 1924; baseline -0 -26"><span class='ocrx_word' id='word_1_129' title='bbox 134 1841 249 1924; x_wconf 69' lang='grc' dir='ltr'><strong><em>τῆς</em></strong></span> <span class='ocrx_word' id='word_1_130' title='bbox 296 1837 474 1920; x_wconf 81' lang='grc' dir='ltr'><strong><em>ζωῆς</em></strong></span> <span class='ocrx_word' id='word_1_131' title='bbox 521 1826 723 1917; x_wconf 72' lang='grc' dir='ltr'><strong><em>αὐτῆς</em></strong></span> <span class='ocrx_word' id='word_1_132' title='bbox 760 1828 1022 1914; x_wconf 84' lang='grc' dir='ltr'><strong><em>χρόνον,</em></strong></span> <span class='ocrx_word' id='word_1_133' title='bbox 1085 1833 1252 1915; x_wconf 84' lang='grc' dir='ltr'><strong><em>μετὰ</em></strong></span> <span class='ocrx_word' id='word_1_134' title='bbox 1310 1832 1381 1899; x_wconf 81' lang='grc' dir='ltr'><strong><em>δὲ</em></strong></span> <span class='ocrx_word' id='word_1_135' title='bbox 1424 1832 1539 1917; x_wconf 88' lang='grc' dir='ltr'><strong><em>τὴν</em></strong></span> <span class='ocrx_word' id='word_1_136' title='bbox 1585 1827 1785 1917; x_wconf 73' lang='grc' dir='ltr'><strong><em>αὐτῆς</em></strong></span> <span class='ocrx_word' id='word_1_137' title='bbox 1829 1831 1897 1898; x_wconf 73' lang='grc' dir='ltr'><strong><em>ἐκ</em></strong></span> <span class='ocrx_word' id='word_1_138' title='bbox 1936 1833 2133 1899; x_wconf 83' lang='grc' dir='ltr'><strong><em>τοῦδε</em></strong></span> <span class='ocrx_word' id='word_1_139' title='bbox 2172 1836 2289 1898; x_wconf 80' lang='grc' dir='ltr'><strong><em>τοῦ</em></strong></span> <span class='ocrx_word' id='word_1_140' title='bbox 2332 1839 2483 1917; x_wconf 86' lang='grc' dir='ltr'><strong><em>βίου</em></strong></span> 
     </span>
     <span class='ocr_line' id='line_1_17' title="bbox 139 1929 2484 2024; baseline -0.002 -21"><span class='ocrx_word' id='word_1_141' title='bbox 139 1936 377 2024; x_wconf 77' lang='grc' dir='ltr'><strong><em>ἄφιξιν</em></strong></span> <span class='ocrx_word' id='word_1_142' title='bbox 420 1931 666 2019; x_wconf 84' lang='grc' dir='ltr'><strong><em>ταύτης</em></strong></span> <span class='ocrx_word' id='word_1_143' title='bbox 708 1932 776 1997; x_wconf 78' lang='grc' dir='ltr'><strong><em>οἱ</em></strong></span> <span class='ocrx_word' id='word_1_144' title='bbox 817 1931 1058 2010; x_wconf 86' lang='grc' dir='ltr'><strong><em>παῖδες</em></strong></span> <span class='ocrx_word' id='word_1_145' title='bbox 1098 1937 1482 2017; x_wconf 82' lang='grc' dir='ltr'><strong><em>μεριοῦνται</em></strong></span> <span class='ocrx_word' id='word_1_146' title='bbox 1537 1929 1627 2010; x_wconf 79' lang='grc' dir='ltr'><strong><em>ὥς</em></strong></span> <span class='ocrx_word' id='word_1_147' title='bbox 1677 1935 1995 2019; x_wconf 71' lang='grc' dir='ltr'><strong><em>πατρῴαν</em></strong></span> <span class='ocrx_word' id='word_1_148' title='bbox 2040 1932 2111 2011; x_wconf 79' lang='grc' dir='ltr'><strong><em>ἐξ</em></strong></span> <span class='ocrx_word' id='word_1_149' title='bbox 2154 1930 2484 2019; x_wconf 83' lang='grc' dir='ltr'><strong><em>ἰσότητος·</em></strong></span> 
     </span>
     <span class='ocr_line' id='line_1_18' title="bbox 140 2028 2486 2120; baseline -0.003 -16"><span class='ocrx_word' id='word_1_150' title='bbox 140 2038 195 2104; x_wconf 75' lang='grc' dir='ltr'><strong><em>εἰ</em></strong></span> <span class='ocrx_word' id='word_1_151' title='bbox 237 2039 315 2103; x_wconf 79' lang='grc' dir='ltr'><strong><em>δὲ</em></strong></span> <span class='ocrx_word' id='word_1_152' title='bbox 361 2031 1017 2120; x_wconf 84' lang='grc' dir='ltr'><strong><em>παραφυλαττούσης</em></strong></span> <span class='ocrx_word' id='word_1_153' title='bbox 1071 2028 1272 2118; x_wconf 78' lang='grc' dir='ltr'><strong><em>αὐτῆς</em></strong></span> <span class='ocrx_word' id='word_1_154' title='bbox 1325 2033 1441 2100; x_wconf 84' lang='grc' dir='ltr'><strong><em>τὸν</em></strong></span> <span class='ocrx_word' id='word_1_155' title='bbox 1498 2039 1833 2116; x_wconf 83' lang='grc' dir='ltr'><strong><em>πένθιμον</em></strong></span> <span class='ocrx_word' id='word_1_156' title='bbox 1888 2032 2117 2116; x_wconf 80' lang='grc' dir='ltr'><strong><em>καιρὸν</em></strong></span> <span class='ocrx_word' id='word_1_157' title='bbox 2171 2031 2321 2118; x_wconf 84' lang='grc' dir='ltr'><strong><em>ἤτοι</em></strong></span> <span class='ocrx_word' id='word_1_158' title='bbox 2372 2032 2486 2096; x_wconf 87' lang='grc' dir='ltr'><strong><em>τὸν</em></strong></span> 
     </span>
     <span class='ocr_line' id='line_1_19' title="bbox 140 2131 2488 2223; baseline -0.003 -17"><span class='ocrx_word' id='word_1_159' title='bbox 140 2141 716 2223; x_wconf 80' lang='grc' dir='ltr'><strong><em>δωδεκαμηνιαῖον</em></strong></span> <span class='ocrx_word' id='word_1_160' title='bbox 775 2132 1008 2217; x_wconf 83' lang='grc' dir='ltr'><strong><em>χρόνον</em></strong></span> <span class='ocrx_word' id='word_1_161' title='bbox 1074 2132 1293 2220; x_wconf 86' lang='grc' dir='ltr'><strong><em>δεήσει</em></strong></span> <span class='ocrx_word' id='word_1_162' title='bbox 1359 2132 1529 2218; x_wconf 83' lang='grc' dir='ltr'><strong><em>πρὸς</em></strong></span> <span class='ocrx_word' id='word_1_163' title='bbox 1594 2132 1896 2217; x_wconf 85' lang='grc' dir='ltr'><strong><em>δεύτερον</em></strong></span> <span class='ocrx_word' id='word_1_164' title='bbox 1956 2131 2195 2218; x_wconf 79' lang='grc' dir='ltr'><strong><em>ταύτην</em></strong></span> <span class='ocrx_word' id='word_1_165' title='bbox 2262 2132 2488 2198; x_wconf 77' lang='grc' dir='ltr'><strong><em>ἐλθεῖν</em></strong></span> 
     </span>
     <span class='ocr_line' id='line_1_20' title="bbox 142 2227 2488 2320; baseline -0.004 -13"><span class='ocrx_word' id='word_1_166' title='bbox 142 2245 581 2315; x_wconf 80' lang='grc' dir='ltr'><strong><em>συνοικέσιον,</em></strong></span> <span class='ocrx_word' id='word_1_167' title='bbox 627 2273 715 2283; x_wconf 86' lang='lat'><strong><em>·-</em></strong></span> <span class='ocrx_word' id='word_1_168' title='bbox 759 2231 987 2300; x_wconf 74' lang='grc' dir='ltr'><strong><em>ἄδειαν</em></strong></span> <span class='ocrx_word' id='word_1_169' title='bbox 1043 2234 1167 2319; x_wconf 83' lang='grc' dir='ltr'><strong><em>γὰρ</em></strong></span> <span class='ocrx_word' id='word_1_170' title='bbox 1222 2229 1386 2320; x_wconf 74' lang='grc' dir='ltr'><strong><em>αὐτῇ</em></strong></span> <span class='ocrx_word' id='word_1_171' title='bbox 1443 2229 1480 2298; x_wconf 88' lang='lat'><strong><em>5</em></strong></span> <span class='ocrx_word' id='word_1_172' title='bbox 1536 2230 1770 2318; x_wconf 78' lang='grc' dir='ltr'><strong><em>παρὼν</em></strong></span> <span class='ocrx_word' id='word_1_173' title='bbox 1825 2232 2097 2298; x_wconf 87' lang='grc' dir='ltr'><strong><em>δίδωσιν</em></strong></span> <span class='ocrx_word' id='word_1_174' title='bbox 2154 2230 2353 2315; x_wconf 88' lang='grc' dir='ltr'><strong><em>νόμος</em></strong></span> <span class='ocrx_word' id='word_1_175' title='bbox 2398 2227 2488 2310; x_wconf 79' lang='grc' dir='ltr'><strong><em>ὥς</em></strong></span> 
     </span>
     <span class='ocr_line' id='line_1_21' title="bbox 140 2329 2486 2427; baseline -0.004 -20"><span class='ocrx_word' id='word_1_176' title='bbox 140 2338 500 2427; x_wconf 64' lang='grc' dir='ltr'><strong><em>ήδικημέηη</em></strong></span> <span class='ocrx_word' id='word_1_177' title='bbox 556 2344 713 2421; x_wconf 81' lang='grc' dir='ltr'><strong><em>περὶ</em></strong></span> <span class='ocrx_word' id='word_1_178' title='bbox 768 2334 885 2421; x_wconf 90' lang='grc' dir='ltr'><strong><em>τὴν</em></strong></span> <span class='ocrx_word' id='word_1_179' title='bbox 941 2329 1131 2422; x_wconf 75' lang='grc' dir='ltr'><strong><em>εὐνὴν</em></strong></span> <span class='ocrx_word' id='word_1_180' title='bbox 1170 2372 1272 2414; x_wconf 89' lang='lat'><strong><em>--‚</em></strong></span> <span class='ocrx_word' id='word_1_181' title='bbox 1318 2333 1435 2420; x_wconf 87' lang='grc' dir='ltr'><strong><em>τὴν</em></strong></span> <span class='ocrx_word' id='word_1_182' title='bbox 1478 2335 1599 2418; x_wconf 80' lang='grc' dir='ltr'><strong><em>μὲν</em></strong></span> <span class='ocrx_word' id='word_1_183' title='bbox 1643 2343 1890 2418; x_wconf 87' lang='grc' dir='ltr'><strong><em>προῖκα</em></strong></span> <span class='ocrx_word' id='word_1_184' title='bbox 1943 2332 2060 2420; x_wconf 86' lang='grc' dir='ltr'><strong><em>τὴν</em></strong></span> <span class='ocrx_word' id='word_1_185' title='bbox 2105 2333 2336 2420; x_wconf 80' lang='grc' dir='ltr'><strong><em>ἑαυτῆς</em></strong></span> <span class='ocrx_word' id='word_1_186' title='bbox 2377 2336 2486 2399; x_wconf 81' lang='grc' dir='ltr'><strong><em>καὶ</em></strong></span> 
     </span>
     <span class='ocr_line' id='line_1_22' title="bbox 140 2428 2488 2558; baseline -0.003 -49"><span class='ocrx_word' id='word_1_187' title='bbox 140 2442 252 2529; x_wconf 78' lang='grc' dir='ltr'><strong><em>τὴν</em></strong></span> <span class='ocrx_word' id='word_1_188' title='bbox 310 2437 672 2526; x_wconf 86' lang='grc' dir='ltr'><strong><em>προγάμου</em></strong></span> <span class='ocrx_word' id='word_1_189' title='bbox 731 2435 1017 2558; x_wconf 81' lang='grc' dir='ltr'><strong><em>λήψεται</em></strong></span> <span class='ocrx_word' id='word_1_190' title='bbox 1077 2435 1326 2522; x_wconf 82' lang='grc' dir='ltr'><strong><em>δωρεὰν</em></strong></span> <span class='ocrx_word' id='word_1_191' title='bbox 1382 2437 1490 2502; x_wconf 81' lang='grc' dir='ltr'><strong><em>καὶ</em></strong></span> <span class='ocrx_word' id='word_1_192' title='bbox 1548 2432 1720 2521; x_wconf 82' lang='grc' dir='ltr'><strong><em>πρὸς</em></strong></span> <span class='ocrx_word' id='word_1_193' title='bbox 1782 2433 1897 2500; x_wconf 86' lang='grc' dir='ltr'><strong><em>τὸν</em></strong></span> <span class='ocrx_word' id='word_1_194' title='bbox 1956 2432 2257 2536; x_wconf 85' lang='grc' dir='ltr'><strong><em>δεύτερον</em></strong></span> <span class='ocrx_word' id='word_1_195' title='bbox 2319 2428 2488 2502; x_wconf 85' lang='grc' dir='ltr'><strong><em>άπε-</em></strong></span> 
     </span>
     <span class='ocr_line' id='line_1_23' title="bbox 142 2518 2488 2625; baseline -0.006 -12"><span class='ocrx_word' id='word_1_196' title='bbox 142 2544 453 2612; x_wconf 83' lang='grc' dir='ltr'><strong><em>λεύσεται</em></strong></span> <span class='ocrx_word' id='word_1_197' title='bbox 497 2538 725 2623; x_wconf 86' lang='grc' dir='ltr'><strong><em>ανδρα,</em></strong></span> <span class='ocrx_word' id='word_1_198' title='bbox 771 2534 811 2625; x_wconf 82' lang='grc' dir='ltr'>ἡ</span> <span class='ocrx_word' id='word_1_199' title='bbox 858 2537 930 2603; x_wconf 81' lang='grc' dir='ltr'><strong><em>δὲ</em></strong></span> <span class='ocrx_word' id='word_1_200' title='bbox 973 2536 1176 2623; x_wconf 86' lang='grc' dir='ltr'><strong><em>λοιπὴ</em></strong></span> <span class='ocrx_word' id='word_1_201' title='bbox 1221 2536 1518 2622; x_wconf 89' lang='grc' dir='ltr'><strong><em>ποσότης</em></strong></span> <span class='ocrx_word' id='word_1_202' title='bbox 1558 2541 1675 2622; x_wconf 83' lang='grc' dir='ltr'><strong><em>τῆς</em></strong></span> <span class='ocrx_word' id='word_1_203' title='bbox 1716 2540 1832 2602; x_wconf 83' lang='grc' dir='ltr'><strong><em>τοῦ</em></strong></span> <span class='ocrx_word' id='word_1_204' title='bbox 1877 2541 2205 2620; x_wconf 83' lang='grc' dir='ltr'><strong><em>προτέρου</em></strong></span> <span class='ocrx_word' id='word_1_205' title='bbox 2230 2518 2488 2618; x_wconf 77' lang='grc' dir='ltr'><strong><em>ἀνδρὸς</em></strong></span> 
     </span>
     <span class='ocr_line' id='line_1_24' title="bbox 145 2626 2487 2730; baseline -0.005 -18"><span class='ocrx_word' id='word_1_206' title='bbox 145 2649 562 2730; x_wconf 80' lang='grc' dir='ltr'><strong><em>περιουσίας,</em></strong></span> <span class='ocrx_word' id='word_1_207' title='bbox 611 2637 691 2717; x_wconf 79' lang='grc' dir='ltr'><strong><em>ἃς</em></strong></span> <span class='ocrx_word' id='word_1_208' title='bbox 732 2643 1117 2724; x_wconf 81' lang='grc' dir='ltr'><strong><em>προέφημεν</em></strong></span> <span class='ocrx_word' id='word_1_209' title='bbox 1162 2633 1330 2703; x_wconf 80' lang='grc' dir='ltr'><strong><em>ὀκτώ</em></strong></span> <span class='ocrx_word' id='word_1_210' title='bbox 1375 2632 1668 2723; x_wconf 82' lang='grc' dir='ltr'><strong><em>οὗγγίας,</em></strong></span> <span class='ocrx_word' id='word_1_211' title='bbox 1727 2634 2034 2721; x_wconf 82' lang='grc' dir='ltr'><strong><em>παρευθὺ</em></strong></span> <span class='ocrx_word' id='word_1_212' title='bbox 2071 2646 2215 2714; x_wconf 89' lang='grc' dir='ltr'><strong><em>τοῖς</em></strong></span> <span class='ocrx_word' id='word_1_213' title='bbox 2253 2626 2328 2701; x_wconf 74' lang='grc' dir='ltr'><strong><em>’ἐκ</em></strong></span> <span class='ocrx_word' id='word_1_214' title='bbox 2368 2638 2487 2701; x_wconf 79' lang='grc' dir='ltr'><strong><em>τοῦ</em></strong></span> 
     </span>
     <span class='ocr_line' id='line_1_25' title="bbox 146 2732 2490 2831; baseline -0.004 -20"><span class='ocrx_word' id='word_1_215' title='bbox 146 2751 479 2831; x_wconf 81' lang='grc' dir='ltr'><strong><em>προτέρου</em></strong></span> <span class='ocrx_word' id='word_1_216' title='bbox 525 2746 935 2807; x_wconf 84' lang='grc' dir='ltr'><strong><em>συνοικεσίου</em></strong></span> <span class='ocrx_word' id='word_1_217' title='bbox 980 2745 1217 2805; x_wconf 81' lang='grc' dir='ltr'><strong><em>παισὶν</em></strong></span> <span class='ocrx_word' id='word_1_218' title='bbox 1247 2733 1851 2826; x_wconf 80' lang='grc' dir='ltr'><strong><em>άπονεμηθήσεται.</em></strong></span> <span class='ocrx_word' id='word_1_219' title='bbox 1911 2739 2018 2803; x_wconf 81' lang='grc' dir='ltr'><strong><em>καὶ</em></strong></span> <span class='ocrx_word' id='word_1_220' title='bbox 2051 2762 2110 2803; x_wconf 92' lang='grc' dir='ltr'><strong><em>ει</em></strong></span> <span class='ocrx_word' id='word_1_221' title='bbox 2091 2732 2321 2821; x_wconf 52' lang='grc' dir='ltr'><strong><em>’(μὲν</em></strong></span> <span class='ocrx_word' id='word_1_222' title='bbox 2297 2733 2490 2803; x_wconf 83' lang='grc' dir='ltr'><strong><em>ύπει-</em></strong></span> 
     </span>
     <span class='ocr_line' id='line_1_26' title="bbox 149 2833 2488 2927; baseline -0.005 -14"><span class='ocrx_word' id='word_1_223' title='bbox 149 2870 251 2912; x_wconf 88' lang='grc' dir='ltr'><strong><em>σιν</em></strong></span> <span class='ocrx_word' id='word_1_224' title='bbox 298 2835 513 2922; x_wconf 76' lang='grc' dir='ltr'><strong><em>οὗτοι,</em></strong></span> <span class='ocrx_word' id='word_1_225' title='bbox 560 2841 800 2927; x_wconf 82' lang='grc' dir='ltr'><strong><em>ταύτης</em></strong></span> <span class='ocrx_word' id='word_1_226' title='bbox 843 2834 1390 2919; x_wconf 79' lang='grc' dir='ltr'><strong><em>ἀπολαυέτωσαν,</em></strong></span> <span class='ocrx_word' id='word_1_227' title='bbox 1440 2840 1500 2907; x_wconf 81' lang='grc' dir='ltr'><strong><em>εἰ</em></strong></span> <span class='ocrx_word' id='word_1_228' title='bbox 1542 2837 1974 2924; x_wconf 83' lang='grc' dir='ltr'><strong><em>τεθνήξονται</em></strong></span> <span class='ocrx_word' id='word_1_229' title='bbox 2019 2838 2107 2917; x_wconf 84' lang='grc' dir='ltr'><strong><em>δὲ,</em></strong></span> <span class='ocrx_word' id='word_1_230' title='bbox 2155 2833 2193 2923; x_wconf 86' lang='grc' dir='ltr'><strong><em>ή</em></strong></span> <span class='ocrx_word' id='word_1_231' title='bbox 2238 2836 2488 2903; x_wconf 86' lang='grc' dir='ltr'><strong><em>τούτων</em></strong></span> 
     </span>
     <span class='ocr_line' id='line_1_27' title="bbox 149 2933 2489 3034; baseline -0.006 -20"><span class='ocrx_word' id='word_1_232' title='bbox 149 2949 552 3034; x_wconf 77' lang='grc' dir='ltr'><strong><em>κληρονομία</em></strong></span> <span class='ocrx_word' id='word_1_233' title='bbox 616 2943 712 3021; x_wconf 78' lang='grc' dir='ltr'><strong><em>εἷς</em></strong></span> <span class='ocrx_word' id='word_1_234' title='bbox 774 2941 890 3029; x_wconf 82' lang='grc' dir='ltr'><strong><em>τὴν</em></strong></span> <span class='ocrx_word' id='word_1_235' title='bbox 942 2946 1190 3028; x_wconf 81' lang='grc' dir='ltr'><strong><em>μητέρα</em></strong></span> <span class='ocrx_word' id='word_1_236' title='bbox 1208 2944 1249 2976; x_wconf 81' lang='lat'><strong><em>¹⁸</em></strong></span> <span class='ocrx_word' id='word_1_237' title='bbox 1318 2940 1916 3022; x_wconf 73' lang='grc' dir='ltr'><strong><em>ἐπανάδραμεῖται,</em></strong></span> <span class='ocrx_word' id='word_1_238' title='bbox 1982 2940 2089 3003; x_wconf 85' lang='grc' dir='ltr'><strong><em>καὶ</em></strong></span> <span class='ocrx_word' id='word_1_239' title='bbox 2157 2933 2347 3004; x_wconf 72' lang='grc' dir='ltr'><strong><em>οὐδὲν</em></strong></span> <span class='ocrx_word' id='word_1_240' title='bbox 2411 2936 2489 3001; x_wconf 87' lang='grc' dir='ltr'><strong><em>τὸ</em></strong></span> 
     </span>
     <span class='ocr_line' id='line_1_28' title="bbox 154 3036 2490 3132; baseline -0.005 -19"><span class='ocrx_word' id='word_1_241' title='bbox 154 3047 479 3132; x_wconf 82' lang='grc' dir='ltr'><strong><em>παράπαν</em></strong></span> <span class='ocrx_word' id='word_1_242' title='bbox 539 3045 610 3124; x_wconf 70' lang='grc' dir='ltr'><strong><em>ἐξ</em></strong></span> <span class='ocrx_word' id='word_1_243' title='bbox 665 3038 864 3130; x_wconf 79' lang='grc' dir='ltr'><strong><em>αὐτῆς</em></strong></span> <span class='ocrx_word' id='word_1_244' title='bbox 919 3037 954 3108; x_wconf 89' lang='lat'><em>5</em></span> <span class='ocrx_word' id='word_1_245' title='bbox 1012 3037 1388 3126; x_wconf 62' lang='grc' dir='ltr'><strong><em>άθέσμως99</em></strong></span> <span class='ocrx_word' id='word_1_246' title='bbox 1433 3039 1550 3105; x_wconf 89' lang='grc' dir='ltr'><strong><em>τὸν</em></strong></span> <span class='ocrx_word' id='word_1_247' title='bbox 1592 3037 1802 3125; x_wconf 88' lang='grc' dir='ltr'><strong><em>γάμον</em></strong></span> <span class='ocrx_word' id='word_1_248' title='bbox 1846 3036 2163 3115; x_wconf 86' lang='grc' dir='ltr'><strong><em>διαλύσας</em></strong></span> <span class='ocrx_word' id='word_1_249' title='bbox 2205 3036 2490 3123; x_wconf 82' lang='grc' dir='ltr'><strong><em>λήψεται</em></strong></span> 
     </span>
     <span class='ocr_line' id='line_1_29' title="bbox 157 3133 2492 3235; baseline -0.007 -20"><span class='ocrx_word' id='word_1_250' title='bbox 157 3174 391 3235; x_wconf 81' lang='grc' dir='ltr'><strong><em>πατηρ.</em></strong></span> <span class='ocrx_word' id='word_1_251' title='bbox 487 3172 544 3214; x_wconf 81' lang='grc' dir='ltr'><strong><em>ει</em></strong></span> <span class='ocrx_word' id='word_1_252' title='bbox 591 3146 665 3211; x_wconf 84' lang='grc' dir='ltr'><strong><em>δέ</em></strong></span> <span class='ocrx_word' id='word_1_253' title='bbox 706 3169 778 3230; x_wconf 87' lang='grc' dir='ltr'><strong><em>γε</em></strong></span> <span class='ocrx_word' id='word_1_254' title='bbox 820 3141 1327 3229; x_wconf 84' lang='grc' dir='ltr'><strong><em>προτελευτήσει</em></strong></span> <span class='ocrx_word' id='word_1_255' title='bbox 1368 3136 1407 3227; x_wconf 88' lang='grc' dir='ltr'><strong><em>ή</em></strong></span> <span class='ocrx_word' id='word_1_256' title='bbox 1463 3139 1706 3226; x_wconf 87' lang='grc' dir='ltr'><strong><em>μήτηρ,</em></strong></span> <span class='ocrx_word' id='word_1_257' title='bbox 1770 3133 2079 3224; x_wconf 73' lang='grc' dir='ltr'><strong><em>ἀλλήλοις</em></strong></span> <span class='ocrx_word' id='word_1_258' title='bbox 2132 3161 2492 3221; x_wconf 86' lang='grc' dir='ltr'><strong><em>παραπεμ-</em></strong></span> 
     </span>
     <span class='ocr_line' id='line_1_30' title="bbox 158 3230 2491 3334; baseline -0.007 -19"><span class='ocrx_word' id='word_1_259' title='bbox 158 3257 466 3315; x_wconf 79' lang='grc' dir='ltr'><strong><em>πέτωσαν</em></strong></span> <span class='ocrx_word' id='word_1_260' title='bbox 524 3246 643 3334; x_wconf 86' lang='grc' dir='ltr'><strong><em>τὴν</em></strong></span> <span class='ocrx_word' id='word_1_261' title='bbox 696 3248 1128 3333; x_wconf 86' lang='grc' dir='ltr'><strong><em>κληρονομίαν</em></strong></span> <span class='ocrx_word' id='word_1_262' title='bbox 1188 3244 1251 3310; x_wconf 79' lang='grc' dir='ltr'><strong><em>οἱ</em></strong></span> <span class='ocrx_word' id='word_1_263' title='bbox 1307 3243 1581 3320; x_wconf 83' lang='grc' dir='ltr'><strong><em>παῖδες·</em></strong></span> <span class='ocrx_word' id='word_1_264' title='bbox 1641 3241 1699 3308; x_wconf 84' lang='grc' dir='ltr'><strong><em>εί</em></strong></span> <span class='ocrx_word' id='word_1_265' title='bbox 1758 3240 1831 3305; x_wconf 83' lang='grc' dir='ltr'><strong><em>δέ</em></strong></span> <span class='ocrx_word' id='word_1_266' title='bbox 1871 3264 1942 3323; x_wconf 89' lang='grc' dir='ltr'><strong><em>γε</em></strong></span> <span class='ocrx_word' id='word_1_267' title='bbox 1986 3235 2231 3314; x_wconf 86' lang='grc' dir='ltr'><strong><em>πάντες</em></strong></span> <span class='ocrx_word' id='word_1_268' title='bbox 2276 3230 2491 3300; x_wconf 77' lang='grc' dir='ltr'><strong><em>αυτιῦν</em></strong></span> 
     </span>
     <span class='ocr_line' id='line_1_31' title="bbox 158 3338 2498 3470; baseline -0.007 -53"><span class='ocrx_word' id='word_1_269' title='bbox 158 3349 635 3470; x_wconf 69' lang='grc' dir='ltr'><strong><em>τελευτήσωσιν</em></strong></span> <span class='ocrx_word' id='word_1_270' title='bbox 677 3373 787 3413; x_wconf 88' lang='grc' dir='ltr'><strong><em>και</em></strong></span> <span class='ocrx_word' id='word_1_271' title='bbox 831 3347 929 3414; x_wconf 70' lang='grc' dir='ltr'><strong><em>ἔτι</em></strong></span> <span class='ocrx_word' id='word_1_272' title='bbox 970 3352 1310 3431; x_wconf 80' lang='grc' dir='ltr'><strong><em>περίεστιν</em></strong></span> <span class='ocrx_word' id='word_1_273' title='bbox 1355 3339 1390 3410; x_wconf 89' lang='lat'><strong><em>5</em></strong></span> <span class='ocrx_word' id='word_1_274' title='bbox 1436 3342 1677 3431; x_wconf 87' lang='grc' dir='ltr'><strong><em>πατὴρ,</em></strong></span> <span class='ocrx_word' id='word_1_275' title='bbox 1722 3338 1760 3429; x_wconf 90' lang='grc' dir='ltr'><strong><em>ή</em></strong></span> <span class='ocrx_word' id='word_1_276' title='bbox 1806 3339 1924 3406; x_wconf 81' lang='grc' dir='ltr'><strong><em>τού</em></strong></span> <span class='ocrx_word' id='word_1_277' title='bbox 1927 3365 2057 3405; x_wconf 89' lang='grc' dir='ltr'><strong><em>των</em></strong></span> <span class='ocrx_word' id='word_1_278' title='bbox 2099 3339 2498 3423; x_wconf 86' lang='grc' dir='ltr'><strong><em>κληρονομία</em></strong></span> 
     </span>
     <span class='ocr_line' id='line_1_32' title="bbox 161 3437 2489 3536; baseline -0.007 -17"><span class='ocrx_word' id='word_1_279' title='bbox 161 3452 249 3532; x_wconf 79' lang='grc' dir='ltr'><strong><em>εἷς</em></strong></span> <span class='ocrx_word' id='word_1_280' title='bbox 290 3451 451 3530; x_wconf 77' lang='grc' dir='ltr'><strong><em>τοὺς</em></strong></span> <span class='ocrx_word' id='word_1_281' title='bbox 492 3448 837 3536; x_wconf 79' lang='grc' dir='ltr'><strong><em>μητρῴους</em></strong></span> <span class='ocrx_word' id='word_1_282' title='bbox 880 3443 1095 3515; x_wconf 79' lang='grc' dir='ltr'><strong><em>αὐτῶν</em></strong></span> <span class='ocrx_word' id='word_1_283' title='bbox 1146 3457 1474 3533; x_wconf 77' lang='grc' dir='ltr'><strong><em>συγγενεῖς</em></strong></span> <span class='ocrx_word' id='word_1_284' title='bbox 1527 3448 1983 3529; x_wconf 79' lang='grc' dir='ltr'><strong><em>περιερχέσθω</em></strong></span> <span class='ocrx_word' id='word_1_285' title='bbox 2025 3438 2192 3506; x_wconf 81' lang='grc' dir='ltr'><strong><em>κατὰ</em></strong></span> <span class='ocrx_word' id='word_1_286' title='bbox 2232 3437 2348 3527; x_wconf 85' lang='grc' dir='ltr'><strong><em>τὴν</em></strong></span> <span class='ocrx_word' id='word_1_287' title='bbox 2395 3438 2489 3504; x_wconf 80' lang='grc' dir='ltr'><strong><em>ἐν·</em></strong></span> 
     </span>
     <span class='ocr_line' id='line_1_33' title="bbox 162 3537 2496 3639; baseline -0.008 -17"><span class='ocrx_word' id='word_1_288' title='bbox 162 3579 357 3639; x_wconf 85' lang='grc' dir='ltr'><strong><em>νομον</em></strong></span> <span class='ocrx_word' id='word_1_289' title='bbox 386 3556 525 3619; x_wconf 80' lang='grc' dir='ltr'><strong><em>τῶν</em></strong></span> <span class='ocrx_word' id='word_1_290' title='bbox 551 3553 842 3638; x_wconf 81' lang='grc' dir='ltr'><strong><em>βαθμῶν</em></strong></span> <span class='ocrx_word' id='word_1_291' title='bbox 869 3548 1256 3634; x_wconf 79' lang='grc' dir='ltr'><strong><em>οἰκειότητα,</em></strong></span> <span class='ocrx_word' id='word_1_292' title='bbox 1303 3549 1410 3613; x_wconf 83' lang='grc' dir='ltr'><strong><em>καὶ</em></strong></span> <span class='ocrx_word' id='word_1_293' title='bbox 1444 3548 1648 3633; x_wconf 82' lang='grc' dir='ltr'><strong><em>μηδὲν</em></strong></span> <span class='ocrx_word' id='word_1_294' title='bbox 1679 3545 1750 3625; x_wconf 75' lang='grc' dir='ltr'><strong><em>ἐξ</em></strong></span> <span class='ocrx_word' id='word_1_295' title='bbox 1790 3539 1988 3629; x_wconf 76' lang='grc' dir='ltr'><strong><em>αὐτῆς</em></strong></span> <span class='ocrx_word' id='word_1_296' title='bbox 2015 3540 2178 3626; x_wconf 85' lang='grc' dir='ltr'><strong><em>μήτε</em></strong></span> <span class='ocrx_word' id='word_1_297' title='bbox 2207 3537 2244 3606; x_wconf 90' lang='lat'><strong><em>5</em></strong></span> <span class='ocrx_word' id='word_1_298' title='bbox 2277 3538 2496 3623; x_wconf 86' lang='grc' dir='ltr'><strong><em>πατὴρ</em></strong></span> 
     </span>
     <span class='ocr_line' id='line_1_34' title="bbox 162 3640 2500 3742; baseline -0.008 -21"><span class='ocrx_word' id='word_1_299' title='bbox 162 3655 316 3742; x_wconf 82' lang='grc' dir='ltr'><strong><em>μήτε</em></strong></span> <span class='ocrx_word' id='word_1_300' title='bbox 374 3655 440 3721; x_wconf 80' lang='grc' dir='ltr'><strong><em>οἱ</em></strong></span> <span class='ocrx_word' id='word_1_301' title='bbox 494 3652 736 3718; x_wconf 88' lang='grc' dir='ltr'><strong><em>τούτου</em></strong></span> <span class='ocrx_word' id='word_1_302' title='bbox 793 3662 1120 3737; x_wconf 85' lang='grc' dir='ltr'><strong><em>συγγενεῖς</em></strong></span> <span class='ocrx_word' id='word_1_303' title='bbox 1170 3650 1695 3733; x_wconf 83' lang='grc' dir='ltr'><strong><em>κομιζέσθωσαν.</em></strong></span> <span class='ocrx_word' id='word_1_304' title='bbox 1786 3646 1843 3713; x_wconf 83' lang='grc' dir='ltr'><strong><em>εἰ</em></strong></span> <span class='ocrx_word' id='word_1_305' title='bbox 1902 3645 1972 3710; x_wconf 80' lang='grc' dir='ltr'><strong><em>δὲ</em></strong></span> <span class='ocrx_word' id='word_1_306' title='bbox 2027 3646 2136 3709; x_wconf 82' lang='grc' dir='ltr'><strong><em>καὶ</em></strong></span> <span class='ocrx_word' id='word_1_307' title='bbox 2189 3640 2322 3726; x_wconf 86' lang='grc' dir='ltr'><strong><em>πρὸ</em></strong></span> <span class='ocrx_word' id='word_1_308' title='bbox 2366 3642 2500 3703; x_wconf 82' lang='grc' dir='ltr'><strong><em>τῶν</em></strong></span> 
     </span>
     <span class='ocr_line' id='line_1_35' title="bbox 165 3739 2498 3840; baseline -0.009 -17"><span class='ocrx_word' id='word_1_309' title='bbox 165 3756 395 3823; x_wconf 77' lang='grc' dir='ltr'><strong><em>ἑαυτοῦ</em></strong></span> <span class='ocrx_word' id='word_1_310' title='bbox 428 3755 697 3821; x_wconf 85' lang='grc' dir='ltr'><strong><em>παίδων</em></strong></span> <span class='ocrx_word' id='word_1_311' title='bbox 729 3747 1204 3840; x_wconf 67' lang='grc' dir='ltr'><strong><em>ἐτελεύτησεν’</em></strong></span> <span class='ocrx_word' id='word_1_312' title='bbox 1171 3778 1207 3818; x_wconf 94' lang='grc' dir='ltr'><strong><em>ο</em></strong></span> <span class='ocrx_word' id='word_1_313' title='bbox 1237 3751 1478 3839; x_wconf 88' lang='grc' dir='ltr'><strong><em>πατὴρ,</em></strong></span> <span class='ocrx_word' id='word_1_314' title='bbox 1524 3746 2161 3835; x_wconf 77' lang='grc' dir='ltr'><strong><em>προαποιχομένης9ο</em></strong></span> <span class='ocrx_word' id='word_1_315' title='bbox 2205 3739 2294 3818; x_wconf 68' lang='grc' dir='ltr'><strong><em>(ὃς</em></strong></span> <span class='ocrx_word' id='word_1_316' title='bbox 2340 3740 2498 3824; x_wconf 70' lang='grc' dir='ltr'><strong><em>ἔφη·</em></strong></span> 
     </span>
    </p>
   </div>
   <div class='ocr_carea' id='block_1_5' title="bbox 165 3948 2506 4241">
    <p class='ocr_par' dir='ltr' id='par_1_5' title="bbox 165 3948 2506 4194">
     <span class='ocr_line' id='line_1_36' title="bbox 290 3948 2504 4026; baseline -0.01 -16"><span class='ocrx_word' id='word_1_317' title='bbox 290 3958 327 3987; x_wconf 77' lang='lat'><strong><em>¹⁵</em></strong></span> <span class='ocrx_word' id='word_1_318' title='bbox 364 3961 486 4010; x_wconf 84' lang='lat' dir='ltr'><strong>cod.</strong></span> <span class='ocrx_word' id='word_1_319' title='bbox 520 3952 1079 4026; x_wconf 77' lang='grc' dir='ltr'><strong><em>μεταθοδευτῆσεται.</em></strong></span> <span class='ocrx_word' id='word_1_320' title='bbox 1276 3957 1313 3985; x_wconf 71' lang='lat'><strong><em>¹⁶</em></strong></span> <span class='ocrx_word' id='word_1_321' title='bbox 1351 3959 1469 4009; x_wconf 86' lang='lat' dir='ltr'>Cod.</span> <span class='ocrx_word' id='word_1_322' title='bbox 1506 3950 1773 4008; x_wconf 77' lang='grc' dir='ltr'><strong><em>τουτέστι,</em></strong></span> <span class='ocrx_word' id='word_1_323' title='bbox 1812 3950 1951 4013; x_wconf 78' lang='lat' dir='ltr'>quasi</span> <span class='ocrx_word' id='word_1_324' title='bbox 1986 3948 2176 3997; x_wconf 78' lang='lat' dir='ltr'>verbum</span> <span class='ocrx_word' id='word_1_325' title='bbox 2211 3954 2504 4009; x_wconf 79' lang='grc' dir='ltr'><strong><em>μεταποιη-</em></strong></span> 
     </span>
     <span class='ocr_line' id='line_1_37' title="bbox 168 4028 2506 4110; baseline -0.008 -17"><span class='ocrx_word' id='word_1_326' title='bbox 168 4038 387 4104; x_wconf 68' lang='grc' dir='ltr'><strong><em>θήσεται</em></strong></span> <span class='ocrx_word' id='word_1_327' title='bbox 422 4044 767 4110; x_wconf 74' lang='lat' dir='ltr'>praecedentis</span> <span class='ocrx_word' id='word_1_328' title='bbox 802 4044 928 4092; x_wconf 76' lang='lat' dir='ltr'>verbi</span> <span class='ocrx_word' id='word_1_329' title='bbox 966 4044 1217 4108; x_wconf 73' lang='lat' dir='ltr'>explicatio</span> <span class='ocrx_word' id='word_1_330' title='bbox 1254 4044 1329 4093; x_wconf 74' lang='lat' dir='ltr'><strong><em>sit.</em></strong></span> <span class='ocrx_word' id='word_1_331' title='bbox 1402 4042 1497 4092; x_wconf 90' lang='lat' dir='ltr'><strong><em>Sed</em></strong></span> <span class='ocrx_word' id='word_1_332' title='bbox 1535 4038 1729 4088; x_wconf 83' lang='lat' dir='ltr'><strong>omnino</strong></span> <span class='ocrx_word' id='word_1_333' title='bbox 1766 4034 1947 4097; x_wconf 78' lang='lat' dir='ltr'>aliquid</span> <span class='ocrx_word' id='word_1_334' title='bbox 1973 4032 2123 4092; x_wconf 74' lang='lat' dir='ltr'><strong>deest,</strong></span> <span class='ocrx_word' id='word_1_335' title='bbox 2162 4028 2291 4092; x_wconf 87' lang='lat' dir='ltr'>quod</span> <span class='ocrx_word' id='word_1_336' title='bbox 2328 4028 2506 4076; x_wconf 78' lang='lat' dir='ltr'>indicet</span> 
     </span>
     <span class='ocr_line' id='line_1_38' title="bbox 165 4116 2504 4241; baseline -0.009 -63"><span class='ocrx_word' id='word_1_337' title='bbox 165 4130 253 4193; x_wconf 76' lang='lat' dir='ltr'><strong><em>jam</em></strong></span> <span class='ocrx_word' id='word_1_338' title='bbox 298 4132 358 4180; x_wconf 83' lang='lat' dir='ltr'><strong><em>de</em></strong></span> <span class='ocrx_word' id='word_1_339' title='bbox 407 4131 598 4241; x_wconf 47' lang='lat' dir='ltr'><strong>relliqua</strong></span> <span class='ocrx_word' id='word_1_340' title='bbox 644 4128 730 4177; x_wconf 74' lang='lat' dir='ltr'><strong><em>viri</em></strong></span> <span class='ocrx_word' id='word_1_341' title='bbox 781 4128 1045 4177; x_wconf 78' lang='lat' dir='ltr'>substantia</span> <span class='ocrx_word' id='word_1_342' title='bbox 1083 4129 1161 4187; x_wconf 70' lang='lat'><strong><em>(-</em></strong></span> <span class='ocrx_word' id='word_1_343' title='bbox 1203 4121 1233 4189; x_wconf 81' lang='grc' dir='ltr'><strong><em>ἧ</em></strong></span> <span class='ocrx_word' id='word_1_344' title='bbox 1271 4121 1428 4187; x_wconf 76' lang='grc' dir='ltr'><strong><em>λοιπὴ</em></strong></span> <span class='ocrx_word' id='word_1_345' title='bbox 1462 4117 1701 4183; x_wconf 79' lang='grc' dir='ltr'><strong><em>ποσότης</em></strong></span> <span class='ocrx_word' id='word_1_346' title='bbox 1734 4135 1842 4170; x_wconf 87' lang='lat' dir='ltr'><strong><em>mox</em></strong></span> <span class='ocrx_word' id='word_1_347' title='bbox 1876 4126 2070 4168; x_wconf 77' lang='lat' dir='ltr'>vocatur</span> <span class='ocrx_word' id='word_1_348' title='bbox 2108 4116 2190 4171; x_wconf 88' lang='lat'><strong><em>-)</em></strong></span> <span class='ocrx_word' id='word_1_349' title='bbox 2234 4124 2504 4163; x_wconf 79' lang='lat' dir='ltr'>sermonem</span> 
     </span>
    </p>
   </div>
   <div class='ocr_carea' id='block_1_6' title="bbox 170 4196 2507 4450">
    <p class='ocr_par' dir='ltr' id='par_1_6' title="bbox 170 4196 2507 4450">
     <span class='ocr_line' id='line_1_39' title="bbox 172 4196 2507 4280; baseline -0.011 -14"><span class='ocrx_word' id='word_1_350' title='bbox 172 4230 281 4265; x_wconf 67' lang='lat' dir='ltr'>esee.</span> <span class='ocrx_word' id='word_1_351' title='bbox 472 4213 653 4263; x_wconf 76' lang='lat' dir='ltr'><strong>⁷.Cod</strong></span> <span class='ocrx_word' id='word_1_352' title='bbox 690 4208 1131 4280; x_wconf 82' lang='grc' dir='ltr'><strong><em>παραπολαῦσαι.</em></strong></span> <span class='ocrx_word' id='word_1_353' title='bbox 1308 4210 1346 4239; x_wconf 76' lang='lat'><strong><em>&#39;⁸</em></strong></span> <span class='ocrx_word' id='word_1_354' title='bbox 1384 4214 1519 4261; x_wconf 79' lang='lat' dir='ltr'>Pater</span> <span class='ocrx_word' id='word_1_355' title='bbox 1556 4218 1602 4260; x_wconf 84' lang='lat' dir='ltr'><strong><em>et</em></strong></span> <span class='ocrx_word' id='word_1_356' title='bbox 1637 4215 1788 4258; x_wconf 79' lang='lat' dir='ltr'>mater</span> <span class='ocrx_word' id='word_1_357' title='bbox 1821 4205 1881 4254; x_wconf 79' lang='lat' dir='ltr'><strong><em>ab</em></strong></span> <span class='ocrx_word' id='word_1_358' title='bbox 1931 4204 2154 4253; x_wconf 68' lang='lat' dir='ltr'><strong>intestato</strong></span> <span class='ocrx_word' id='word_1_359' title='bbox 2191 4196 2507 4247; x_wconf 70' lang='lat' dir='ltr'><strong>succedentes</strong></span> 
     </span>
     <span class='ocr_line' id='line_1_40' title="bbox 170 4276 2504 4407; baseline -0.01 -57"><span class='ocrx_word' id='word_1_360' title='bbox 170 4302 495 4361; x_wconf 69' lang='lat' dir='ltr'><strong><em>praeferuntur</em></strong></span> <span class='ocrx_word' id='word_1_361' title='bbox 531 4298 766 4347; x_wconf 73' lang='lat' dir='ltr'><strong>fratribus</strong></span> <span class='ocrx_word' id='word_1_362' title='bbox 802 4298 1105 4347; x_wconf 75' lang='lat' dir='ltr'>sororibusve</span> <span class='ocrx_word' id='word_1_363' title='bbox 1142 4298 1391 4407; x_wconf 63' lang='lat' dir='ltr'><strong><em>defuncti¹2⁰</em></strong></span> <span class='ocrx_word' id='word_1_364' title='bbox 1390 4296 1656 4345; x_wconf 81' lang='lat' dir='ltr'>secundum</span> <span class='ocrx_word' id='word_1_365' title='bbox 1694 4291 1914 4351; x_wconf 74' lang='lat' dir='ltr'>Eclogam</span> <span class='ocrx_word' id='word_1_366' title='bbox 1949 4288 2022 4348; x_wconf 69' lang='lat' dir='ltr'><strong><em>vl,</em></strong></span> <span class='ocrx_word' id='word_1_367' title='bbox 2060 4285 2106 4334; x_wconf 83' lang='lat'><strong><em>2.</em></strong></span> <span class='ocrx_word' id='word_1_368' title='bbox 2313 4276 2350 4305; x_wconf 82' lang='lat'><strong><em>¹⁹</em></strong></span> <span class='ocrx_word' id='word_1_369' title='bbox 2388 4277 2504 4327; x_wconf 82' lang='lat' dir='ltr'><strong>cod.</strong></span> 
     </span>
     <span class='ocr_line' id='line_1_41' title="bbox 172 4360 2242 4450; baseline -0.012 -12"><span class='ocrx_word' id='word_1_370' title='bbox 172 4384 224 4432; x_wconf 76' lang='lat'><strong><em>²⁴1</em></strong></span> <span class='ocrx_word' id='word_1_371' title='bbox 259 4388 553 4450; x_wconf 72' lang='lat' dir='ltr'>marginem:</span> <span class='ocrx_word' id='word_1_372' title='bbox 594 4374 819 4444; x_wconf 72' lang='grc' dir='ltr'><strong><em>ἀδίκως,</em></strong></span> <span class='ocrx_word' id='word_1_373' title='bbox 855 4377 1205 4450; x_wconf 79' lang='grc' dir='ltr'><strong><em>παρανόμως.</em></strong></span> <span class='ocrx_word' id='word_1_374' title='bbox 1349 4378 1556 4429; x_wconf 67' lang='lat' dir='ltr'><strong><em>¹&#39;‘’ldem</em></strong></span> <span class='ocrx_word' id='word_1_375' title='bbox 1593 4378 1741 4428; x_wconf 56' lang='lat' dir='ltr'><strong>ibim:</strong></span> <span class='ocrx_word' id='word_1_376' title='bbox 1781 4360 2242 4441; x_wconf 78' lang='grc' dir='ltr'><strong><em>προαπελθούσηι·</em></strong></span> 
     </span>
    </p>
   </div>
   <div class='ocr_carea' id='block_1_7' title="bbox 2034 4451 2107 4501">
    <p class='ocr_par' dir='ltr' id='par_1_7' title="bbox 2034 4451 2107 4501">
     <span class='ocr_line' id='line_1_42' title="bbox 2034 4451 2107 4501; baseline 0 -19"><span class='ocrx_word' id='word_1_377' title='bbox 2034 4451 2107 4501; x_wconf 68' lang='grc'><strong><em>4*</em></strong></span> 
     </span>
    </p>
   </div>
  </div>
 </body>
</html>
