<?xml version="1.0" encoding="UTF-8"?>
<!DOCTYPE html PUBLIC "-//W3C//DTD XHTML 1.0 Transitional//EN"
    "http://www.w3.org/TR/xhtml1/DTD/xhtml1-transitional.dtd">
<html xmlns="http://www.w3.org/1999/xhtml" xml:lang="en" lang="en">
 <head>
  <title>
</title>
<meta http-equiv="Content-Type" content="text/html;charset=utf-8" />
  <meta name='ocr-system' content='tesseract 3.04.00' />
  <meta name='ocr-capabilities' content='ocr_page ocr_carea ocr_par ocr_line ocrx_word'/>
</head>
<body>
  <div class='ocr_page' id='page_1' title='image "./jusgraecoromanu00linggoog_0356.png"; bbox 0 0 2900 4950; ppageno 0'>
   <div class='ocr_carea' id='block_1_1' title="bbox 386 214 1932 275">
    <p class='ocr_par' dir='ltr' id='par_1_1' title="bbox 386 214 1932 275">
     <span class='ocr_line' id='line_1_1' title="bbox 386 214 1932 275; baseline -0.001 0"><span class='ocrx_word' id='word_1_1' title='bbox 386 214 510 275; x_wconf 80' lang='lat'><strong>304</strong></span> <span class='ocrx_word' id='word_1_2' title='bbox 1112 223 1230 274; x_wconf 83' lang='lat' dir='ltr'><strong>eon.</strong></span> <span class='ocrx_word' id='word_1_3' title='bbox 1270 224 1348 274; x_wconf 82' lang='grc' dir='ltr'>ΙΙΙ.</span> <span class='ocrx_word' id='word_1_4' title='bbox 1419 224 1533 274; x_wconf 67' lang='lat' dir='ltr'><strong>Nor.</strong></span> <span class='ocrx_word' id='word_1_5' title='bbox 1570 222 1723 274; x_wconf 79' lang='lat' dir='ltr'><strong>XXVI.</strong></span> <span class='ocrx_word' id='word_1_6' title='bbox 1758 221 1932 275; x_wconf 75' lang='lat' dir='ltr'><strong>xxvii.</strong></span> 
     </span>
    </p>
   </div>
   <div class='ocr_carea' id='block_1_2' title="bbox 369 363 2735 1678">
    <p class='ocr_par' dir='ltr' id='par_1_2' title="bbox 369 363 2735 1678">
     <span class='ocr_line' id='line_1_2' title="bbox 382 363 2735 464; baseline -0.003 -20"><span class='ocrx_word' id='word_1_7' title='bbox 382 373 742 462; x_wconf 74' lang='grc' dir='ltr'><strong><em>ἐκράτησαν</em></strong></span> <span class='ocrx_word' id='word_1_8' title='bbox 787 378 1215 464; x_wconf 75' lang='grc' dir='ltr'><strong><em>νομοθεσίας,</em></strong></span> <span class='ocrx_word' id='word_1_9' title='bbox 1261 366 1410 452; x_wconf 74' lang='grc' dir='ltr'><strong>οὐδ’</strong></span> <span class='ocrx_word' id='word_1_10' title='bbox 1460 366 1773 438; x_wconf 77' lang='grc' dir='ltr'>ὁπωσοῦν</span> <span class='ocrx_word' id='word_1_11' title='bbox 1817 363 1961 436; x_wconf 74' lang='grc' dir='ltr'><strong>οὐδ’</strong></span> <span class='ocrx_word' id='word_1_12' title='bbox 2014 364 2236 435; x_wconf 78' lang='grc' dir='ltr'><strong><em>ὁτιοῦν</em></strong></span> <span class='ocrx_word' id='word_1_13' title='bbox 2264 367 2546 454; x_wconf 78' lang='grc' dir='ltr'><strong><em>χρηστὸν</em></strong></span> <span class='ocrx_word' id='word_1_14' title='bbox 2578 367 2735 457; x_wconf 74' lang='grc' dir='ltr'><strong><em>ἄχρι</em></strong></span> 
     </span>
     <span class='ocr_line' id='line_1_3' title="bbox 373 465 2732 563; baseline -0.003 -19"><span class='ocrx_word' id='word_1_15' title='bbox 373 478 485 544; x_wconf 83' lang='grc' dir='ltr'><strong>καὶ</strong></span> <span class='ocrx_word' id='word_1_16' title='bbox 538 474 822 563; x_wconf 80' lang='grc' dir='ltr'><em>σήμερον</em></span> <span class='ocrx_word' id='word_1_17' title='bbox 877 477 1008 560; x_wconf 67' lang='grc' dir='ltr'><strong>τῷ5</strong></span> <span class='ocrx_word' id='word_1_18' title='bbox 1061 470 1214 540; x_wconf 76' lang='grc' dir='ltr'><strong><em>καθ’</em></strong></span> <span class='ocrx_word' id='word_1_19' title='bbox 1276 468 1450 562; x_wconf 80' lang='grc' dir='ltr'><strong><em>ἡμᾶς</em></strong></span> <span class='ocrx_word' id='word_1_20' title='bbox 1507 467 1846 559; x_wconf 76' lang='grc' dir='ltr'><strong><em>ἀπήντησε</em></strong></span> <span class='ocrx_word' id='word_1_21' title='bbox 1897 477 2056 558; x_wconf 84' lang='grc' dir='ltr'><strong><em>βίῳ,</em></strong></span> <span class='ocrx_word' id='word_1_22' title='bbox 2116 465 2284 537; x_wconf 76' lang='grc' dir='ltr'><strong><em>ἀλλὰ</em></strong></span> <span class='ocrx_word' id='word_1_23' title='bbox 2341 465 2732 538; x_wconf 75' lang='grc' dir='ltr'><strong><em>τούναντίον</em></strong></span> 
     </span>
     <span class='ocr_line' id='line_1_4' title="bbox 374 567 2731 665; baseline -0.001 -22"><span class='ocrx_word' id='word_1_24' title='bbox 374 580 723 665; x_wconf 82' lang='grc' dir='ltr'><strong><em>συμφορᾶς</em></strong></span> <span class='ocrx_word' id='word_1_25' title='bbox 776 576 1028 661; x_wconf 80' lang='grc' dir='ltr'><strong><em>μᾶλλον</em></strong></span> <span class='ocrx_word' id='word_1_26' title='bbox 1086 575 1404 643; x_wconf 79' lang='grc' dir='ltr'><strong><em>ἐπέλιπεν</em></strong></span> <span class='ocrx_word' id='word_1_27' title='bbox 1465 570 1643 654; x_wconf 76' lang='grc' dir='ltr'><strong><em>εἶδος</em></strong></span> <span class='ocrx_word' id='word_1_28' title='bbox 1699 569 1871 652; x_wconf 80' lang='grc' dir='ltr'><strong><em>ὅλως</em></strong></span> <span class='ocrx_word' id='word_1_29' title='bbox 1935 567 2182 650; x_wconf 82' lang='grc' dir='ltr'><strong><em>ούδέν)·</em></strong></span> <span class='ocrx_word' id='word_1_30' title='bbox 2250 573 2569 653; x_wconf 73' lang='grc' dir='ltr'><strong><em>θεσπίζει</em></strong></span> <span class='ocrx_word' id='word_1_31' title='bbox 2614 572 2731 641; x_wconf 78' lang='grc' dir='ltr'><strong><em>διὰ</em></strong></span> 
     </span>
     <span class='ocr_line' id='line_1_5' title="bbox 371 671 2730 798; baseline -0.002 -52"><span class='ocrx_word' id='word_1_32' title='bbox 371 682 489 746; x_wconf 85' lang='grc' dir='ltr'><strong>τοῦ</strong></span> <span class='ocrx_word' id='word_1_33' title='bbox 546 677 879 763; x_wconf 82' lang='grc' dir='ltr'><strong><em>παρόντος</em></strong></span> <span class='ocrx_word' id='word_1_34' title='bbox 935 671 1280 762; x_wconf 56' lang='grc' dir='ltr'><strong><em>εὖσεβοῢςθ</em></strong></span> <span class='ocrx_word' id='word_1_35' title='bbox 1343 675 1809 798; x_wconf 67' lang='grc' dir='ltr'><strong><em>ἐνυπογράφου</em></strong></span> <span class='ocrx_word' id='word_1_36' title='bbox 1872 672 2394 760; x_wconf 77' lang='grc' dir='ltr'><strong><em>χρυσοβούλλου,</em></strong></span> <span class='ocrx_word' id='word_1_37' title='bbox 2465 674 2544 739; x_wconf 87' lang='grc' dir='ltr'><strong>τὸ</strong></span> <span class='ocrx_word' id='word_1_38' title='bbox 2607 674 2730 762; x_wconf 87' lang='grc' dir='ltr'><strong>τὴν</strong></span> 
     </span>
     <span class='ocr_line' id='line_1_6' title="bbox 373 771 2725 868; baseline -0.002 -21"><span class='ocrx_word' id='word_1_39' title='bbox 373 782 734 868; x_wconf 77' lang='grc' dir='ltr'><strong>ῥηθεῖσαν7</strong></span> <span class='ocrx_word' id='word_1_40' title='bbox 776 784 1188 863; x_wconf 75' lang='grc' dir='ltr'><strong><em>νομοθεσίαν</em></strong></span> <span class='ocrx_word' id='word_1_41' title='bbox 1234 772 1457 864; x_wconf 79' lang='grc' dir='ltr'><strong><em>ἆργεῒν</em></strong></span> <span class='ocrx_word' id='word_1_42' title='bbox 1488 772 1628 844; x_wconf 84' lang='grc' dir='ltr'><strong>άπὸ</strong></span> <span class='ocrx_word' id='word_1_43' title='bbox 1660 780 1776 864; x_wconf 83' lang='grc' dir='ltr'><strong>τῆς</strong></span> <span class='ocrx_word' id='word_1_44' title='bbox 1805 776 2148 863; x_wconf 80' lang='grc' dir='ltr'><strong><em>παρούσης</em></strong></span> <span class='ocrx_word' id='word_1_45' title='bbox 2185 775 2429 864; x_wconf 78' lang='grc' dir='ltr'><strong><em>ταύτης</em></strong></span> <span class='ocrx_word' id='word_1_46' title='bbox 2456 771 2725 864; x_wconf 81' lang='grc' dir='ltr'><strong><em>ἡμέρας,</em></strong></span> 
     </span>
     <span class='ocr_line' id='line_1_7' title="bbox 374 875 2727 968; baseline -0.001 -20"><span class='ocrx_word' id='word_1_47' title='bbox 374 876 651 968; x_wconf 69' lang='grc' dir='ltr'><strong><em>άκυρὸν“</em></strong></span> <span class='ocrx_word' id='word_1_48' title='bbox 703 906 777 947; x_wconf 88' lang='grc' dir='ltr'><strong>τε</strong></span> <span class='ocrx_word' id='word_1_49' title='bbox 830 882 938 946; x_wconf 85' lang='grc' dir='ltr'><strong>καὶ</strong></span> <span class='ocrx_word' id='word_1_50' title='bbox 1001 878 1338 967; x_wconf 74' lang='grc' dir='ltr'><strong><em>ἄπρακτον</em></strong></span> <span class='ocrx_word' id='word_1_51' title='bbox 1395 882 1514 946; x_wconf 80' lang='grc' dir='ltr'><strong>τοῦ</strong></span> <span class='ocrx_word' id='word_1_52' title='bbox 1572 879 1814 946; x_wconf 82' lang='grc' dir='ltr'><strong><em>λοιποῦ</em></strong></span> <span class='ocrx_word' id='word_1_53' title='bbox 1875 877 2237 962; x_wconf 61' lang='grc' dir='ltr'><strong><em>διαμένειν</em></strong></span> <span class='ocrx_word' id='word_1_54' title='bbox 2309 875 2590 963; x_wconf 76' lang='grc' dir='ltr'><strong><em>ἐνεργεῖν</em></strong></span> <span class='ocrx_word' id='word_1_55' title='bbox 2650 879 2727 945; x_wconf 80' lang='grc' dir='ltr'><strong>δὲ</strong></span> 
     </span>
     <span class='ocr_line' id='line_1_8' title="bbox 372 978 2727 1069; baseline -0.002 -19"><span class='ocrx_word' id='word_1_56' title='bbox 372 983 530 1062; x_wconf 80' lang='grc' dir='ltr'><strong><em>τοὺς</em></strong></span> <span class='ocrx_word' id='word_1_57' title='bbox 571 980 706 1067; x_wconf 88' lang='grc' dir='ltr'><strong>πρὸ</strong></span> <span class='ocrx_word' id='word_1_58' title='bbox 761 981 1002 1069; x_wconf 81' lang='grc' dir='ltr'><strong><em>ταύτης</em></strong></span> <span class='ocrx_word' id='word_1_59' title='bbox 1042 987 1380 1066; x_wconf 83' lang='grc' dir='ltr'><strong><em>κειμένους</em></strong></span> <span class='ocrx_word' id='word_1_60' title='bbox 1434 986 1595 1067; x_wconf 86' lang='grc' dir='ltr'><strong><em>περί</em></strong></span> <span class='ocrx_word' id='word_1_61' title='bbox 1646 1006 1720 1047; x_wconf 87' lang='grc' dir='ltr'><strong>τε</strong></span> <span class='ocrx_word' id='word_1_62' title='bbox 1777 983 1910 1046; x_wconf 82' lang='grc' dir='ltr'><strong>τῶν</strong></span> <span class='ocrx_word' id='word_1_63' title='bbox 1969 978 2324 1066; x_wconf 66' lang='grc' dir='ltr'><strong><em>ἐκκλησιῶν</em></strong></span> <span class='ocrx_word' id='word_1_64' title='bbox 2380 982 2498 1046; x_wconf 86' lang='grc' dir='ltr'><strong>τοῦ</strong></span> <span class='ocrx_word' id='word_1_65' title='bbox 2553 982 2727 1047; x_wconf 80' lang='grc' dir='ltr'><strong><em>θεοῦ</em></strong></span> 
     </span>
     <span class='ocr_line' id='line_1_9' title="bbox 372 1076 2725 1169; baseline -0.002 -16"><span class='ocrx_word' id='word_1_66' title='bbox 372 1088 482 1153; x_wconf 80' lang='grc' dir='ltr'><strong>καὶ</strong></span> <span class='ocrx_word' id='word_1_67' title='bbox 526 1087 672 1150; x_wconf 73' lang='grc' dir='ltr'><strong>τῶν</strong></span> <span class='ocrx_word' id='word_1_68' title='bbox 705 1077 952 1169; x_wconf 77' lang='grc' dir='ltr'><strong><em>εύαγῶν</em></strong></span> <span class='ocrx_word' id='word_1_69' title='bbox 999 1084 1198 1151; x_wconf 74' lang='grc' dir='ltr'><strong><em>οἴκων</em></strong></span> <span class='ocrx_word' id='word_1_70' title='bbox 1242 1081 1542 1167; x_wconf 60' lang='grc' dir='ltr'><strong><em>νόμους9,</em></strong></span> <span class='ocrx_word' id='word_1_71' title='bbox 1588 1085 1697 1150; x_wconf 84' lang='grc' dir='ltr'><strong>καὶ</strong></span> <span class='ocrx_word' id='word_1_72' title='bbox 1744 1078 1928 1161; x_wconf 50' lang='grc' dir='ltr'><strong><em>οὓς(</em></strong></span> <span class='ocrx_word' id='word_1_73' title='bbox 1904 1077 1943 1147; x_wconf 89' lang='grc' dir='ltr'>ό</span> <span class='ocrx_word' id='word_1_74' title='bbox 1984 1107 2057 1148; x_wconf 85' lang='grc' dir='ltr'><strong>τε</strong></span> <span class='ocrx_word' id='word_1_75' title='bbox 2092 1076 2401 1165; x_wconf 76' lang='grc' dir='ltr'><strong><em>ἀοίδιμος</em></strong></span> <span class='ocrx_word' id='word_1_76' title='bbox 2441 1084 2559 1167; x_wconf 84' lang='grc' dir='ltr'><strong>τῆς</strong></span> <span class='ocrx_word' id='word_1_77' title='bbox 2597 1090 2725 1167; x_wconf 78' lang='grc' dir='ltr'><strong>βα-</strong></span> 
     </span>
     <span class='ocr_line' id='line_1_10' title="bbox 375 1179 2726 1273; baseline -0.001 -20"><span class='ocrx_word' id='word_1_78' title='bbox 375 1188 628 1263; x_wconf 83' lang='grc' dir='ltr'><strong><em>σιλείας</em></strong></span> <span class='ocrx_word' id='word_1_79' title='bbox 679 1181 865 1273; x_wconf 81' lang='grc' dir='ltr'><strong><em>ἡμῶν</em></strong></span> <span class='ocrx_word' id='word_1_80' title='bbox 923 1183 1244 1265; x_wconf 82' lang='grc' dir='ltr'><strong><em>πάππος,</em></strong></span> <span class='ocrx_word' id='word_1_81' title='bbox 1306 1180 1344 1250; x_wconf 81' lang='grc' dir='ltr'>ὅ</span> <span class='ocrx_word' id='word_1_82' title='bbox 1398 1211 1473 1253; x_wconf 90' lang='grc' dir='ltr'><strong>τε</strong></span> <span class='ocrx_word' id='word_1_83' title='bbox 1516 1182 1736 1271; x_wconf 84' lang='grc' dir='ltr'><strong><em>πατὴρ</em></strong></span> <span class='ocrx_word' id='word_1_84' title='bbox 1781 1183 2030 1251; x_wconf 75' lang='grc' dir='ltr'><strong><em>ἐκείνου</em></strong></span> <span class='ocrx_word' id='word_1_85' title='bbox 2073 1181 2313 1263; x_wconf 87' lang='grc' dir='ltr'><strong><em>πάλιν,</em></strong></span> <span class='ocrx_word' id='word_1_86' title='bbox 2375 1179 2413 1249; x_wconf 79' lang='grc' dir='ltr'>ὅ</span> <span class='ocrx_word' id='word_1_87' title='bbox 2454 1209 2529 1250; x_wconf 88' lang='grc' dir='ltr'><strong>τε</strong></span> <span class='ocrx_word' id='word_1_88' title='bbox 2572 1183 2726 1251; x_wconf 76' lang='grc' dir='ltr'><strong><em>ἐπί-</em></strong></span> 
     </span>
     <span class='ocr_line' id='line_1_11' title="bbox 373 1280 2722 1374; baseline -0.002 -20"><span class='ocrx_word' id='word_1_89' title='bbox 373 1311 664 1365; x_wconf 86' lang='grc' dir='ltr'><strong><em>παππος</em></strong></span> <span class='ocrx_word' id='word_1_90' title='bbox 683 1290 725 1321; x_wconf 88' lang='lat'><strong>¹⁰</strong></span> <span class='ocrx_word' id='word_1_91' title='bbox 769 1282 1012 1372; x_wconf 76' lang='grc' dir='ltr'><strong><em>ἄριστά</em></strong></span> <span class='ocrx_word' id='word_1_92' title='bbox 1029 1313 1102 1354; x_wconf 90' lang='grc' dir='ltr'><strong>τε</strong></span> <span class='ocrx_word' id='word_1_93' title='bbox 1119 1288 1227 1353; x_wconf 74' lang='grc' dir='ltr'><strong>καὶ</strong></span> <span class='ocrx_word' id='word_1_94' title='bbox 1250 1287 1751 1374; x_wconf 81' lang='grc' dir='ltr'><strong><em>θεοφιλέστατα</em></strong></span> <span class='ocrx_word' id='word_1_95' title='bbox 1777 1286 2051 1373; x_wconf 73' lang='grc' dir='ltr'><strong><em>ἓθησαν.</em></strong></span> <span class='ocrx_word' id='word_1_96' title='bbox 2117 1288 2225 1350; x_wconf 85' lang='grc' dir='ltr'><strong>καὶ</strong></span> <span class='ocrx_word' id='word_1_97' title='bbox 2250 1281 2424 1352; x_wconf 75' lang='grc' dir='ltr'><strong><em>ὥστε</em></strong></span> <span class='ocrx_word' id='word_1_98' title='bbox 2453 1280 2722 1372; x_wconf 79' lang='grc' dir='ltr'><strong><em>ἀσφαλῆ</em></strong></span> 
     </span>
     <span class='ocr_line' id='line_1_12' title="bbox 370 1382 2725 1474; baseline 0 -18"><span class='ocrx_word' id='word_1_99' title='bbox 370 1392 479 1456; x_wconf 86' lang='grc' dir='ltr'><strong>καὶ</strong></span> <span class='ocrx_word' id='word_1_100' title='bbox 526 1384 939 1473; x_wconf 80' lang='grc' dir='ltr'><strong><em>ἀμετάθετον</em></strong></span> <span class='ocrx_word' id='word_1_101' title='bbox 985 1382 1155 1455; x_wconf 83' lang='grc' dir='ltr'><strong><em>εἶναι</em></strong></span> <span class='ocrx_word' id='word_1_102' title='bbox 1197 1387 1313 1474; x_wconf 86' lang='grc' dir='ltr'><strong>τὴν</strong></span> <span class='ocrx_word' id='word_1_103' title='bbox 1337 1392 1686 1474; x_wconf 85' lang='grc' dir='ltr'><strong><em>παροῦσαν</em></strong></span> <span class='ocrx_word' id='word_1_104' title='bbox 1719 1386 2038 1466; x_wconf 83' lang='grc' dir='ltr'><strong><em>διάταξιν,</em></strong></span> <span class='ocrx_word' id='word_1_105' title='bbox 2088 1386 2298 1474; x_wconf 75' lang='grc' dir='ltr'><strong><em>οἰκείᾳ</em></strong></span> <span class='ocrx_word' id='word_1_106' title='bbox 2339 1390 2506 1472; x_wconf 78' lang='grc' dir='ltr'><strong><em>χειρὶ</em></strong></span> <span class='ocrx_word' id='word_1_107' title='bbox 2549 1382 2725 1458; x_wconf 56' lang='lat' dir='ltr'><strong>&amp;aaz</strong></span> 
     </span>
     <span class='ocr_line' id='line_1_13' title="bbox 369 1484 2724 1579; baseline 0 -23"><span class='ocrx_word' id='word_1_108' title='bbox 369 1489 819 1579; x_wconf 84' lang='grc' dir='ltr'><strong><em>σημηνάμενοι</em></strong></span> <span class='ocrx_word' id='word_1_109' title='bbox 877 1493 1095 1576; x_wconf 73' lang='grc' dir='ltr'><strong><em>χρυσῷ</em></strong></span> <span class='ocrx_word' id='word_1_110' title='bbox 1154 1489 1477 1577; x_wconf 77' lang='grc' dir='ltr'><strong><em>σφραγίδι</em></strong></span> <span class='ocrx_word' id='word_1_111' title='bbox 1517 1487 1758 1575; x_wconf 87' lang='grc' dir='ltr'><strong><em>ταύτην</em></strong></span> <span class='ocrx_word' id='word_1_112' title='bbox 1803 1484 2450 1576; x_wconf 81' lang='grc' dir='ltr'><strong><em>ὗποσφραγισθῆναι</em></strong></span> <span class='ocrx_word' id='word_1_113' title='bbox 2492 1489 2724 1575; x_wconf 82' lang='grc' dir='ltr'><strong><em>διωρι-</em></strong></span> 
     </span>
     <span class='ocr_line' id='line_1_14' title="bbox 373 1585 2601 1678; baseline -0.001 -20"><span class='ocrx_word' id='word_1_114' title='bbox 373 1592 700 1676; x_wconf 80' lang='grc' dir='ltr'><strong><em>σάμεθα“</em></strong></span> <span class='ocrx_word' id='word_1_115' title='bbox 744 1594 899 1678; x_wconf 83' lang='grc' dir='ltr'><strong><em>μηνὶ</em></strong></span> <span class='ocrx_word' id='word_1_116' title='bbox 946 1585 1277 1677; x_wconf 80' lang='grc' dir='ltr'><strong><em>ἂπριλλίῳ</em></strong></span> <span class='ocrx_word' id='word_1_117' title='bbox 1325 1589 1379 1657; x_wconf 77' lang='grc' dir='ltr'><strong>δ’</strong></span> <span class='ocrx_word' id='word_1_118' title='bbox 1428 1589 1881 1678; x_wconf 76' lang='grc' dir='ltr'><strong><em>ἐπινεμήσεως</em></strong></span> <span class='ocrx_word' id='word_1_119' title='bbox 1928 1589 1985 1657; x_wconf 88' lang='grc' dir='ltr'><strong>α’</strong></span> <span class='ocrx_word' id='word_1_120' title='bbox 2035 1589 2104 1657; x_wconf 75' lang='grc' dir='ltr'><strong>ἐν</strong></span> <span class='ocrx_word' id='word_1_121' title='bbox 2150 1589 2283 1657; x_wconf 73' lang='grc' dir='ltr'><strong><em>ἔτει</em></strong></span> <span class='ocrx_word' id='word_1_122' title='bbox 2329 1589 2601 1678; x_wconf 45' lang='grc' dir='ltr'><strong>’ςυςςἿῆ</strong></span> 
     </span>
    </p>
   </div>
   <div class='ocr_carea' id='block_1_3' title="bbox 1234 1789 1382 1799">
    <p class='ocr_par' dir='ltr' id='par_1_3' title="bbox 1234 1789 1382 1799">
     <span class='ocr_line' id='line_1_15' title="bbox 1234 1789 1382 1799; baseline -0.02 0"><span class='ocrx_word' id='word_1_123' title='bbox 1234 1789 1382 1799; x_wconf 73' lang='lat'><strong>———</strong></span> 
     </span>
    </p>
   </div>
   <div class='ocr_carea' id='block_1_4' title="bbox 1311 1947 1755 2010">
    <p class='ocr_par' dir='ltr' id='par_1_4' title="bbox 1311 1947 1755 2010">
     <span class='ocr_line' id='line_1_16' title="bbox 1311 1947 1755 2010; baseline 0 -1"><span class='ocrx_word' id='word_1_124' title='bbox 1311 1947 1483 2009; x_wconf 85' lang='lat' dir='ltr'><strong>Nov.</strong></span> <span class='ocrx_word' id='word_1_125' title='bbox 1530 1948 1755 2010; x_wconf 85' lang='lat' dir='ltr'><strong>xxvn.</strong></span> 
     </span>
    </p>
   </div>
   <div class='ocr_carea' id='block_1_5' title="bbox 369 2066 2715 2245">
    <p class='ocr_par' dir='ltr' id='par_1_5' title="bbox 369 2066 2715 2245">
     <span class='ocr_line' id='line_1_17' title="bbox 970 2066 2121 2147; baseline -0.001 -19"><span class='ocrx_word' id='word_1_126' title='bbox 970 2066 1159 2147; x_wconf 92' lang='lat' dir='ltr'><strong>lmpp.</strong></span> <span class='ocrx_word' id='word_1_127' title='bbox 1206 2067 1482 2129; x_wconf 87' lang='lat' dir='ltr'><strong>Basilii</strong></span> <span class='ocrx_word' id='word_1_128' title='bbox 1529 2076 1589 2129; x_wconf 92' lang='lat' dir='ltr'><strong>et</strong></span> <span class='ocrx_word' id='word_1_129' title='bbox 1633 2066 2121 2129; x_wconf 80' lang='lat' dir='ltr'><strong>Constantini</strong></span> 
     </span>
     <span class='ocr_line' id='line_1_18' title="bbox 369 2168 2715 2245; baseline -0.002 -12"><span class='ocrx_word' id='word_1_130' title='bbox 369 2190 545 2233; x_wconf 89' lang='lat' dir='ltr'><strong>aurea</strong></span> <span class='ocrx_word' id='word_1_131' title='bbox 590 2169 747 2234; x_wconf 87' lang='lat' dir='ltr'><strong>bulla</strong></span> <span class='ocrx_word' id='word_1_132' title='bbox 792 2169 1146 2231; x_wconf 76' lang='lat' dir='ltr'><strong>Venetorum</strong></span> <span class='ocrx_word' id='word_1_133' title='bbox 1178 2169 1604 2233; x_wconf 78' lang='lat' dir='ltr'><strong>mercatoribus</strong></span> <span class='ocrx_word' id='word_1_134' title='bbox 1633 2169 1933 2231; x_wconf 80' lang='lat' dir='ltr'><strong>libertates</strong></span> <span class='ocrx_word' id='word_1_135' title='bbox 1964 2168 2298 2230; x_wconf 89' lang='lat' dir='ltr'><strong>concedens</strong></span> <span class='ocrx_word' id='word_1_136' title='bbox 2315 2169 2352 2229; x_wconf 89' lang='lat'><strong>¹.</strong></span> <span class='ocrx_word' id='word_1_137' title='bbox 2420 2168 2508 2245; x_wconf 73' lang='lat' dir='ltr'><strong>(A.</strong></span> <span class='ocrx_word' id='word_1_138' title='bbox 2539 2169 2715 2244; x_wconf 80' lang='lat'><strong>992.)</strong></span> 
     </span>
    </p>
   </div>
   <div class='ocr_carea' id='block_1_6' title="bbox 357 2320 2714 3317">
    <p class='ocr_par' dir='ltr' id='par_1_6' title="bbox 541 2320 1277 2400">
     <span class='ocr_line' id='line_1_19' title="bbox 541 2320 1277 2400; baseline 0 -18"><span class='ocrx_word' id='word_1_139' title='bbox 541 2322 606 2384; x_wconf 89' lang='lat' dir='ltr'><strong>ln</strong></span> <span class='ocrx_word' id='word_1_140' title='bbox 653 2320 892 2383; x_wconf 89' lang='lat' dir='ltr'><strong>nomine</strong></span> <span class='ocrx_word' id='word_1_141' title='bbox 936 2320 1121 2400; x_wconf 88' lang='lat' dir='ltr'><strong>patris</strong></span> <span class='ocrx_word' id='word_1_142' title='bbox 1167 2330 1277 2382; x_wconf 88' lang='lat' dir='ltr'><strong>etc.</strong></span> 
     </span>
    </p>

    <p class='ocr_par' dir='ltr' id='par_1_7' title="bbox 364 2421 2712 2605">
     <span class='ocr_line' id='line_1_20' title="bbox 539 2421 2712 2502; baseline -0 -18"><span class='ocrx_word' id='word_1_143' title='bbox 539 2421 869 2485; x_wconf 82' lang='lat' dir='ltr'><strong>Basilius</strong></span> <span class='ocrx_word' id='word_1_144' title='bbox 900 2430 959 2483; x_wconf 88' lang='lat' dir='ltr'><strong>et</strong></span> <span class='ocrx_word' id='word_1_145' title='bbox 990 2421 1547 2486; x_wconf 84' lang='lat' dir='ltr'><strong>Constantinus</strong></span> <span class='ocrx_word' id='word_1_146' title='bbox 1578 2440 1805 2498; x_wconf 78' lang='lat' dir='ltr'><strong>omneS‚</strong></span> <span class='ocrx_word' id='word_1_147' title='bbox 1833 2421 2046 2502; x_wconf 91' lang='lat' dir='ltr'><strong>quibus</strong></span> <span class='ocrx_word' id='word_1_148' title='bbox 2068 2421 2224 2485; x_wconf 89' lang='lat' dir='ltr'><strong>istud</strong></span> <span class='ocrx_word' id='word_1_149' title='bbox 2251 2422 2416 2502; x_wconf 89' lang='lat' dir='ltr'><strong>pium</strong></span> <span class='ocrx_word' id='word_1_150' title='bbox 2445 2431 2712 2484; x_wconf 85' lang='lat' dir='ltr'><strong>nostrum</strong></span> 
     </span>
     <span class='ocr_line' id='line_1_21' title="bbox 364 2524 2540 2605; baseline -0 -19"><span class='ocrx_word' id='word_1_151' title='bbox 364 2525 620 2605; x_wconf 83' lang='lat' dir='ltr'><strong>sigillum</strong></span> <span class='ocrx_word' id='word_1_152' title='bbox 667 2525 1122 2597; x_wconf 37' lang='lat' dir='ltr'><strong>demonstthtur</strong></span> <span class='ocrx_word' id='word_1_153' title='bbox 1171 2524 1374 2585; x_wconf 80' lang='lat' dir='ltr'><strong>fideles</strong></span> <span class='ocrx_word' id='word_1_154' title='bbox 1418 2524 1478 2584; x_wconf 94' lang='lat' dir='ltr'><strong>in</strong></span> <span class='ocrx_word' id='word_1_155' title='bbox 1527 2524 1639 2585; x_wconf 90' lang='lat' dir='ltr'><strong>deo</strong></span> <span class='ocrx_word' id='word_1_156' title='bbox 1685 2525 2077 2605; x_wconf 79' lang='lat' dir='ltr'><strong>Imperatores</strong></span> <span class='ocrx_word' id='word_1_157' title='bbox 2122 2524 2540 2586; x_wconf 87' lang='lat' dir='ltr'><strong>Romanorum.</strong></span> 
     </span>
    </p>

    <p class='ocr_par' dir='ltr' id='par_1_8' title="bbox 363 2624 2713 3113">
     <span class='ocr_line' id='line_1_22' title="bbox 537 2624 2713 2705; baseline 0 -19"><span class='ocrx_word' id='word_1_158' title='bbox 537 2626 666 2686; x_wconf 88' lang='lat' dir='ltr'><strong>Non</strong></span> <span class='ocrx_word' id='word_1_159' title='bbox 713 2625 904 2688; x_wconf 88' lang='lat' dir='ltr'><strong>solum</strong></span> <span class='ocrx_word' id='word_1_160' title='bbox 949 2624 1370 2704; x_wconf 83' lang='lat' dir='ltr'><strong>rogationibus,</strong></span> <span class='ocrx_word' id='word_1_161' title='bbox 1418 2644 1568 2705; x_wconf 87' lang='lat' dir='ltr'><strong>quae</strong></span> <span class='ocrx_word' id='word_1_162' title='bbox 1614 2625 1725 2688; x_wconf 89' lang='lat' dir='ltr'><strong>sub</strong></span> <span class='ocrx_word' id='word_1_163' title='bbox 1772 2644 1951 2687; x_wconf 86' lang='lat' dir='ltr'><strong>manu</strong></span> <span class='ocrx_word' id='word_1_164' title='bbox 1995 2636 2196 2687; x_wconf 82' lang='lat' dir='ltr'><strong>nostra</strong></span> <span class='ocrx_word' id='word_1_165' title='bbox 2228 2635 2387 2701; x_wconf 88' lang='lat' dir='ltr'><strong>sunt,</strong></span> <span class='ocrx_word' id='word_1_166' title='bbox 2433 2625 2713 2688; x_wconf 85' lang='lat' dir='ltr'><strong>obaudire</strong></span> 
     </span>
     <span class='ocr_line' id='line_1_23' title="bbox 366 2726 2714 2809; baseline 0 -21"><span class='ocrx_word' id='word_1_167' title='bbox 366 2726 1075 2788; x_wconf 80' lang='lat' dir='ltr'><strong>misericordiosissimum</strong></span> <span class='ocrx_word' id='word_1_168' title='bbox 1122 2735 1182 2788; x_wconf 87' lang='lat' dir='ltr'><strong>et</strong></span> <span class='ocrx_word' id='word_1_169' title='bbox 1225 2726 1517 2789; x_wconf 82' lang='lat' dir='ltr'><strong>laudabile</strong></span> <span class='ocrx_word' id='word_1_170' title='bbox 1562 2737 1670 2802; x_wconf 88' lang='lat' dir='ltr'><strong>est,</strong></span> <span class='ocrx_word' id='word_1_171' title='bbox 1716 2727 1820 2790; x_wconf 90' lang='lat' dir='ltr'><strong>sed</strong></span> <span class='ocrx_word' id='word_1_172' title='bbox 1868 2728 2025 2788; x_wconf 86' lang='lat' dir='ltr'><strong>enim</strong></span> <span class='ocrx_word' id='word_1_173' title='bbox 2058 2737 2117 2789; x_wconf 90' lang='lat' dir='ltr'><strong>et</strong></span> <span class='ocrx_word' id='word_1_174' title='bbox 2150 2737 2461 2789; x_wconf 83' lang='lat' dir='ltr'><strong>extraneos</strong></span> <span class='ocrx_word' id='word_1_175' title='bbox 2492 2736 2551 2789; x_wconf 89' lang='lat' dir='ltr'><strong>et</strong></span> <span class='ocrx_word' id='word_1_176' title='bbox 2577 2746 2714 2809; x_wconf 86' lang='lat' dir='ltr'><strong>per-</strong></span> 
     </span>
     <span class='ocr_line' id='line_1_24' title="bbox 365 2828 2713 2910; baseline 0 -20"><span class='ocrx_word' id='word_1_177' title='bbox 365 2828 595 2891; x_wconf 84' lang='lat' dir='ltr'><strong>tinente</strong></span> <span class='ocrx_word' id='word_1_178' title='bbox 638 2828 873 2909; x_wconf 91' lang='lat' dir='ltr'><strong>publico</strong></span> <span class='ocrx_word' id='word_1_179' title='bbox 919 2828 1201 2890; x_wconf 90' lang='lat' dir='ltr'><strong>obaudire</strong></span> <span class='ocrx_word' id='word_1_180' title='bbox 1245 2838 1486 2907; x_wconf 86' lang='lat' dir='ltr'><strong>rogatur</strong></span> <span class='ocrx_word' id='word_1_181' title='bbox 1542 2847 1675 2890; x_wconf 91' lang='lat' dir='ltr'><strong>cum</strong></span> <span class='ocrx_word' id='word_1_182' title='bbox 1730 2828 2095 2909; x_wconf 82' lang='lat' dir='ltr'><strong>providentia</strong></span> <span class='ocrx_word' id='word_1_183' title='bbox 2154 2831 2260 2905; x_wconf 81' lang='lat' dir='ltr'><strong>(et)</strong></span> <span class='ocrx_word' id='word_1_184' title='bbox 2316 2829 2564 2910; x_wconf 84' lang='lat' dir='ltr'><strong>pietate3</strong></span> <span class='ocrx_word' id='word_1_185' title='bbox 2622 2828 2713 2890; x_wconf 88' lang='lat' dir='ltr'><strong>in-</strong></span> 
     </span>
     <span class='ocr_line' id='line_1_25' title="bbox 364 2930 2713 3012; baseline 0 -20"><span class='ocrx_word' id='word_1_186' title='bbox 364 2930 556 3010; x_wconf 87' lang='lat' dir='ltr'><strong>deque</strong></span> <span class='ocrx_word' id='word_1_187' title='bbox 601 2930 759 2992; x_wconf 91' lang='lat' dir='ltr'><strong>enim</strong></span> <span class='ocrx_word' id='word_1_188' title='bbox 806 2940 865 2993; x_wconf 88' lang='lat' dir='ltr'><strong>et</strong></span> <span class='ocrx_word' id='word_1_189' title='bbox 909 2931 1096 3012; x_wconf 89' lang='lat' dir='ltr'><strong>pietas</strong></span> <span class='ocrx_word' id='word_1_190' title='bbox 1143 2930 1507 2992; x_wconf 86' lang='lat' dir='ltr'><strong>sufficienter</strong></span> <span class='ocrx_word' id='word_1_191' title='bbox 1549 2930 1622 2992; x_wconf 91' lang='lat' dir='ltr'><strong>ad</strong></span> <span class='ocrx_word' id='word_1_192' title='bbox 1671 2930 1966 2992; x_wconf 87' lang='lat' dir='ltr'><strong>miseriam</strong></span> <span class='ocrx_word' id='word_1_193' title='bbox 2012 2931 2302 3012; x_wconf 90' lang='lat' dir='ltr'><strong>propitius</strong></span> <span class='ocrx_word' id='word_1_194' title='bbox 2344 2930 2713 2993; x_wconf 86' lang='lat' dir='ltr'><strong>demonstre-</strong></span> 
     </span>
     <span class='ocr_line' id='line_1_26' title="bbox 363 3031 2614 3113; baseline -0 -20"><span class='ocrx_word' id='word_1_195' title='bbox 363 3042 477 3108; x_wconf 89' lang='lat' dir='ltr'><strong>tur,</strong></span> <span class='ocrx_word' id='word_1_196' title='bbox 523 3032 948 3113; x_wconf 83' lang='lat' dir='ltr'><strong>lonquimque²</strong></span> <span class='ocrx_word' id='word_1_197' title='bbox 990 3034 1209 3095; x_wconf 85' lang='lat' dir='ltr'><strong>etenim</strong></span> <span class='ocrx_word' id='word_1_198' title='bbox 1256 3052 1390 3094; x_wconf 87' lang='lat' dir='ltr'><strong>cum</strong></span> <span class='ocrx_word' id='word_1_199' title='bbox 1435 3033 1652 3113; x_wconf 90' lang='lat' dir='ltr'><strong>pietate</strong></span> <span class='ocrx_word' id='word_1_200' title='bbox 1696 3031 1986 3113; x_wconf 90' lang='lat' dir='ltr'><strong>imperiali</strong></span> <span class='ocrx_word' id='word_1_201' title='bbox 2031 3032 2203 3094; x_wconf 90' lang='lat' dir='ltr'><strong>detur</strong></span> <span class='ocrx_word' id='word_1_202' title='bbox 2246 3033 2614 3112; x_wconf 80' lang='lat' dir='ltr'><strong>significatio.</strong></span> 
     </span>
    </p>

    <p class='ocr_par' dir='ltr' id='par_1_9' title="bbox 357 3133 2712 3317">
     <span class='ocr_line' id='line_1_27' title="bbox 528 3133 2707 3214; baseline -0.001 -18"><span class='ocrx_word' id='word_1_203' title='bbox 528 3137 576 3196; x_wconf 82' lang='lat' dir='ltr'><strong>A</strong></span> <span class='ocrx_word' id='word_1_204' title='bbox 622 3152 735 3214; x_wconf 85' lang='lat' dir='ltr'><strong>qua</strong></span> <span class='ocrx_word' id='word_1_205' title='bbox 782 3135 938 3197; x_wconf 87' lang='lat' dir='ltr'><strong>enim</strong></span> <span class='ocrx_word' id='word_1_206' title='bbox 986 3147 1046 3196; x_wconf 89' lang='lat' dir='ltr'><strong>et</strong></span> <span class='ocrx_word' id='word_1_207' title='bbox 1089 3135 1217 3196; x_wconf 84' lang='lat' dir='ltr'><strong>Dux</strong></span> <span class='ocrx_word' id='word_1_208' title='bbox 1260 3134 1702 3209; x_wconf 87' lang='lat' dir='ltr'><strong>Veneticorum‚</strong></span> <span class='ocrx_word' id='word_1_209' title='bbox 1750 3144 1809 3196; x_wconf 93' lang='lat' dir='ltr'><strong>et</strong></span> <span class='ocrx_word' id='word_1_210' title='bbox 1852 3134 1950 3213; x_wconf 91' lang='lat' dir='ltr'><strong>qui</strong></span> <span class='ocrx_word' id='word_1_211' title='bbox 1998 3133 2107 3196; x_wconf 88' lang='lat' dir='ltr'><strong>sub</strong></span> <span class='ocrx_word' id='word_1_212' title='bbox 2153 3134 2252 3195; x_wconf 91' lang='lat' dir='ltr'><strong>illo</strong></span> <span class='ocrx_word' id='word_1_213' title='bbox 2297 3144 2419 3209; x_wconf 86' lang='lat' dir='ltr'><strong>est,</strong></span> <span class='ocrx_word' id='word_1_214' title='bbox 2473 3142 2533 3194; x_wconf 89' lang='lat' dir='ltr'><strong>et</strong></span> <span class='ocrx_word' id='word_1_215' title='bbox 2574 3151 2707 3194; x_wconf 91' lang='lat' dir='ltr'><strong>cum</strong></span> 
     </span>
     <span class='ocr_line' id='line_1_28' title="bbox 357 3236 2712 3317; baseline -0.001 -20"><span class='ocrx_word' id='word_1_216' title='bbox 357 3238 553 3298; x_wconf 84' lang='lat' dir='ltr'><strong>omnis</strong></span> <span class='ocrx_word' id='word_1_217' title='bbox 596 3237 786 3317; x_wconf 88' lang='lat' dir='ltr'><strong>plebis</strong></span> <span class='ocrx_word' id='word_1_218' title='bbox 834 3236 1261 3299; x_wconf 85' lang='lat' dir='ltr'><strong>intercessione</strong></span> <span class='ocrx_word' id='word_1_219' title='bbox 1319 3255 1451 3298; x_wconf 89' lang='lat' dir='ltr'><strong>cum</strong></span> <span class='ocrx_word' id='word_1_220' title='bbox 1509 3236 1944 3317; x_wconf 89' lang='lat' dir='ltr'><strong>praecationem</strong></span> <span class='ocrx_word' id='word_1_221' title='bbox 2003 3236 2075 3298; x_wconf 90' lang='lat' dir='ltr'><strong>ad</strong></span> <span class='ocrx_word' id='word_1_222' title='bbox 2131 3245 2395 3297; x_wconf 88' lang='lat' dir='ltr'><strong>nostrum</strong></span> <span class='ocrx_word' id='word_1_223' title='bbox 2442 3236 2712 3296; x_wconf 75' lang='lat' dir='ltr'><strong>fecerunt</strong></span> 
     </span>
    </p>
   </div>
   <div class='ocr_carea' id='block_1_7' title="bbox 354 3414 2707 4333">
    <p class='ocr_par' dir='ltr' id='par_1_10' title="bbox 354 3414 2707 3993">
     <span class='ocr_line' id='line_1_29' title="bbox 497 3414 2707 3488; baseline 0 -19"><span class='ocrx_word' id='word_1_224' title='bbox 497 3419 516 3447; x_wconf 79' lang='lat'>⁵</span> <span class='ocrx_word' id='word_1_225' title='bbox 555 3422 678 3470; x_wconf 73' lang='lat' dir='ltr'><strong>Bais.</strong></span> <span class='ocrx_word' id='word_1_226' title='bbox 715 3414 794 3468; x_wconf 84' lang='grc' dir='ltr'><strong>τό.</strong></span> <span class='ocrx_word' id='word_1_227' title='bbox 948 3420 971 3448; x_wconf 83' lang='lat'>⁶</span> <span class='ocrx_word' id='word_1_228' title='bbox 1007 3423 1150 3472; x_wconf 83' lang='lat' dir='ltr'><strong>Deest</strong></span> <span class='ocrx_word' id='word_1_229' title='bbox 1187 3423 1313 3486; x_wconf 89' lang='lat' dir='ltr'><strong>apud</strong></span> <span class='ocrx_word' id='word_1_230' title='bbox 1351 3423 1479 3472; x_wconf 77' lang='lat' dir='ltr'><strong>sals.</strong></span> <span class='ocrx_word' id='word_1_231' title='bbox 1626 3420 1645 3448; x_wconf 86' lang='lat'>⁷</span> <span class='ocrx_word' id='word_1_232' title='bbox 1684 3423 1807 3472; x_wconf 82' lang='lat' dir='ltr'><strong>Bais.</strong></span> <span class='ocrx_word' id='word_1_233' title='bbox 1846 3430 1892 3472; x_wconf 88' lang='lat' dir='ltr'><strong>et</strong></span> <span class='ocrx_word' id='word_1_234' title='bbox 1929 3423 2043 3472; x_wconf 87' lang='lat' dir='ltr'><strong>editi</strong></span> <span class='ocrx_word' id='word_1_235' title='bbox 2080 3422 2219 3473; x_wconf 87' lang='lat' dir='ltr'><strong>libri:</strong></span> <span class='ocrx_word' id='word_1_236' title='bbox 2256 3419 2560 3488; x_wconf 77' lang='grc' dir='ltr'><strong><em>παροῦσαν.</em></strong></span> <span class='ocrx_word' id='word_1_237' title='bbox 2637 3421 2707 3470; x_wconf 77' lang='lat' dir='ltr'><strong>Ad</strong></span> 
     </span>
     <span class='ocr_line' id='line_1_30' title="bbox 358 3501 2707 3575; baseline -0 -21"><span class='ocrx_word' id='word_1_238' title='bbox 358 3505 488 3569; x_wconf 85' lang='lat' dir='ltr'><strong>quod</strong></span> <span class='ocrx_word' id='word_1_239' title='bbox 523 3506 715 3554; x_wconf 81' lang='lat' dir='ltr'><strong>verbum</strong></span> <span class='ocrx_word' id='word_1_240' title='bbox 734 3507 925 3556; x_wconf 82' lang='lat' dir='ltr'><strong>Leuncl.</strong></span> <span class='ocrx_word' id='word_1_241' title='bbox 965 3514 1125 3556; x_wconf 85' lang='lat' dir='ltr'><strong>notat:</strong></span> <span class='ocrx_word' id='word_1_242' title='bbox 1175 3502 1628 3573; x_wconf 79' lang='grc' dir='ltr'><strong><em>,,προλαβοῦσαν,</em></strong></span> <span class='ocrx_word' id='word_1_243' title='bbox 1680 3507 1741 3557; x_wconf 89' lang='lat' dir='ltr'><strong>al.</strong></span> <span class='ocrx_word' id='word_1_244' title='bbox 1780 3503 2115 3575; x_wconf 51' lang='lat' dir='ltr'><strong>§aestumat</strong></span> <span class='ocrx_word' id='word_1_245' title='bbox 2317 3505 2339 3533; x_wconf 64' lang='grc' dir='ltr'><strong><em>Β</em></strong></span> <span class='ocrx_word' id='word_1_246' title='bbox 2385 3505 2574 3555; x_wconf 73' lang='lat' dir='ltr'><strong>Malim:</strong></span> <span class='ocrx_word' id='word_1_247' title='bbox 2614 3501 2707 3553; x_wconf 76' lang='grc' dir='ltr'><strong>καὶ</strong></span> 
     </span>
     <span class='ocr_line' id='line_1_31' title="bbox 357 3580 2705 3653; baseline 0.001 -16"><span class='ocrx_word' id='word_1_248' title='bbox 357 3580 578 3653; x_wconf 76' lang='grc' dir='ltr'><strong><em>ἄκυρον.</em></strong></span> <span class='ocrx_word' id='word_1_249' title='bbox 761 3587 783 3615; x_wconf 73' lang='lat'>⁹</span> <span class='ocrx_word' id='word_1_250' title='bbox 818 3591 1059 3640; x_wconf 80' lang='lat' dir='ltr'><strong>Hactenus</strong></span> <span class='ocrx_word' id='word_1_251' title='bbox 1097 3592 1223 3641; x_wconf 83' lang='lat' dir='ltr'><strong>Bais.</strong></span> <span class='ocrx_word' id='word_1_252' title='bbox 1427 3588 1466 3618; x_wconf 79' lang='lat'><strong>⁸⁰</strong></span> <span class='ocrx_word' id='word_1_253' title='bbox 1500 3592 1730 3642; x_wconf 86' lang='lat' dir='ltr'><strong>Videntur</strong></span> <span class='ocrx_word' id='word_1_254' title='bbox 1765 3593 1965 3642; x_wconf 83' lang='lat' dir='ltr'><strong>indicari</strong></span> <span class='ocrx_word' id='word_1_255' title='bbox 2002 3600 2102 3641; x_wconf 87' lang='lat' dir='ltr'><strong>tum</strong></span> <span class='ocrx_word' id='word_1_256' title='bbox 2139 3592 2343 3642; x_wconf 77' lang='lat' dir='ltr'><strong>Basilica</strong></span> <span class='ocrx_word' id='word_1_257' title='bbox 2377 3606 2406 3641; x_wconf 85' lang='lat' dir='ltr'><strong>a</strong></span> <span class='ocrx_word' id='word_1_258' title='bbox 2442 3590 2618 3640; x_wconf 81' lang='lat' dir='ltr'><strong>Basilio</strong></span> <span class='ocrx_word' id='word_1_259' title='bbox 2655 3600 2705 3639; x_wconf 86' lang='lat' dir='ltr'><strong>et</strong></span> 
     </span>
     <span class='ocr_line' id='line_1_32' title="bbox 357 3674 2706 3741; baseline 0 -17"><span class='ocrx_word' id='word_1_260' title='bbox 357 3674 519 3724; x_wconf 83' lang='lat' dir='ltr'><strong>Leone</strong></span> <span class='ocrx_word' id='word_1_261' title='bbox 556 3674 681 3725; x_wconf 81' lang='lat' dir='ltr'><strong>edita</strong></span> <span class='ocrx_word' id='word_1_262' title='bbox 721 3684 824 3724; x_wconf 88' lang='lat' dir='ltr'><strong>tum</strong></span> <span class='ocrx_word' id='word_1_263' title='bbox 859 3675 1080 3725; x_wconf 82' lang='lat' dir='ltr'><strong>Noveiiae</strong></span> <span class='ocrx_word' id='word_1_264' title='bbox 1118 3676 1415 3726; x_wconf 76' lang='lat' dir='ltr'><strong>Constantini</strong></span> <span class='ocrx_word' id='word_1_265' title='bbox 1454 3676 1515 3726; x_wconf 89' lang='lat' dir='ltr'><strong>de</strong></span> <span class='ocrx_word' id='word_1_266' title='bbox 1550 3677 1842 3741; x_wconf 48' lang='lat' dir='ltr'><strong>potentibus</strong></span> <span class='ocrx_word' id='word_1_267' title='bbox 1912 3678 2013 3728; x_wconf 84' lang='lat' dir='ltr'><strong>Nisi</strong></span> <span class='ocrx_word' id='word_1_268' title='bbox 2050 3677 2159 3741; x_wconf 78' lang='lat' dir='ltr'><strong>quis</strong></span> <span class='ocrx_word' id='word_1_269' title='bbox 2183 3676 2432 3741; x_wconf 79' lang='lat' dir='ltr'><strong>putaverit,</strong></span> <span class='ocrx_word' id='word_1_270' title='bbox 2470 3675 2706 3724; x_wconf 80' lang='lat' dir='ltr'><strong>Constan-</strong></span> 
     </span>
     <span class='ocr_line' id='line_1_33' title="bbox 354 3759 2701 3826; baseline -0.001 -17"><span class='ocrx_word' id='word_1_271' title='bbox 354 3760 506 3810; x_wconf 87' lang='lat' dir='ltr'><strong>tinum</strong></span> <span class='ocrx_word' id='word_1_272' title='bbox 544 3775 637 3809; x_wconf 91' lang='lat' dir='ltr'><strong>non</strong></span> <span class='ocrx_word' id='word_1_273' title='bbox 675 3768 901 3824; x_wconf 85' lang='lat' dir='ltr'><strong>tauquam</strong></span> <span class='ocrx_word' id='word_1_274' title='bbox 937 3760 1233 3811; x_wconf 82' lang='lat' dir='ltr'><strong>Noveliarum</strong></span> <span class='ocrx_word' id='word_1_275' title='bbox 1272 3762 1498 3825; x_wconf 81' lang='lat' dir='ltr'><strong>istarum,</strong></span> <span class='ocrx_word' id='word_1_276' title='bbox 1537 3763 1622 3812; x_wconf 83' lang='lat' dir='ltr'><strong>sed</strong></span> <span class='ocrx_word' id='word_1_277' title='bbox 1661 3771 1885 3826; x_wconf 83' lang='lat' dir='ltr'><strong>tanquam</strong></span> <span class='ocrx_word' id='word_1_278' title='bbox 1921 3762 2154 3826; x_wconf 82' lang='lat' dir='ltr'><strong>repetitae</strong></span> <span class='ocrx_word' id='word_1_279' title='bbox 2191 3759 2530 3826; x_wconf 74' lang='lat' dir='ltr'><strong>praelectionis</strong></span> <span class='ocrx_word' id='word_1_280' title='bbox 2566 3759 2701 3809; x_wconf 81' lang='lat' dir='ltr'><strong>Basi-</strong></span> 
     </span>
     <span class='ocr_line' id='line_1_34' title="bbox 356 3836 2702 3914; baseline -0.001 -19"><span class='ocrx_word' id='word_1_281' title='bbox 356 3845 556 3895; x_wconf 82' lang='lat' dir='ltr'><strong>lieorum</strong></span> <span class='ocrx_word' id='word_1_282' title='bbox 583 3853 827 3895; x_wconf 84' lang='lat' dir='ltr'><strong>auctorem</strong></span> <span class='ocrx_word' id='word_1_283' title='bbox 855 3844 1054 3895; x_wconf 82' lang='lat' dir='ltr'><strong>laudari.</strong></span> <span class='ocrx_word' id='word_1_284' title='bbox 1195 3842 1225 3872; x_wconf 84' lang='lat'><strong>¹¹</strong></span> <span class='ocrx_word' id='word_1_285' title='bbox 1265 3846 1411 3896; x_wconf 78' lang='lat' dir='ltr'><strong>Paris.</strong></span> <span class='ocrx_word' id='word_1_286' title='bbox 1441 3846 1608 3898; x_wconf 77' lang='lat'><strong>2005:</strong></span> <span class='ocrx_word' id='word_1_287' title='bbox 1647 3839 2034 3914; x_wconf 75' lang='grc' dir='ltr'><strong><em>διορισόμεθα.</em></strong></span> <span class='ocrx_word' id='word_1_288' title='bbox 2177 3844 2215 3872; x_wconf 83' lang='lat'><strong>¹²</strong></span> <span class='ocrx_word' id='word_1_289' title='bbox 2250 3846 2375 3897; x_wconf 75' lang='lat' dir='ltr'><strong>Bais,</strong></span> <span class='ocrx_word' id='word_1_290' title='bbox 2397 3859 2523 3895; x_wconf 85' lang='lat' dir='ltr'><strong>anno</strong></span> <span class='ocrx_word' id='word_1_291' title='bbox 2550 3836 2702 3912; x_wconf 53' lang='grc' dir='ltr'><strong>,ςυςέ</strong></span> 
     </span>
     <span class='ocr_line' id='line_1_35' title="bbox 355 3930 1293 3993; baseline 0.001 -14"><span class='ocrx_word' id='word_1_292' title='bbox 355 3930 531 3980; x_wconf 84' lang='lat' dir='ltr'><strong>editam</strong></span> <span class='ocrx_word' id='word_1_293' title='bbox 567 3944 679 3980; x_wconf 84' lang='lat' dir='ltr'><strong>esse</strong></span> <span class='ocrx_word' id='word_1_294' title='bbox 713 3944 963 3993; x_wconf 76' lang='lat' dir='ltr'><strong>perperam</strong></span> <span class='ocrx_word' id='word_1_295' title='bbox 1000 3940 1168 3981; x_wconf 78' lang='lat' dir='ltr'><strong>auctor</strong></span> <span class='ocrx_word' id='word_1_296' title='bbox 1202 3940 1293 3981; x_wconf 84' lang='lat' dir='ltr'><strong>est.</strong></span> 
     </span>
    </p>

    <p class='ocr_par' dir='ltr' id='par_1_11' title="bbox 355 4014 2703 4333">
     <span class='ocr_line' id='line_1_36' title="bbox 491 4014 2702 4078; baseline 0 -15"><span class='ocrx_word' id='word_1_297' title='bbox 491 4017 508 4045; x_wconf 88' lang='lat'><strong>¹</strong></span> <span class='ocrx_word' id='word_1_298' title='bbox 544 4015 880 4065; x_wconf 80' lang='lat' dir='ltr'><strong>Authenticum</strong></span> <span class='ocrx_word' id='word_1_299' title='bbox 917 4030 1141 4077; x_wconf 80' lang='lat' dir='ltr'><strong>graecum</strong></span> <span class='ocrx_word' id='word_1_300' title='bbox 1177 4016 1388 4067; x_wconf 88' lang='lat' dir='ltr'><strong>nondum</strong></span> <span class='ocrx_word' id='word_1_301' title='bbox 1427 4016 1669 4066; x_wconf 81' lang='lat' dir='ltr'><strong>inventum</strong></span> <span class='ocrx_word' id='word_1_302' title='bbox 1705 4025 1795 4066; x_wconf 87' lang='lat' dir='ltr'><strong>est.</strong></span> <span class='ocrx_word' id='word_1_303' title='bbox 1866 4016 2030 4066; x_wconf 82' lang='lat' dir='ltr'><strong>versio</strong></span> <span class='ocrx_word' id='word_1_304' title='bbox 2066 4016 2212 4065; x_wconf 79' lang='lat' dir='ltr'><strong>latina</strong></span> <span class='ocrx_word' id='word_1_305' title='bbox 2240 4028 2472 4078; x_wconf 80' lang='lat' dir='ltr'><strong>perquam</strong></span> <span class='ocrx_word' id='word_1_306' title='bbox 2500 4014 2702 4064; x_wconf 83' lang='lat' dir='ltr'><strong>barbare</strong></span> 
     </span>
     <span class='ocr_line' id='line_1_37' title="bbox 355 4098 2703 4164; baseline 0 -17"><span class='ocrx_word' id='word_1_307' title='bbox 355 4098 493 4161; x_wconf 77' lang='lat' dir='ltr'><strong>facta,</strong></span> <span class='ocrx_word' id='word_1_308' title='bbox 532 4114 675 4162; x_wconf 84' lang='lat' dir='ltr'><strong>quam</strong></span> <span class='ocrx_word' id='word_1_309' title='bbox 711 4106 867 4149; x_wconf 82' lang='lat' dir='ltr'><strong>textus</strong></span> <span class='ocrx_word' id='word_1_310' title='bbox 903 4108 1129 4164; x_wconf 85' lang='lat' dir='ltr'><strong>praestat,</strong></span> <span class='ocrx_word' id='word_1_311' title='bbox 1168 4108 1294 4151; x_wconf 80' lang='lat' dir='ltr'><strong>extat</strong></span> <span class='ocrx_word' id='word_1_312' title='bbox 1330 4101 1378 4150; x_wconf 87' lang='lat' dir='ltr'><strong>in</strong></span> <span class='ocrx_word' id='word_1_313' title='bbox 1416 4101 1596 4150; x_wconf 86' lang='lat' dir='ltr'><strong>Codice</strong></span> <span class='ocrx_word' id='word_1_314' title='bbox 1632 4101 1940 4164; x_wconf 86' lang='lat' dir='ltr'><strong>diplomatico</strong></span> <span class='ocrx_word' id='word_1_315' title='bbox 1979 4103 2029 4151; x_wconf 87' lang='lat' dir='ltr'><strong>S.</strong></span> <span class='ocrx_word' id='word_1_316' title='bbox 2065 4101 2209 4150; x_wconf 68' lang='lat' dir='ltr'><strong>Marci</strong></span> <span class='ocrx_word' id='word_1_317' title='bbox 2245 4101 2530 4150; x_wconf 82' lang='lat' dir='ltr'><strong>Trevisaueo</strong></span> <span class='ocrx_word' id='word_1_318' title='bbox 2566 4098 2627 4147; x_wconf 83' lang='lat' dir='ltr'><strong>cl.</strong></span> <span class='ocrx_word' id='word_1_319' title='bbox 2664 4098 2703 4148; x_wconf 83' lang='grc' dir='ltr'><strong>Χ</strong></span> 
     </span>
     <span class='ocr_line' id='line_1_38' title="bbox 355 4174 2699 4249; baseline 0 -19"><span class='ocrx_word' id='word_1_320' title='bbox 355 4182 462 4231; x_wconf 85' lang='lat' dir='ltr'><strong>cod.</strong></span> <span class='ocrx_word' id='word_1_321' title='bbox 501 4174 714 4232; x_wconf 60' lang='lat' dir='ltr'><strong>mxxxi</strong></span> <span class='ocrx_word' id='word_1_322' title='bbox 749 4183 907 4241; x_wconf 79' lang='lat' dir='ltr'><strong>tol.8;</strong></span> <span class='ocrx_word' id='word_1_323' title='bbox 949 4199 1151 4249; x_wconf 84' lang='lat' dir='ltr'><strong>eamque</strong></span> <span class='ocrx_word' id='word_1_324' title='bbox 1189 4199 1342 4249; x_wconf 86' lang='lat' dir='ltr'><strong>nuper</strong></span> <span class='ocrx_word' id='word_1_325' title='bbox 1378 4195 1489 4248; x_wconf 75' lang='lat' dir='ltr'><strong>post</strong></span> <span class='ocrx_word' id='word_1_326' title='bbox 1524 4185 1644 4235; x_wconf 81' lang='lat' dir='ltr'><strong>alios</strong></span> <span class='ocrx_word' id='word_1_327' title='bbox 1681 4185 1934 4236; x_wconf 82' lang='lat' dir='ltr'><strong>ediderunt</strong></span> <span class='ocrx_word' id='word_1_328' title='bbox 1968 4185 2097 4235; x_wconf 76' lang='lat' dir='ltr'><strong>Talei</strong></span> <span class='ocrx_word' id='word_1_329' title='bbox 2126 4192 2175 4234; x_wconf 83' lang='lat' dir='ltr'><strong>et</strong></span> <span class='ocrx_word' id='word_1_330' title='bbox 2195 4185 2402 4234; x_wconf 79' lang='lat' dir='ltr'><strong>Thomas</strong></span> <span class='ocrx_word' id='word_1_331' title='bbox 2440 4182 2699 4234; x_wconf 82' lang='lat' dir='ltr'><strong>Urkuudeu</strong></span> 
     </span>
     <span class='ocr_line' id='line_1_39' title="bbox 355 4266 2699 4333; baseline 0.002 -19"><span class='ocrx_word' id='word_1_332' title='bbox 355 4280 396 4314; x_wconf 89' lang='lat' dir='ltr'><strong>z.</strong></span> <span class='ocrx_word' id='word_1_333' title='bbox 434 4266 616 4315; x_wconf 69' lang='lat' dir='ltr'><strong>alten-en</strong></span> <span class='ocrx_word' id='word_1_334' title='bbox 652 4267 885 4318; x_wconf 82' lang='lat' dir='ltr'><strong>Handeis—</strong></span> <span class='ocrx_word' id='word_1_335' title='bbox 923 4285 969 4319; x_wconf 91' lang='lat' dir='ltr'><strong>u.</strong></span> <span class='ocrx_word' id='word_1_336' title='bbox 991 4271 1313 4333; x_wconf 77' lang='lat' dir='ltr'><strong>Staatsgescb.</strong></span> <span class='ocrx_word' id='word_1_337' title='bbox 1338 4269 1424 4320; x_wconf 83' lang='lat' dir='ltr'><strong>der</strong></span> <span class='ocrx_word' id='word_1_338' title='bbox 1445 4271 1563 4333; x_wconf 67' lang='grc' dir='ltr'><strong>Περ.</strong></span> <span class='ocrx_word' id='word_1_339' title='bbox 1585 4270 1808 4333; x_wconf 72' lang='lat' dir='ltr'><strong>Venedig.</strong></span> <span class='ocrx_word' id='word_1_340' title='bbox 1842 4271 1927 4320; x_wconf 83' lang='lat' dir='ltr'><strong>To.</strong></span> <span class='ocrx_word' id='word_1_341' title='bbox 1955 4270 1990 4321; x_wconf 91' lang='lat' dir='ltr'><strong>l.</strong></span> <span class='ocrx_word' id='word_1_342' title='bbox 2028 4269 2184 4331; x_wconf 86' lang='lat' dir='ltr'><strong>(Wien</strong></span> <span class='ocrx_word' id='word_1_343' title='bbox 2226 4268 2377 4323; x_wconf 73' lang='lat'><strong>1856)</strong></span> <span class='ocrx_word' id='word_1_344' title='bbox 2413 4283 2460 4331; x_wconf 90' lang='lat' dir='ltr'><strong>p.</strong></span> <span class='ocrx_word' id='word_1_345' title='bbox 2479 4267 2546 4319; x_wconf 79' lang='lat'><strong>36</strong></span> <span class='ocrx_word' id='word_1_346' title='bbox 2568 4268 2699 4318; x_wconf 74' lang='lat'><strong>-39,</strong></span> 
     </span>
    </p>
   </div>
   <div class='ocr_carea' id='block_1_8' title="bbox 355 4346 823 4415">
    <p class='ocr_par' dir='ltr' id='par_1_12' title="bbox 355 4346 823 4415">
     <span class='ocr_line' id='line_1_40' title="bbox 355 4346 823 4415; baseline 0.006 -17"><span class='ocrx_word' id='word_1_347' title='bbox 355 4346 374 4374; x_wconf 77' lang='lat'>²</span> <span class='ocrx_word' id='word_1_348' title='bbox 410 4351 442 4399; x_wconf 91' lang='lat' dir='ltr'><strong>i.</strong></span> <span class='ocrx_word' id='word_1_349' title='bbox 481 4365 522 4400; x_wconf 86' lang='lat' dir='ltr'><strong>e.</strong></span> <span class='ocrx_word' id='word_1_350' title='bbox 561 4352 823 4415; x_wconf 73' lang='lat' dir='ltr'><strong>lonqinque.</strong></span> 
     </span>
    </p>
   </div>
   <div class='ocr_carea' id='block_1_9' title="bbox 2898 4166 2900 4874">
    <p class='ocr_par' dir='ltr' id='par_1_13' title="bbox 2898 4166 2900 4874">
     <span class='ocr_line' id='line_1_41' title="bbox 2898 4166 2900 4874; baseline 0 0"><span class='ocrx_word' id='word_1_351' title='bbox 2898 4166 2900 4874; x_wconf 95' lang='lat' dir='ltr'><strong> </strong></span> 
     </span>
    </p>
   </div>
  </div>
 </body>
</html>
