2900 4950
355 211 437 273 92
1155 225 1272 275 con.
1311 224 1367 273 ιι.
1436 225 1549 274 nov.
1585 224 1741 276 xvm.
1776 226 1891 276 xix.

349 373 616 460 τήσεσιν
661 372 1049 440 ἐπικεῖσθαι
1090 370 1606 459 προστιμήματα
1646 374 1791 450 τοῖς
1845 366 2104 458 ὁρμῶσι
2145 372 2318 458 πρὸς
2359 373 2476 461 τὴν
2523 369 2691 442 ἀθέ-

350 498 569 562 τησιν,
615 476 723 541 καὶ
765 477 975 540 ταῦτα
1019 473 1113 552 εἰς
1156 473 1359 558 νόμου
1401 477 1830 558 καθιστῶμεν
1869 474 2083 562 τιμήν.
2174 469 2364 560 οἶμαι
2404 476 2527 563 γὰρ
2570 481 2690 544 τοῦ

351 575 469 642 ἐπὶ
510 579 656 654 ταῖς
697 574 1039 653 τοιαύταις
1080 574 1366 658 πράξεσι
1407 581 1705 658 κειμένου
1747 575 1953 660 νόμου
1995 575 2086 661 μὴ
2136 580 2354 662 χεῖρον
2399 578 2566 660 ἔχειν
2609 578 2688 644 τὸ

354 678 742 762 δεδογμένον
798 680 877 764 τῇ
933 682 1283 763 συνηθείᾳ,
1344 671 1513 743 ἀλλὰ
1564 679 1674 743 καὶ
1734 676 1827 756 εἷς
1877 676 1956 743 τὸ
2013 676 2282 762 ἄμεινον
2334 673 2688 767 ἀναφέρειν

348 779 434 846 τὰ
476 778 850 864 πράγματα.
937 780 1055 843 τοῦ
1099 776 1220 863 γὰρ
1266 777 1471 862 νόμου
1504 777 1571 845 ἐν
1598 778 1764 866 μόνῃ
1811 781 1890 866 τῇ
1921 782 2038 844 τοῦ
2071 773 2453 866 ἀῤῥαβῶνος
2496 774 2690 847 ἀπω-

349 881 495 968 λείᾳ
536 874 580 965 ἢ
624 879 829 966 διπλῇ
875 872 1204 946 ἀποδόσει
1244 879 1634 960 κολάζοντος
1672 879 1789 967 τὴν
1818 886 2246 965 προπέτειαν,
2294 877 2456 965 αὕτη
2488 880 2686 969 ῥητήν

347 1007 500 1047 τινα
540 983 651 1048 καὶ
694 985 1301 1067 συμπεφωνημένην
1343 980 1654 1068 βούλεται
1695 987 2004 1067 γίνεσθαι
2046 980 2162 1067 τὴν
2200 981 2317 1049 ἐπὶ
2358 986 2437 1070 τῇ
2484 977 2688 1068 ἀναρ-

349 1079 595 1169 μοστία
622 1085 737 1170 τῆς
764 1087 1118 1168 μνηστείας
1149 1082 1399 1168 ζημίαν,
1446 1082 1557 1149 καὶ
1589 1083 1769 1150 δοκεῖ
1793 1107 1932 1167 μοι,
1980 1079 2208 1169 ὥσπερ
2241 1078 2452 1164 εἶπον,
2487 1087 2685 1150 τοῦτο

349 1185 585 1251 πλεῖον
644 1184 809 1267 ἔχειν
866 1181 1047 1265 ἰσχὺν
1105 1182 1199 1262 εἷς
1253 1181 1330 1248 τὸ
1385 1183 1476 1269 μὴ
1534 1179 1625 1262 ῶς
1681 1184 1862 1267 ἔτυχε
1910 1184 2356 1276 πεττεύεσθαι
2395 1183 2480 1251 τὰ
2520 1211 2686 1273 μνη-ε

349 1283 696 1368 στεύματα.
784 1280 825 1373 ἡ
867 1285 988 1368 μὲν
1029 1283 1152 1370 γὰρ
1195 1288 1313 1351 τοῦ
1359 1279 1744 1371 ἀῤῥαβῶνος
1787 1280 2109 1365 ἀπώλεια,
2156 1282 2384 1372 ὥσπερ
2431 1286 2545 1353 ἐπὶ
2587 1288 2684 1374 τῷ

347 1388 533 1456 δόντι
574 1381 716 1454 εἶτα
757 1384 847 1473 μή
892 1390 1230 1471 στέργοντι
1270 1385 1386 1473 τὴν
1429 1392 1783 1472 μνηστείαν
1817 1384 2116 1473 ὥρισται,
2160 1383 2339 1474 καὶὴ
2374 1389 2579 1477 διπλῆ
2612 1390 2685 1455 δὲ

348 1482 681 1566 ἀπότισις,
726 1485 805 1573 ἣν
836 1482 872 1553 ὃ
915 1486 1030 1553 τὸν
1061 1481 1413 1575 ἀῤῥαβῶνα
1454 1487 1674 1574 λαβὼν
1705 1483 1848 1555 εἶτα
1888 1487 1977 1575 μὴ
2010 1489 2338 1574 ἐπιμένων
2371 1485 2475 1568 οἷς
2506 1485 2685 1575 ὦμο-

346 1588 619 1675 λόγησεν
662 1584 892 1671 ὖπέχει
935 1589 1187 1675 ζημίαν,
1232 1588 1399 1672 τάχα
1444 1588 1559 1656 διὰ
1598 1588 1676 1655 τὸ
1718 1590 2120 1678 κουφότερον
2150 1597 2683 1678 προπετέστερον

346 1691 585 1757 δίδωσι
613 1701 757 1769 τοῖς
782 1690 1210 1776 βουλομένοις
1252 1690 1345 1769 εἷς
1387 1689 1503 1777 τὴν
1535 1686 1856 1776 ἀθέτησιν
1887 1688 2095 1778 ὁρμᾶν
2124 1696 2257 1758 τῶν
2287 1689 2676 1779 ὁμολογιῶν,

342 1787 480 1858 ὖπὸ
527 1793 596 1858 δὲ
639 1795 756 1879 τῆς
800 1798 1188 1878 συμφωνίας
1216 1792 1412 1880 ῥητῆς
1449 1792 1856 1880 εἰσπράξεως
1882 1799 2247 1880 βαρυτέραν
2278 1789 2681 1862 ἀπαντῶσαν

345 1888 521 1980 αύτῷ
564 1892 681 1981 τὴν
728 1895 960 1980 ζημίαν
1006 1890 1176 1979 ὁρῶν
1224 1890 1257 1959 ὃ
1304 1890 1648 1980 ἀβέβαιος,
1707 1895 1976 1974 πάντως
2032 1890 2455 1984 ὀκνηρότερος
2507 1896 2683 1983 πρὸς

341 1994 420 2061 τὸ
466 1994 841 2063 διασπάσαι
881 1996 998 2083 τὴν
1039 2002 1395 2083 μνηστείαν
1438 1995 1798 2084 γενήσεται.

495 2092 740 2182 Ὅπερ3
805 2100 914 2163 καὶ
979 2093 1169 2185 ἡμεῖς
1236 2093 1517 2183 ὁρῶντες
1579 2102 1722 2177 τοῖς
1784 2098 2131 2184 γαμηλίοις
2187 2098 2682 2184 συναλλάγμασι

338 2198 591 2281 μᾶλλον
624 2205 998 2285 συμφέρειν,
1035 2199 1129 2278 εἷς
1156 2205 1437 2287 νομίμην
1470 2199 1767 2278 διάταξιν
1796 2197 1874 2264 τὸ
1905 2192 2045 2265 ἀπὸ
2076 2205 2434 2286 συνηθείας
2463 2225 2678 2285 πρατ-

338 2297 615 2383 τόμενον
656 2305 1099 2385 καθιστῶμεν.
1167 2300 1235 2368 ἐκ
1275 2303 1394 2384 μὲν
1436 2299 1560 2388 γὰρ
1604 2303 1719 2388 τῆς
1761 2303 1879 2366 τοῦ
1910 2294 2293 2386 ἀρῤαβῶνος
2337 2296 2676 2381 ἀπωλείας

341 2400 606 2488 ῥᾳδίας*
676 2396 809 2487 ὁρῶ
864 2406 996 2468 τῶν
1050 2405 1416 2490 μνηστειῶν
1477 2401 1598 2482 τὰς
1653 2397 2064 2488 ἀνατροπὰς,
2139 2400 2208 2468 ἐκ
2265 2402 2336 2468 δὲ
2391 2405 2508 2492 τῆς
2560 2405 2678 2469 τοῦ

339 2508 712 2588 προστίμου
767 2504 1136 2590 καταβολῆς
1191 2499 1422 2571 οὐκέτι.
1512 2504 1591 2570 τὸ
1654 2503 1776 2590 γὰρ
1842 2503 2200 2590 βαρύτερον
2261 2507 2378 2591 τῆς
2447 2506 2679 2592 ζημίας

339 2602 720 2689 (βαρύτερον
765 2605 836 2671 δὲ
880 2603 1150 2683 πάντως
1190 2609 1307 2670 τοῦ
1354 2601 1738 2692 ἀῤῥαβῶνος
1780 2604 1857 2670 τὸ
1889 2604 2285 2691 πρόστιμον)
2329 2608 2436 2672 καὶ
2482 2605 2679 2673 ἄκονῦ

339 2703 574 2787 ἐπέχον
617 2705 695 2771 τὸ
738 2708 854 2793 τῆς
894 2705 1153 2793 γνώμης
1182 2709 1634 2792 παλίμβολον“
1677 2714 1966 2793 στέργειν
1996 2701 2347 2793 ἀναγκάσει
2388 2706 2473 2772 τὰ
2516 2710 2673 2792 περὶ

336 2808 470 2872 τῶν
523 2805 1103 2894 μνηστευσάντωνΊ
1157 2810 1670 2894 προδεδογμένα.
1761 2805 1970 2888 οὕτως
2026 2798 2140 2874 οὖν
2194 2810 2303 2875 καὶ
2364 2802 2501 2874 ἀπὸ
2556 2813 2674 2876 τοῦ

337 2909 452 2973 νῦν
507 2908 895 2992 κελεύσματι
953 2908 1155 2993 νόμου
1212 2908 1288 2975 τὸ
1344 2904 1519 2976 dn&
1571 2913 1687 2996 τῆς
1744 2916 2101 2997 συνηθείας
2140 2911 2521 2995 βεβαιωθὲν
2564 2913 2674 2978 καὶ

335 3014 651 3093 κρατείτω
681 3014 788 3077 καὶ
821 3010 1156 3091 διαιτάτω,
1202 3010 1513 3098 καθάπερ
1553 3010 1737 3097 ἄχρι”
1777 3014 1895 3077 τοῦ
1926 3009 2277 3095 παρόντος,
2321 3015 2432 3078 καὶ
2461 3035 2674 3100 προσ-

334 3116 529 3192 τίμου
575 3110 918 3198 εἰσπράξει
961 3108 997 3179 ὃ
1040 3112 1157 3200 τὴν
1197 3120 1552 3202 μνηστείαν
1598 3110 1984 3199 ἀνατρέπων
2030 3111 2438 3200 ζημιούσθω.

469 3364 489 3393 ³
522 3367 621 3417 Ecl.
658 3369 768 3417 hinc
802 3369 987 3431 incipit.
1191 3368 1213 3395 ¹
1248 3370 1346 3421 Ecl.
1384 3365 1620 3437 ῥᾳδίους.
1841 3365 1863 3394 ⁵
1896 3368 1976 3416 Sic
2011 3365 2110 3416 Ecl.
2150 3390 2213 3403 —
2253 3365 2402 3415 Codd.
2441 3356 2665 3414 ἄκοντα.

332 3446 355 3477 ⁶
389 3450 553 3500 Zuicli.
592 3459 640 3501 ει
672 3453 864 3501 Meet-m.
899 3447 1280 3518 παλίμβουλον.
1457 3453 1475 3481 ⁷
1509 3453 1609 3509 Ecl.
1641 3446 2153 3520 μνηστευσαμένων.
2346 3448 2367 3476 ⁸
2403 3449 2503 3501 Ecl.
2539 3443 2663 3500 ὑπὸ.

335 3533 441 3584 Non
479 3535 618 3585 male.
684 3532 707 3561 ⁰
742 3535 885 3585 Basil.
923 3527 1053 3605 ἄχρι
1086 3536 1186 3586 τοῦ
1220 3536 1335 3587 νῦν.
1421 3596 1425 3607 .
