2900 4950
311 157 435 220 302
1105 169 1223 221 eon.
1262 171 1340 221 111.
1411 171 1524 220 Nov.
1560 169 1690 220 xxV.
1724 169 1877 220 xxvt.

317 313 724 408 ὀφειλόντων
751 317 1321 404 κομμερκεύεσθαι
1351 315 1923 403 διαβιβαζομένωθ
1949 317 2136 400 παρὰ
2164 316 2461 384 δυνατῶν
2489 295 2660 397 ἴσως

309 431 558 506 προῖκα
600 420 706 485 καὶ
756 416 1022 502 ἀμισθὶ,
1073 415 1163 498 ὦς
1207 418 1276 486 ἐκ
1318 416 1555 484 τούτου
1603 415 1871 506 {maiust
1909 419 2030 504 μὲν
2059 421 2153 505 τῷ
2182 421 2382 506 κοινῷ
2414 403 2658 504 προξε-

309 527 599 600 νεῒσθαι,
650 516 882 606 ζημζαν
929 522 1001 588 δὲ
1045 522 1245 587 παντὶ
1292 523 1386 607 τῷ
1432 524 1713 607 στρατῷ,
1767 515 1805 607 ἦ
1850 521 2159 605 βασιλεία
2200 516 2388 609 ἡμῶν
2432 516 2657 608 ἀμφο-

309 628 515 707 τέρων
559 629 1013 709 προνοουμένη
1060 625 1169 689 καὶ
1213 620 1291 688 τὸ
1335 623 1459 705 μὲν
1488 620 1717 688 ἄδικον
1748 621 2159 689 ἐκκόπτουσα
2204 622 2293 690 εἷ’
2336 621 2503 705 τάχα
2543 625 2651 689 καὶ

309 722 672 811 περιττὸνζ
714 722 790 789 τὸ
837 725 909 790 δὲ
956 725 1214 794 δίκαιον
1256 726 1624 808 βεβαιοῦσα
1670 723 1728 790 εἰ
1770 726 1877 790 καὶ
1925 722 2364 810 ἐνδεέστερον,
2419 725 2656 810 διεγεί-

310 850 520 911 ρουσα
577 827 650 892 δὲ
704 828 810 890 καὶ
856 824 932 891 τὸ
989 825 1347 910 πρόθυμον
1401 828 1518 890 τοῦ
1576 824 2016 912 στρατιώτου,
2078 824 2292 892 ἐκεῖνα
2344 823 2655 911 βούλεται

313 923 454 1016 άπρ
510 929 626 1011 τῆς
683 926 967 1014 σήμερον
1025 924 1594 1011 κομμερκεύεσθαι
1650 929 1761 994 καὶ
1811 927 1901 1013 μὴ
1915 978 1933 1007 ,
2002 922 2130 993 ὅσα
2181 927 2654 1014 παραδηλώσει

310 1028 478 1096 κατὰ
519 1034 719 1114 μέρος
764 1025 799 1092 ὅ
844 1034 1189 1113 κατωτέρω
1237 1026 1600 1113 διορισμός.

488 1127 569 1193 α’.
664 1126 1082 1214 Θεσπίζομεν
1125 1133 1506 1217 τοιγαροῦν,
1552 1130 1664 1196 ἵνα
1709 1129 1774 1196 εἴ
1809 1154 1913 1207 τις
1956 1128 2026 1196 ἔκ
2067 1133 2198 1196 τῶν
2232 1131 2654 1215 στρατιωτῶν

317 1230 746 1316 δρουγγάριος
777 1231 910 1298 εἴτε
938 1230 1385 1319 κανδοφόροςῦ
1430 1233 1564 1299 εἴτε
1592 1230 1795 1318 κόμης
1826 1231 1959 1298 εἴτε
1989 1228 2338 1315 σχολάριος
2365 1224 2407 1318 ἢ
2436 1231 2654 1316 ἕτερος

312 1331 718 1422 οἱοσδήποτε
774 1332 1182 1420 στρατιώτης
1234 1331 1468 1417 μικρὸς
1510 1325 1553 1419 ἢ
1593 1337 1824 1418 μέγας,
1882 1331 2278 1419 ταγματικὸς
2320 1326 2396 1420 ἢ“
2438 1339 2653 1417 θεμα-

310 1433 509 1513 τικὸς,
560 1432 972 1521 διαπωλήσει
1014 1432 1311 1519 ψυχάρια
1351 1428 1394 1520 ἢ
1437 1431 1918 1517 άποχαρίσεταί
1932 1437 1972 1468 ¹⁰
1992 1459 2124 1500 τινι
2154 1437 2286 1500 τῶν
2316 1436 2655 1513 συντάξει-

312 1537 561 1620 δαρίων
621 1528 853 1614 αὐτοῦ,
923 1535 1056 1601 εἴτε
1111 1537 1218 1602 καὶ
1275 1538 1369 1622 τῷ
1427 1538 1820 1622 στρατηγῷ“
1880 1528 1923 1621 ἢ
1988 1534 2186 1622 ἑτέρῳ
2247 1540 2598 1621 προέχοντι
2613 1537 2655 1570 ¹²

314 1633 581 1720 ἄρχοντι
635 1641 742 1700 καὶ
801 1633 869 1701 ἐν
925 1637 1021 1721 τῷ
1077 1636 1385 1722 ταξειδίῳ
1443 1629 1771 1722 διάγοντι,
1835 1633 1924 1723 μὴ
1986 1635 2091 1723 ἒγη
2112 1639 2152 1670 ¹³
2207 1635 2506 1715 ἐξουσίαν
2547 1634 2655 1715 τῖς

313 1735 772 1822 κομμερκεύειν
817 1729 1003 1803 αὐτά.
1074 1736 1134 1804 εἰ
1178 1738 1250 1804 δὲ
1294 1736 1366 1816 ἐξ
1407 1731 1624 1803 αὐτῶν
1665 1739 1801 1802 τῶν
1830 1741 2254 1822 στρατιωτῶν
2280 1742 2472 1818 τινες,
2520 1738 2655 1804 εἴτε

320 1837 683 1925 στρατηγὸς
729 1838 862 1905 εἴτε
903 1837 1311 1926 τουρμάρχης
1355 1838 1490 1905 εἴτε
1532 1840 1761 1905 λοιποὶ
1793 1837 2099 1924 ἄρχοντες
2132 1840 2515 1924 ταγματικοὶ
2543 1836 2656 1905 καὶ

314 1943 672 2023 θεματικοὶ
719 1938 1155 2023 παράσχωσιν
1211 1934 1607 2025 ἀνθρώποις
1663 1935 1880 2007 αὐτῶν
1930 1940 2258 2026 ψυχάρια,
2318 1943 2428 2007 καὶ
2481 1935 2653 2006 άπο-

315 2043 629 2109 στείλωσι
671 2045 880 2108 ταῦτα
925 2042 1176 2127 δωρεᾶς
1217 2041 1448 2130 τρόπῳ
1508 2044 1604 2120 ε’ίς
1659 2067 1810 2108 τινα
1863 2040 2202 2128 πρόσωπα
2256 2041 2357 2108 τὰ
2384 2040 2495 2109 ἐπὶ
2537 2044 2654 2128 τῆς

312 2142 790 2230 βασιλευούσης
835 2141 1147 2228 διάγοντα
1189 2137 1231 2230 ἢ
1276 2143 1527 2223 ἔξωθεν
1574 2145 2027 2230 διατρίβοντα,
2085 2137 2128 2230 ἢ
2181 2145 2287 2210 καὶ
2334 2143 2654 2222 πολλάκις

313 2243 486 2331 πρὸς
526 2243 642 2310 τὸν
687 2245 862 2310 ἰ’διον
909 2240 1090 2312 οἶκόν
1131 2269 1205 2311 τε
1246 2247 1352 2310 καὶ
1398 2243 1483 2310 τὰ
1527 2243 1820 2332 κτήματα
1874 2239 1918 2331 ἢ
1957 2247 2069 2311 καὶ
2111 2243 2284 2330 πρὸς
2327 2255 2655 2332 συγγενεῒς

313 2352 888 2430 παραπέμψονται
935 2340 1073 2412 άπὸ
1117 2345 1407 2425 τούτων,
1466 2346 1577 2412 ἵνα
1617 2348 1784 2434 μηδὲ
1840 2342 2008 2413 αὐτὰ
2050 2345 2648 2433 κομμερκεύωνται·

311 2447 487 2535 πλὴν
546 2448 605 2515 εἰ
664 2446 734 2527 ἐξ
792 2441 1008 2514 αὐτῶν
1064 2449 1197 2513 τῶν
1256 2452 1680 2533 στρατιωτῶν
1732 2474 1906 2528 τινες
1964 2447 2348 2530 ἐξελθόντες
2411 2448 2508 2529 εἷς
2569 2449 2652 2517 τὰ

313 2548 607 2634 ἐμπόριά
660 2574 734 2615 τε
789 2542 894 2614 καὶ
939 2545 1149 2636 χωρία
1191 2552 1307 2638 τῆς
1364 2551 1700 2637 ῥωμαϊκῆς
1741 2554 1858 2639 γῆς
1915 2544 2476 2638 ἆπεμπολήσουσι
2518 2563 2652 2638 ψυ-

309 2650 509 2736 χάρια
567 2650 661 2728 εἷς
712 2649 868 2728 τοὺς
921 2650 1089 2742 apat&
1142 2651 1314 2717 τὸν“
1370 2651 1584 2717 τόπον
1640 2648 1985 2737 ἄρχοντας,
2053 2651 2206 2732 τοὺς
2258 2652 2346 2740 μὴ
2406 2678 2653 2739 παρευ-

312 2758 631 2839 ρεθέντας
686 2752 851 2831 ἴσως
907 2752 1001 2831 εἷς
1047 2753 1411 2833 ταξείδιον,
1482 2741 1668 2819 οὗτοι
1725 2754 1798 2819 δὲ
1855 2753 1943 2829 (οἱ
2000 2752 2482 2839 ἐξωνησάμενοι
2538 2757 2653 2842 δη-

311 2854 571 2933 λονότι)
637 2853 1002 2941 θελήσουσι
1057 2858 1266 2921 ταῦτα
1322 2856 1751 2941 διαπωλῆσαι
1814 2856 2003 2922 εἴτε’“”
2066 2858 2178 2921 καὶ
2240 2852 2653 2943 άποχαρίσα-

313 2963 486 3024 σθαι
540 2952 939 3042 προσώποις
995 2955 1273 3042 ἑτέροις,
1339 2957 1451 3023 ἵνα
1505 2962 1845 3041 παρέχωσι
1906 2955 1987 3023 τὸ
2039 2962 2448 3044 κομμέρκιον.
2541 2957 2653 3025 ἐὰν

315 3059 388 3125 δέ
451 3083 625 3137 τινες
704 3057 770 3124 ἐκ
842 3060 976 3123 τῶν
1052 3053 1381 3143 ἀρχόντων
1459 3061 1592 3124 τῶν
1658 3056 1746 3144 μὴ
1813 3056 2322 3138 ταξειδευόντων
2388 3051 2654 3144 ἀνθρώ-

312 3184 484 3239 πους
539 3153 755 3226 αὐτῶν
813 3156 981 3242 μετὰ
1034 3158 1150 3247 τὴν
1208 3159 1531 3240 ἓξέλευσιν
1587 3162 1705 3226 τοῦ
1760 3159 2104 3246 φοσσάτου
2147 3159 2263 3247 τὴν
2304 3166 2654 3247 γενομένην

312 3257 451 3329 άπὸ
494 3265 610 3349 τῆς
652 3258 979 3345 πολεμίας
1020 3262 1137 3349 γῆς
1181 3254 1636 3328 ἀποστείλωσι
1677 3264 1793 3326 τοῦ
1827 3260 2292 3348 ἐξωνήσασθαι
2334 3261 2651 3347 ψυχάρια,

309 3367 521 3433 ταῦτα
565 3363 677 3429 ἵνα
720 3360 1317 3448 κομμερκεύωνται,
1375 3366 1508 3428 τῶν
1554 3358 1937 3447 ἅγοραστῶν
1984 3363 2287 3451 δηλονότι
2329 3362 2657 3448 παρεχόν-

310 3490 444 3529 των
509 3463 585 3527 τὸ
651 3469 1062 3547 κομμέρκιον.
1151 3465 1264 3529 καὶ
1326 3466 1534 3530 ταῦτα
1598 3466 1718 3548 μὲν
1783 3467 1939 3551 περὶ
2005 3469 2137 3532 τῶν
2199 3465 2658 3551 καβαλλαρίων

311 3566 752 3649 στρατιωτῶν.

480 3663 562 3751 β.
651 3667 824 3751 Περὶ
873 3665 944 3731 δὲ
986 3668 1118 3731 τῶν
1149 3666 1475 3750 πλωΐμων
1515 3670 1711 3734 τοῦτο
1742 3667 2172 3752 θεσπίζομεν,
2218 3667 2331 3735 ἵνα
2361 3663 2513 3734 ὅσοι
2535 3668 2655 3752 μὲν

313 3763 722 3855 εὑρίσκονται
743 3772 780 3803 ¹⁶
822 3766 1071 3854 κάστρα
1113 3769 1626 3855 πολιορκοῦντες
1669 3770 1801 3837 εἴτε
1837 3768 2297 3855 κουρσεύοντες
2323 3768 2492 3854 μετὰ
2533 3773 2652 3836 τοῦ

445 3956 466 3984 ⁸
501 3959 642 4009 Laut.
680 3959 757 4008 hie
794 3965 842 4008 et
875 3974 984 4010 mox
1022 3956 1183 4026 ζημία
1217 3960 1507 4010 nominativo
1543 3976 1674 4011 casu.
1792 3959 1812 3987 ⁷
1848 3961 1977 4011 Idem
2004 3968 2051 4010 et
2077 3963 2179 4011 Par.
2206 3961 2369 4011 2005:
2411 3951 2573 4009 εἶκαὶ
2597 3972 2647 4007 τ.

311 4038 333 4065 ⁸
369 4042 448 4092 Sic
487 4043 636 4093 Codd.
708 4044 849 4092 Wiue
873 4038 1240 4109 κουδοφόρος,
1279 4046 1504 4107 Ducange
1528 4040 1885 4112 βανδοφόρος
1909 4047 2185 4111 conjiciunt.
2323 4043 2345 4071 ⁹
2380 4044 2648 4095 Lamnas.

311 4120 351 4149 ¹⁰
385 4126 486 4174 Par.
523 4127 686 4176 2005:
727 4118 1146 4193 ἆποχαρίσηται.
1255 4126 1285 4154 ¹¹
1327 4130 1463 4179 Laut.
1503 4137 1548 4178 et
1589 4130 1688 4180 Par.
1715 4129 1877 4180 2005:
1918 4124 2017 4178 τὸν
2035 4122 2363 4197 στρατηγόν.
2473 4126 2511 4154 ¹²
2549 4129 2653 4180 Par.

319 4207 477 4257 1351:
515 4206 738 4275 προσέχ.
883 4209 918 4238 ¹³
954 4213 1090 4263 Laut.
1129 4220 1176 4263 et
1213 4215 1316 4265 Par.
1353 4213 1518 4263 2005:
1557 4205 1718 4278 ἔχειν.
1858 4211 1896 4240 ¹⁴
1934 4215 2197 4265 Articulum
2235 4229 2330 4265 non
2367 4212 2513 4264 habet
2549 4213 2653 4263 Par.

318 4291 464 4341 1351.
600 4290 637 4317 ¹⁵
675 4292 812 4343 Laut.
847 4288 896 4344 εἶ
929 4296 980 4357 (l.
1019 4286 1091 4356 ἢ).
1233 4296 1272 4325 ¹⁰
1310 4299 1413 4348 Par.
1450 4298 1615 4349 2005:
1663 4289 2035 4366 εὖρίσκωνται.
