2900 4950
352 218 476 281 250
1272 228 1389 277 con.
1429 227 1506 275 m.
1579 225 1690 273 nov.
1731 225 1778 272 v.

353 378 612 463 πραξιν.
703 374 919 454 ἄλλως
978 401 1050 442 τε
1107 374 1180 441 δὲ
1234 375 1341 440 καὶ
1386 371 1466 438 τὸ
1522 377 1868 456 περίεργον
1924 373 2030 437 καὶ
2091 366 2526 459 ἀνελεύθερον
2580 375 2701 459 τῆς

353 483 484 546 τῶν
550 479 819 544 πολλῶν
883 474 1142 561 γνώμης
1207 471 1320 539 διὰ
1385 474 1504 556 τῆς
1566 478 1830 554 ταχείας
1895 470 2304 553 εἰσπράξεως
2369 468 2486 538 οὐκ
2550 472 2700 557 ἐρυ-

350 581 628 664 θριάσει
668 577 757 665 μὴ
806 571 919 643 ούκ
964 570 1539 660 ἆπαράθραυστον
1582 579 1800 656 μένειν
1857 572 1972 660 τὴν
2028 576 2160 637 τῶν
2204 568 2700 641 ὗποτυπωθέν-

351 683 541 748 τωνιω
588 680 853 764 ἔκβασιν
899 672 1546 761 διαμηχανήσασθαι.
1607 686 1751 753 τοῖς
1779 674 1900 760 γὰρ
1934 669 2307 760 ἀπληστίας
2336 673 2556 743 πάθει
2582 680 2695 743 καὶ

351 783 593 868 ψυχικῇ
641 785 840 865 πενίᾳ
883 775 1053 863 πρὸς
1096 778 1414 842 τοσοῦτον
1461 776 1795 861 πορισμὸν
1840 775 2322 863 προστετηκόσι
2354 779 2460 843 καὶ
2491 779 2698 865 μηδὲν

352 882 622 966 αἰσχρὸν
665 884 798 948 τῶν
845 879 938 957 εἷς
978 877 1430 963 χρηματισμὸν
1463 878 1944 944 συντελούντων
1974 874 2557 962 ὖπολογιζομένοις
2583 879 2700 946 καὶ

348 984 672 1071 τοσαύτης
727 976 1373 1065 πολυπραγμοσύνης
1429 977 1704 1064 ἐφόδιον
1747 1006 1863 1065 την
1911 979 2295 1063 ἐλευθερίαν
2340 978 2698 1066 ἔπιφορτι·

352 1087 649 1169 ζομένοις
692 1079 880 1150 οὐδὲν
913 1076 1300 1165 άτόλμητον,
1350 1074 1540 1147 οὐδὲν
1572 1075 2126 1165 ἀνεπιχείρητοιῦΠ
2170 1079 2696 1166 περιλειφθήσε-

349 1213 463 1253 ται
507 1187 600 1264 εἷς
641 1185 756 1272 τὴν
800 1188 917 1269 τῆς
974 1182 1220 1258 οἰκείας
1274 1181 1812 1266 συμβαλλόμενον
1858 1186 2253 1267 προθέσεως
2298 1182 2692 1248 συντέλειαν.

349 1284 487 1356 ἀλλ’
538 1288 632 1366 εἷς
673 1285 956 1354 κώλυσιν
1000 1287 1133 1350 τῶν
1177 1285 1420 1349 καινῶν
1467 1282 1935 1371 ἐφευρημάτων
1964 1284 2072 1349 καὶ
2119 1282 2532 1369 ἐκπλήρωσιν
2561 1287 2695 1348 τῶν

350 1392 828 1476 διορισθέντων
889 1383 926 1452 ὃ
979 1388 1096 1472 τῆς
1151 1389 1438 1467 τριετίας
1499 1384 1592 1462 εἷς
1636 1380 2399 1472 ἀναμονὴνπροκείσθω
2438 1383 2692 1468 χρόνος,

347 1495 457 1560 καὶ
511 1494 606 1576 τῷ
666 1484 901 1575 ἀπόρῳ
954 1486 1072 1574 τὴν
1131 1478 1450 1570 εὐπορίαν
1510 1491 1735 1572 φέρειν
1788 1486 2146 1571 δυνάμενος
2197 1488 2303 1553 καὶ
2356 1484 2474 1570 τὴν
2518 1480 2687 1552 ἀπό-

350 1594 539 1660 δοσιν
585 1586 859 1667 ἀλύπως
901 1592 1212 1673 παρέχειν
1256 1587 1745 1671 ταμιεὺόμενος.
1836 1590 1939 1656 δεῖ
1979 1586 2102 1673 γὰρ
2146 1587 2313 1670 μετὰ
2361 1591 2479 1653 τοῦ
2525 1611 2695 1672 συμ-

351 1695 725 1780 φέροντοςθθ
767 1692 876 1756 καὶ
918 1689 996 1753 τὸ
1043 1686 1537 1774 φιλάνθρωπον
1592 1692 2195 1777 συνεξυφαίνεσθαι
2249 1700 2394 1767 τοῖς
2441 1695 2693 1770 θεσμο-

348 1799 780 1877 θετουμένοις
834 1793 940 1857 καὶ
1002 1793 1594 1875 συνεισφέρεσθαι,
1663 1794 1771 1857 καὶ
1830 1791 2046 1870 ἄλλως
2102 1793 2173 1857 δὲ
2226 1792 2401 1856 τοῦ89
2453 1790 2691 1875 χρόνου

347 1895 778 1982 ὑπερθέσεως
824 1892 1264 1976 εἷσαχθείσης.
1356 1886 1542 1970 ἅπαξ
1593 1890 1715 1977 γὰρ
1759 1897 1874 1980 τῆς
1926 1895 2076 1975 περὶ
2123 1891 2373 1958 τούτων
2419 1888 2695 1979 ἀποφά-

347 2022 517 2077 σεως
559 1998 1037 2080 ἐξενεχθείσης,
1094 1989 1249 2070 τοὺς
1304 1996 1607 2080 παρακοῇ
1663 1997 1795 2061 τῶν
1854 1999 2438 2080 προστεταγμένων
2482 1994 2694 2061 ἑαλω-

345 2100 540 2178 κότας
598 2095 674 2164 ού
732 2099 913 2176 ξένον
971 2088 1124 2159 οὐδὲ
1181 2092 1458 2176 νόμιονου
1514 2089 1861 2180 ἀλλότριον
1917 2101 2050 2163 τῶν
2108 2097 2366 2162 οἰκείων
2425 2095 2690 2162 ἐπαπο-

346 2200 622 2268 λαύεινΩι
669 2197 895 2264 πόνων
940 2194 1023 2261 τὰ
1069 2194 1368 2277 ἐπίχειρα
1412 2199 1519 2261 καὶ
1564 2200 1697 2263 τῶν
1742 2198 2130 2281 προσόντων
2163 2193 2688 2281 ἇλλοτριοῦσθαι

350 2300 832 2384 δικαιωμάτων.
924 2292 1092 2362 ἀλλὰ
1155 2294 1277 2381 γὰρ
1336 2291 1438 2364 ἀεὶ
1483 2296 1974 2423 φιλανθρώπῳ
2039 2299 2117 2366 τὸ
2182 2295 2510 2383 αὐστηρὸν
2571 2301 2689 2386 τῆς

357 2399 691 2490 ἀκριβείας
732 2398 1147 2486 κεραννύντες
1175 2396 1416 2486 γνώμῃ,
1466 2393 1608 2466 ἀντὶ
1651 2404 1767 2488 τῆς
1806 2401 2266 2490 προσηκούσης
2296 2400 2689 2480 ἐκπτώσεως
2778 2454 2791 2457 -

345 2506 463 2592 τὴν
518 2510 635 2593 τῆς
698 2508 987 2588 τριετίας
1050 2495 1377 2588 ἀναβολὴν
1444 2503 1940 2589 διωρισάμεθα,
2004 2513 2287 2591 μετρίως
2346 2507 2465 2588 μὲν
2531 2504 2688 2583 τοὺς

345 2605 867 2694 ἐξημαρτηκότας
931 2602 1343 2683 κολάζοντες,
1391 2598 1593 2683 ἀξίως
1659 2607 1731 2672 δὲ
1792 2610 1899 2673 καὶ
1964 2607 2120 2685 τοὺς
2183 2607 2405 2685 ελέους
2470 2617 2686 2689 τυχεῖν

346 2705 571 2789 ἀξίους
611 2713 898 2794 πένητας
939 2708 1017 2792 τῇ
1051 2699 1340 2792 ἀναβολῇ
1373 2700 1820 2791 ἆγαθύνοντές
1847 2734 1919 2775 τε
1948 2711 2057 2775 καὶ
2086 2708 2679 2795 παρηγορούμερφι,

341 2810 452 2878 καὶ
499 2810 863 2895 σύμμετρον
909 2807 1296 2892 {naz-&pamm
1344 2806 1461 2895 τὴν
1507 2799 1881 2894 θεραπείαν
1924 2816 2418 2897 προσφέροντες
2459 2836 2532 2878 τε
2574 2812 2685 2877 καὶ

343 2908 839 3001 ἀφοσιούμενοι.

513 3013 591 3095 ς’.
608 3017 654 3049 ⁹³
732 3009 907 3080 Ἐπεὶ
956 3012 1028 3078 δὲ
1055 3016 1168 3078 καί
1195 3013 1437 3090 τινας”’
1459 3010 1673 3134 ‘nobs
1682 3011 2008 3096 τοσαύτην
2035 3017 2505 3100 χρηματισμῶν
2536 3013 2685 3100 ἕλη-

340 3116 620 3195 λακότας
663 3115 965 3201 πόθησιν
996 3107 1381 3200 ἀκηκόαμεν,
1429 3109 1521 3192 ὦς
1551 3111 1809 3192 εὐώνως
1837 3114 1957 3193 τὰς
1984 3119 2117 3182 τῶν
2148 3114 2468 3202 πενήτων,
2515 3110 2686 3182 ἀλλὰ

339 3217 524 3305 γὰρ95
567 3220 715 3296 πῶς
745 3215 919 3284 εἴπω
965 3213 1434 3300 ἐξωνήσασθαι
1462 3218 1570 3283 καὶ
1598 3215 1688 3303 μὴ
1717 3214 1958 3299 χανδόν
1990 3227 2381 3298 καταπιεῒν;
2424 3216 2687 3302 κτήσεις

340 3322 787 3406 προελέσθαι·
833 3315 912 3383 τὸ
955 3319 1071 3404 τῆς
1125 3315 1386 3403 γνώμης
1438 3320 1547 3384 καὶ
1603 3321 1719 3404 τῆς
1773 3318 2079 3402 πράξεως
2137 3318 2461 3406 διάφορον
2506 3313 2686 3402 οὗχ”

340 3417 577 3505 ὁμοίαν
633 3422 766 3485 τῶν
832 3416 1307 3503 προλαβόντων
1371 3417 1489 3505 τὴν
1559 3417 1886 3503 διάκρισιν
1955 3420 2397 3507 ἐξειργάσατο.
2489 3420 2684 3506 εἴπερ

341 3512 455 3587 οὖν
514 3516 882 3605 εὑρίσκεται
935 3513 1103 3602 ὑπὲρ
1159 3517 1238 3584 τὸ
1295 3518 1655 3588 διπλάσιον
1697 3516 1737 3607 ἦ
1792 3523 2013 3589 δικαία
2056 3526 2189 3589 τῶν
2232 3527 2679 3607 πεπραμένων

339 3617 763 3707 ἆποτίμησις,
811 3613 1186 3705 άναργὺρως
1227 3618 1381 3699 τοὺς
1425 3616 1878 3707 ἀγοράσαντας
1923 3618 2444 3691 ἀπελαύνεσθαι.

509 3722 649 3805 ζ’.“’
737 3721 820 3788 Εἰ
865 3721 936 3788 δὲ
978 3723 1086 3787 καὶ
1128 3719 1217 3810 μὴ
1265 3722 1436 3809 πρὸς
1480 3727 1831 3805 τοσοῦτον,
1881 3720 2062 3809 ὅμως
2107 3726 2179 3791 δὲ
2226 3725 2322 3805 εἰς
2365 3748 2683 3809 περιγρα-

341 3864 614 3873 ——-—-—·-——

470 3928 513 3957 ⁸⁰
551 3928 746 3980 Leuncl.
783 3923 1170 3986 πωληθέντων.
1361 3927 1400 3956 ⁸²
1436 3930 1633 3980 Leuncl.
1670 3923 1793 3979 οὐδ’
1836 3921 2289 3999 ἇνεπιχείριστον.
2468 3927 2511 3957 ⁸⁸
2552 3931 2681 3980 Idem

332 4009 473 4081 μετὰ
509 4007 722 4062 δικαίου
757 4006 847 4061 καὶ
885 4012 982 4061 τοῦ
1019 4026 1197 4081 συμφ.
1273 4016 1412 4064 Forte
1444 4009 1587 4080 μετὰ
1632 4013 1732 4062 τοῦ
1781 4011 1994 4065 δικαίου
2037 4011 2129 4065 καὶ
2164 4011 2227 4064 τὸ
2265 4012 2556 4083 συμφέρον
2591 4009 2683 4064 καὶ

336 4096 452 4166 φιλ.
595 4096 638 4123 ⁸⁹
675 4098 805 4147 Idem
842 4097 938 4157 τῆς
971 4097 1086 4146 τοῦ.
1226 4096 1270 4125 ’⁰
1307 4100 1510 4151 Verbum
1528 4093 1721 4164 νόμων
1740 4102 1868 4164 apud
1892 4102 2086 4152 Leuncl.
2116 4103 2269 4152 deest.
2406 4098 2444 4126 ⁹¹
2483 4098 2678 4149 Leunoi.

334 4174 646 4244 ἀπολαβεῖν.
810 4178 855 4206 ⁹²
891 4183 1031 4231 Deest
1072 4183 1198 4244 apud
1236 4184 1378 4234 Lubb.
1530 4180 1572 4210 ⁹⁸
1608 4184 1737 4234 ldem
1772 4186 1822 4234 in
1860 4202 2005 4248 marg.
2044 4183 2114 4243 ζ’.
2156 4182 2281 4253 περὶ
2321 4182 2433 4233 τῶν
2465 4177 2683 4235 εὐώνους

333 4259 889 4332 προεξωνησαμένων.
1098 4263 1142 4290 ”⁸
1194 4267 1385 4318 Leuncl.
1435 4283 1588 4322 τινας·
1631 4262 1738 4317 καί.
1948 4269 1991 4296 ⁰⁵
2039 4272 2168 4321 Idem
2215 4264 2324 4336 γὰρ
2374 4283 2468 4318 non
2519 4268 2679 4318 habet.

330 4348 377 4379 ⁰⁸
414 4352 555 4399 Lubb.
591 4342 684 4396 καὶ
717 4340 835 4413 οὐχ.
978 4346 1018 4373 ⁹⁷
1055 4350 1180 4398 Haec
1218 4353 1357 4414 capiti
1395 4354 1700 4417 praecedenti
1740 4354 1931 4405 Leuncl.
1971 4363 2017 4406 et
2044 4357 2187 4405 Labb.
2227 4355 2550 4419 conjungunt:
2591 4366 2681 4414 ego
