2900 4950
310 208 390 270 76
1167 221 1285 270 Cou.
1324 220 1381 271 11.
1452 219 1564 270 Nov.
1603 221 1653 270 V.
1691 220 1762 269 Vi.

305 370 630 453 θεροῦται
673 368 974 445 δουλείας
1018 365 1294 449 δεσμῶν,
1342 360 1421 433 οὗ
1465 371 1670 454 πένης
1714 366 1937 432 οἴκτου
1978 367 2481 454 μεταλαγχάνει,
2529 364 2646 437 οὐκ

308 469 507 548 ἄλλος
549 471 651 546 τὶς
694 464 1005 553 ἀνάγκαις
1034 467 1423 550 πιεζόμενος
1451 472 1891 552 παραμυθίας
1934 462 2216 553 εὖρίσκει
2246 463 2641 551 ἀπόλαυσιν,

305 571 527 654 πάσης
555 572 670 657 τῆς
712 572 829 635 τοῦ
856 567 1255 654 μονάζοντος
1283 574 1674 654 περιουσίας
1701 571 1796 653 τῷ
1825 575 2244 656 μοναστηρίῳ
2275 570 2641 659 διδομένης.

473 671 612 737 Διὰ
654 673 852 738 τοῦτο
900 668 977 756 δὴ
1022 669 1451 752 θεσπίζομεν,
1501 669 1594 736 22⁵
1635 670 1757 752 μὲν
1800 665 2005 755 ὤφθη
2049 669 2215 736 κατὰ
2255 669 2372 737 τόν
2413 672 2643 757 καιρὸν

310 769 422 840 ὅτε
474 770 590 837 τὸν
645 769 977 858 μοναστὴν
1024 771 1233 837 εἵλετο
1288 776 1436 854 βίον
1482 765 1518 835 ὃ
1565 766 1931 854 ἄνθρωπος
1985 763 2528 860 ἂφιερωσάμενός
2576 797 2647 839 τι

305 877 384 961 τῇ
443 872 774 959 ἐκκλησίᾳ,
841 866 1016 937 εἶναι
1071 866 1247 957 αὐτῷ
1305 869 1464 954 περὶ
1513 874 1645 937 τῶν
1701 867 1974 954 ὕστερον
2030 878 2647 960 προσκατημένωνι

309 969 627 1059 ἇβίαστον
668 976 777 1039 καὶ
820 971 1045 1055 κῦρίαν
1086 970 1205 1058 τὴν
1247 970 1509 1058 γνώμην
1551 969 1782 1049 καθὼς
1837 965 1916 1038 ἂν
1973 984 2369 1057 προαιροῖτο
2419 972 2643 1040 πάντα

309 1077 579 1143 διοικεῖν
600 1095 613 1108 ·
661 1073 720 1139 εἰ
764 1074 836 1140 δὲ
877 1073 1081 1158 μηδὲν
1127 1068 1298 1150 ὅλως
1339 1067 1474 1138 κατ’
1526 1063 1727 1156 ἆρχάς
1766 1074 1860 1157 τῷ
1902 1079 2322 1160 μοναστηρίῳ
2365 1097 2643 1158 προεισ-

307 1175 687 1263 ενήνεκταιΊ,
730 1172 884 1240 ,τότε
930 1174 1073 1260 διχῆ
1115 1171 1232 1259 τὴν
1276 1168 1559 1256 ὕπαρξιν
1602 1178 1986 1256 τέμνεσθαι,
2032 1178 2165 1241 τῶν
2196 1176 2483 1261 μερίδων
2527 1178 2646 1263 τῆς

303 1279 423 1361 μὲν
470 1278 766 1361 διμοιρία
810 1274 1509 1360 συγκεφαλαιουμένης,
1556 1278 1672 1362 τῆς
1717 1275 1788 1340 δὲ
1829 1282 2030 1361 τρίτῳ
2063 1281 2248 1360 μέρει
2266 1279 2304 1356 ⁸,
2351 1278 2461 1342 καὶ
2493 1276 2647 1342 δια-

303 1384 633 1445 τίθεσθαι
683 1376 801 1460 μὲν
861 1369 952 1453 ὥς
1006 1371 1086 1440 ἄν
1143 1397 1311 1442 ποτε
1375 1373 1623 1454 δόξειεν
1688 1369 1865 1462 αὐτῷ
1929 1374 2086 1460 περὶ
2146 1379 2266 1442 τοῦ
2334 1377 2642 1462 διμοίρου

303 1479 642 1565 τμήματος
684 1475 799 1542 τὸν
841 1473 1226 1559 μονάζοντα,
1271 1474 1349 1541 τὸ
1392 1481 1616 1561 τρίτον
1667 1476 1739 1542 δὲ
1788 1471 2340 1561 ἆποκληροῦσθαι
2381 1481 2476 1563 τῷ
2519 1501 2645 1562 μο-

305 1585 650 1666 ναστηρίῳ.
714 1572 881 1643 ἀλλὰ
922 1580 1132 1642 ταῦτα
1163 1578 1283 1659 μὲν
1314 1576 1472 1662 περὶ
1501 1566 1592 1642 ὧν
1623 1576 1972 1663 ἐζητήσατε
2012 1576 2090 1643 τὸ
2131 1573 2443 1664 ἡμέτερον
2474 1574 2646 1646 ἅπε-

302 1685 599 1746 θέσπισε
638 1677 890 1763 κράτος.
982 1676 1201 1765 δεήσει
1243 1678 1315 1744 δὲ
1356 1677 1473 1766 τὴν
1515 1673 1832 1763 ὑμετέραν
1873 1677 2323 1766 μακαριότητα
2350 1689 2495 1758 τοῖς
2522 1675 2639 1746 ὑπ’

305 1775 506 1868 αὐτὴν
551 1776 775 1847 ἅπασι·
810 1778 1365 1866 θεοφιλεστάτοις
1404 1781 1928 1866 μητροπολίταις
1969 1779 2206 1864 ἔκδηλα
2232 1784 2646 1867 καταστῆσαι

301 1881 388 1949 τὰ
441 1886 968 1965 τεθεσπισμένα,
1034 1873 1272 1959 αὐτούς
1323 1905 1396 1948 τε
1451 1881 1941 1968 παραπλησίως
1991 1891 2135 1958 τοῖς
2187 1876 2299 1946 ὑπ’
2362 1881 2645 1961 ἐκείνους

303 1982 701 2061 ἐπισκόποις
746 1981 1126 2069 ἐμφανίσαι,
1172 1976 1506 2059 κάκείνους
1548 1989 1697 2060 ταῖς
1742 1971 1832 2047 ὧν
1864 1981 2093 2064 ἔλαχον
2120 1980 2238 2069 τὴν
2269 1982 2640 2084 ἐπιτροπὴν

304 2083 700 2171 ἐκκλησίαις,
763 2080 935 2150 ὥστε
976 2082 1087 2149 καὶ
1128 2086 1241 2149 νῦν
1284 2084 1390 2149 καὶ
1439 2080 1535 2160 εἰς
1575 2081 1690 2147 τὸν
1736 2082 1969 2149 ἔπειτα
2007 2082 2243 2168 χρόνον
2284 2087 2493 2150 ταῦτα
2533 2086 2643 2151 καὶ

306 2185 868 2271 διαγινώσκεσθαι
909 2186 1085 2251 πᾶσι
1126 2185 1235 2250 καὶ
1279 2178 1491 2260 οὕτως
1535 2181 1976 2266 πράττεσθαι.

1315 2584 1487 2646 Nov.
1533 2586 1625 2646 Vl.

214 2766 225 2771 -
300 2709 379 2772 Ut
420 2708 477 2769 in
523 2708 636 2780 his,
684 2707 784 2789 qui
827 2702 1098 2766 monachi
1144 2702 1269 2764 fieri
1312 2703 1532 2778 volunt,
1577 2710 1893 2785 utrumque
1924 2714 2188 2770 servetur
2214 2717 2466 2789 tempu3‚
2511 2720 2637 2771 tum

301 2810 457 2889 quod
503 2818 704 2869 sancta
749 2814 909 2867 sexta
966 2804 1224 2885 synodus
1281 2804 1512 2878 statuit,
1567 2812 1692 2865 tum
1740 2809 1895 2884 quod
1951 2821 2190 2872 sanctus
2236 2810 2483 2873 Basilius
2537 2812 2642 2873 de-

301 2909 496 2982 crevit,
542 2909 831 2970 bonorum
877 2925 1013 2967 vero
1058 2905 1206 2985 ejuzz,
1254 2906 1353 2985 qui
1399 2914 1662 2986 tempore
1707 2927 1741 2968 a
1786 2909 2010 2988 synodo
2055 2919 2272 2973 statuto
2316 2910 2640 2973 monachus

384 3012 467 3086 fit,
514 3009 819 3091 dispositio
863 3007 1187 3070 secundum
1234 3008 1480 3068 sormam
1525 3027 1559 3068 a
1604 3006 1774 3070 nobis
1819 3012 2181 3090 propositam
2229 3013 2507 3092 procedat
2526 3012 2563 3074 ¹.

1154 3166 1664 3251 ΔΙΛΤΆΞἹΣ
1708 3182 1789 3261 ς’.
2313 3168 2349 3191 ‘

299 3311 493 3409 Περὶ
556 3311 694 3388 τοῢ
774 3310 1291 3407 φυλάττεσθαι
1357 3304 1706 3404 ἑκάτερον
1771 3307 1905 3382 τὸν
1969 3307 2233 3404 καιρὸν
2299 3308 2416 3383 ἐπὶ
2483 3320 2641 3388 τῶν

298 3428 649 3519 μονᾶζειν
715 3431 1192 3528 ἐγνωκότων,
1260 3424 1348 3499 ὅν
1413 3455 1490 3498 τε
1541 3423 1587 3520 ἧ
1642 3423 1820 3524 ἁγία
1873 3426 2038 3523 ἕκτη
2107 3422 2425 3513 σύνοδος
2493 3433 2642 3516 ἐξε-

299 3554 643 3646 φώνησε,
695 3543 823 3619 καὶ
875 3543 964 3618 ὃν
1015 3542 1053 3616 ὃ
1109 3546 1313 3626 θεῖος
1363 3541 1843 3632 ἆποθεσπίζει
1893 3544 2301 3641 βασίλειος,
2365 3547 2505 3645 τὴν
2557 3547 2640 3623 δὲ

296 3674 455 3741 τῶν
502 3659 999 3759 ὑπαρχόντων
1049 3660 1415 3755 διοίκησιν
1465 3668 1603 3734 τοῦ
1653 3661 1847 3735 κατὰ
1897 3663 2035 3739 τὸν
2077 3674 2363 3761 χρόνον
2399 3665 2642 3763 μονά-

298 3826 467 3838 Μ,

432 3900 452 3930 ⁸
487 3902 659 3966 Incipit
692 3900 789 3951 Eel.
826 3902 939 3951 Nov.
976 3900 1023 3950 2.
1184 3897 1205 3926 ⁸
1242 3897 1391 3948 Codd.
1426 3908 1680 3964 προσεκτ.
1758 3901 1827 3952 cf.
1865 3910 1963 3953 not.
2001 3903 2049 3955 2.
2220 3904 2372 3954 ’.Ecl
2409 3913 2630 3969 προσεν.

297 3986 319 4016 ⁹
356 3989 436 4039 Sic
472 4004 528 4039 ex
562 3984 661 4037 Ecl.
698 3988 910 4051 reposui.
981 3985 1180 4045 Scrimg.
1229 3983 1394 4035 Zuich.
1444 3990 1493 4033 et
1537 3985 1731 4037 Meet-m.
1768 3985 1864 4047 τῆς
1893 3983 2000 4053 μὲν
2035 3982 2312 4056 διμοιρίας
2347 3998 2498 4052 συγκ.
2539 3989 2639 4047 τῆς

299 4068 358 4123 δὲ
392 4067 578 4139 τρίτης·
607 4068 810 4138 μέτρῳ.

429 4156 566 4207 ¹Est
599 4160 648 4207 in
682 4158 782 4207 Ecl.
819 4157 932 4206 Nov.
968 4152 1018 4202 3.
1087 4151 1263 4201 Eadem
1310 4151 1359 4199 in
1408 4152 1636 4204 Prochiro
1684 4164 1825 4206 aucto
1874 4160 1943 4207 iit.
1978 4157 2045 4207 40
2098 4159 2147 4206 in
2194 4156 2289 4206 flue
2335 4157 2493 4219 posita
2545 4166 2635 4207 est.

294 4241 512 4309 Denique
543 4244 765 4296 laudatur
800 4258 829 4292 a
863 4245 989 4294 nala,
1024 4243 1085 4291 ad
1120 4251 1221 4301 syn.
1255 4233 1403 4285 Trull.
1438 4251 1481 4287 c.
1519 4236 1585 4287 40
1622 4236 1717 4300 (ed.
1744 4240 1897 4291 Rhalli
1921 4241 1962 4290 11
1997 4256 2044 4306 p.
2071 4241 2193 4303 400)
2231 4246 2278 4291 et
2312 4241 2527 4292 Blastare
2552 4241 2635 4301 M,

298 4326 360 4378 15
394 4329 489 4392 (ed.
527 4330 746 4393 Revereg.
784 4328 826 4378 11
861 4326 1066 4392 p.195)·
