2900 4950
1198 272 1314 333 lmp.
1350 270 1541 319 Leonis.
2411 258 2529 318 107

208 411 595 500 ἀμετόχουςΔ
636 421 754 505 τῆς
793 415 1061 501 χάριτος
1105 416 1305 495 ε’ίασε,
1351 421 1642 499 καίτοιγε
1684 414 1799 480 τὸν
1843 412 2028 495 ἅπαξ
2071 417 2165 494 εἷς
2191 421 2385 483 τοῦτο
2414 444 2531 485 κα-

205 518 536 584 ταστάντα
590 518 791 602 νόμον
845 513 947 604 ἐφ’
997 506 1052 601 ᾦ
1103 517 1299 584 λῦσαι
1341 514 1459 601 τὴν
1505 510 1828 581 ἀπαιδίαν
1871 526 2013 594 τοῖς
2059 523 2530 601 στερουμένοις,

210 612 290 681 δι’
338 618 570 683 ἑαυτοῦ
617 616 952 683 δεικνύντα
995 622 1290 699 πατέρας
1333 610 1434 692 οἷς
1479 614 1546 681 ἐκ
1589 618 1706 680 τοῦ
1748 616 1962 700 γάμου
2002 620 2199 682 τοῦτο
2245 613 2413 684 εἶναι
2456 615 2532 683 οὗ

205 722 490 802 γέγονεν,
563 719 656 795 εἰς
717 716 975 794 πάντας
1029 715 1217 801 ἐχρῆν
1274 714 1664 800 διαβιβάσαι
1717 716 1834 802 τὴν
1892 718 2299 803 φιλοτιμίαν.
2390 713 2528 783 ἀλλ’

209 814 321 899 οὐχ
365 815 445 883 οἷ’
445 844 538 883 τω
581 818 909 902 βούλεται,
959 807 1439 897 ἀποπέμπεται
1485 817 1558 882 δὲ
1584 815 1875 896 τούτους,
1925 821 1991 884 οι
2018 818 2102 884 τὰ
2130 817 2534 902 καιριώτατα

206 917 595 1038 ἔζημίωνται
648 920 755 983 καὶ
817 915 931 994 οὓς
984 907 1061 1003 ἦν
1119 915 1288 995 εἰκὸς
1341 911 1765 1003 ἠδικημένους
1806 920 1912 984 καὶ
1958 922 2073 1004 τῆς
2117 921 2534 985 παιδοποιοῦ

205 1012 663 1105 ἀφῃρημένους
694 1017 1029 1101 δυνάμεως
1058 1017 1417 1101 οἰκτείρειν.
1480 1015 1654 1083 καὶ(
1617 1046 1655 1105 η
1689 1019 1872 1084 αἰτία
1900 1023 1977 1083 τίζ
1959 1045 2015 1104 ς
2046 1014 2530 1104 ἀποπέμψειας,

205 1114 312 1184 ότι
369 1119 573 1206 φησὶν
629 1117 742 1196 οὓς
794 1115 833 1207 ἡ
892 1117 1090 1204 φύσις
1146 1113 1262 1183 οὔκ
1319 1113 1459 1184 οἶδε
1513 1123 1707 1204 γονῆς
1748 1119 2217 1206 κληρονόμους,
2274 1120 2536 1199 τούτοις

205 1212 352 1283 οὐδ’
418 1214 453 1282 ὃ
510 1217 709 1302 νόμος
761 1217 1067 1305 τοιαύτης
1121 1217 1494 1301 μεταδώσει
1549 1222 1997 1305 κληρονομίας.
2086 1221 2239 1299 τοὺς
2292 1222 2361 1288 δὲ
2407 1247 2536 1306 αρα

206 1312 348 1400 οὗχὶ
394 1314 433 1405 ἦ
481 1316 697 1406 φύσις,
746 1314 912 1385 ἀλλὰ
953 1315 1336 1406 ἀνθρώπων
1397 1313 1623 1385 ἀδικία
1676 1319 1794 1406 τὴν
1850 1321 2285 1405 κληρονομίαν
2344 1316 2536 1409 ἀφεί-

205 1420 376 1484 λετο.

385 1517 517 1597 Οὓς
568 1515 608 1603 ἡ
663 1519 970 1603 βασιλεία
1023 1514 1207 1604 ἡμῶν
1265 1508 1335 1585 εὖ
1393 1519 1560 1601 ἔχειν
1615 1514 2181 1605 ὗπολαμβάνουσα
2231 1520 2320 1609 μὴ
2365 1521 2536 1607 πρὸς

204 1621 283 1706 τῇ
344 1619 537 1707 ζημίᾳ
590 1618 668 1707 ἢν
727 1620 798 1699 ἐξ
851 1617 1234 1704 ἀνθρώπων
1289 1615 1668 1706 ὑπέστησαν
1728 1621 2034 1705 δευτέραν
2077 1617 2378 1704 ὑπέχειν“
2424 1611 2536 1690 διὰ

203 1723 322 1786 τοῦ
367 1719 571 1803 νόμου
618 1721 867 1806 ζημίαν,
914 1720 1263 1801 &mamm
1303 1722 1743 1806 βουλομένους
1785 1722 2254 1844 υἱοποιξῒσθαι
2286 1719 2536 1790 ἀκώλυ-

203 1845 317 1886 τον
363 1821 528 1903 εχειν
572 1821 687 1909 τὴν
729 1821 1061 1910 βούλησιν.
1125 1816 1315 1905 οἶμαι
1353 1821 1477 1908 γὰρ
1523 1822 1656 1889 ἐκεῖ
1696 1825 1946 1906 μᾶλλον
1992 1817 2346 1908 ἀναγκαίαν
2380 1820 2537 1909 δρᾶ-

207 1927 377 1987 σθαι
418 1921 536 2010 τὴν
558 1917 1003 2008 ἐὖεργεσίαν,
1052 1911 1130 1989 οὗ
1172 1922 1250 1987 τὸ
1294 1922 1365 2001 ἐξ
1407 1917 1608 2020 αὐτῆς
1653 1919 1990 2009 ὠφέλιμον
2031 1925 2537 2008 χρειωδέστερον

206 2027 515 2109 πέφυκεν.
607 2018 934 2105 εὐνούχοις
992 2024 1064 2090 δὲ
1116 2021 1406 2106 μάλιστα
1470 2019 1509 2110 ἦ
1569 2023 1638 2089 ἐκ
1690 2026 1809 2089 τοῦ
1866 2024 2070 2106 νόμου
2126 2027 2538 2090 παιδοποιία

201 2126 522 2191 τοσοῦτον
562 2124 1071 2210 χρειωδεστάτη,
1133 2119 1289 2188 ὅσον
1333 2128 1441 2189 καὶ
1484 2123 1688 2207 μόνον
1730 2123 1940 2210 τούτῳ
1989 2124 2399 2207 λαμβάνουσι
2442 2128 2536 2211 τῷ

201 2223 434 2310 τρόπῳ
478 2223 555 2290 τὸ
602 2219 770 2290 εἶναι
814 2230 1123 2310 πατέρες·
1168 2226 1275 2290 καὶ
1319 2226 1434 2308 τῆς
1477 2223 1663 2305 παρὰ
1712 2224 1867 2290 υἱῶν
1913 2230 2285 2308 θεραπείας
2329 2222 2538 2304 ου’τως

204 2320 433 2403 αὐτοῖς
478 2320 882 2416 ἀπολαύσειν
926 2321 1205 2412 ὑπάρξει
1220 2329 1260 2403 ⁸,
1305 2315 1382 2411 ἧς
1428 2321 1544 2389 οὕκ
1575 2326 1717 2390 ἐστι
1749 2325 2237 2412 φιλάνθρωπον
2271 2321 2377 2391 ὅτι
2405 2329 2536 2391 τῶν

201 2433 489 2512 γονίμων
536 2421 1015 2512 ἀπεστέρηνται
1055 2434 1305 2512 μορίων
1358 2433 2027 2511 συναποστερεῖσθαι.
2120 2422 2256 2494 ἀλλ’
2307 2424 2535 2512 ὥσπερ

206 2523 243 2592 ὅ
291 2532 512 2614 φωνῆς
556 2523 1091 2615 ἀποτετμημένος
1133 2524 1208 2593 οὗ
1253 2527 1609 2595 κεκώλυται
1652 2526 1736 2594 τὰ
1777 2531 1894 2616 τῆς
1919 2527 2210 2614 γλώττης
2241 2525 2537 2611 ἀναπλη-

204 2632 362 2714 ροῦν
420 2629 531 2694 διὰ
577 2634 692 2715 τῆς
732 2628 967 2713 χειρὸς,
1016 2623 1164 2694 οὐδ’
1213 2626 1322 2707 ὃςθ
1367 2626 1612 2713 ἀπορεῖ
1656 2628 1845 2712 λόγον
1893 2629 2005 2696 διά
2044 2631 2314 2712 χειλέων
2360 2629 2538 2714 ἐρεύ-

204 2730 489 2809 ξασθαι,
555 2734 790 2795 τοῦτον
858 2728 970 2795 διὰ
1032 2733 1146 2815 τῆς
1203 2733 1465 2816 ,γραφῆς
1531 2730 1625 2807 εἰς
1687 2728 1803 2817 τὴν
1867 2730 2023 2816 περὶ
2090 2736 2221 2797 τῶν
2280 2730 2537 2799 οἰκείων

205 2829 504 2908 διάταξιν
576 2830 892 2915 προάγειν
967 2825 1452 2914 ἀποτρέπεται,
1532 2827 1705 2895 οὕτω
1737 2865 1744 2873 ·
1777 2834 2069 2917 προσῆκε
2095 2837 2137 2867 ¹⁰
2205 2835 2310 2898 καὶ
2386 2832 2540 2910 τοὺς

205 2926 557 3017 ἀφαιρέσει
636 2933 768 2995 τῶν
841 2929 1268 2996 παιδοποιῶν
1344 2933 1558 3012 μελῶν
1630 2955 1704 2996 τε
1778 2932 1884 2995 καὶ
1956 2938 2206 3015 μορίων
2232 2936 2270 2966 ¹¹
2347 2937 2539 3020 γονῆς

203 3026 627 3114 ἀποροῦντας
694 3027 782 3113 μὴ
856 3026 1128 3095 κωλύειν
1200 3029 1398 3114 ἑτέρῳ
1483 3028 1714 3114 τρόπῳ
1787 3037 2351 3114 παραμυθεῖσθαι
2421 3033 2537 3120 τὴν

202 3127 516 3217 ἀπορίαν.

340 3384 361 3412 ⁴
414 3386 561 3435 Codd.
607 3379 889 3451 μετόχους.
966 3369 1180 3435 Correxit
1229 3385 1517 3449 Stephanus,
1702 3380 1722 3409 ⁵
1773 3385 1937 3435 Zuich.
1989 3392 2033 3434 et
2069 3384 2263 3434 Meet-m.
2313 3380 2535 3450 ἐπέχειν.

205 3470 227 3496 ⁶
264 3472 359 3519 lnc.
395 3469 494 3519 Ecl.
628 3466 647 3494 ⁷
683 3470 831 3519 Iidem
868 3459 913 3516 ὅ.
989 3469 1087 3519 Ecl.
1124 3469 1325 3517 πᾶσαν.
1471 3467 1492 3495 ⁸
1527 3469 1625 3518 Ecl.
1663 3461 1933 3536 ὑπάρξειν.
2074 3465 2097 3494 ⁹
2135 3470 2285 3519 codd.
2324 3463 2448 3518 οὐδ”
2487 3462 2535 3518 ὅ.

206 3554 304 3603 Ecl.
344 3546 466 3601 οὐδ’
508 3544 577 3600 ἂν
611 3547 806 3619 ἀπορῇ.
949 3550 988 3579 ¹⁰
1023 3555 1104 3603 Sic
1140 3554 1237 3604 Ecl.
1273 3581 1343 3589 —
1380 3553 1529 3603 eodd.
1569 3546 1631 3601 τὸ
1668 3549 1961 3619 προσήκειν
1994 3554 2062 3603 vel
2089 3548 2373 3619 προσήκει,
2413 3557 2541 3604 unde

210 3638 374 3700 Steph.
431 3637 607 3687 dudum
664 3638 938 3701 conjecerat
993 3630 1134 3687 οὕτω
1187 3633 1464 3707 προσήκει.
1653 3636 1687 3664 ¹¹
1735 3638 1886 3688 Verba
1933 3650 2012 3688 r&
2037 3632 2130 3686 καὶ
2177 3633 2395 3704 μορίων
2439 3639 2539 3690 Ecl.

209 3735 304 3770 non
342 3721 498 3770 habet.
