2900 4950
333 259 499 307 xxxiv
1322 258 1678 325 prolegomena.

336 408 679 499 ἐγγράφως
723 410 1114 497 διορίσηται,
1158 400 1277 477 κᾶν
1318 408 1508 496 παρὰ
1547 411 1666 476 τοῦ
1709 411 2131 494 προεστῶτος
2167 411 2302 477 τῶν
2347 415 2670 533 σεκρέτων

339 507 802 599 ἀναφέρωνται
838 504 897 635 ςἢ
936 514 1070 578 τῶν
1114 505 1224 578 ὕπ’
1274 506 1474 579 αὐτὸν
1518 514 1900 598 σεκρετικῶν
1940 503 1984 598 ἢ
2024 513 2157 579 τῶν
2199 508 2488 579 αλλωνε
2448 511 2671 580 απάν-

334 639 502 696 των,
562 602 654 680 ὧν
709 614 781 681 αἱ
823 608 1228 698 ύπομνήσεις
1269 607 1311 701 ἢ
1354 607 1729 701 αἰτήσεις
1684 641 1724 701 η
1767 619 2016 735 κρίσεις
2057 612 2670 701 ἕτοιμασθήσονται

336 713 453 784 ἐπὶ
495 721 953 800 συμπαθείαις
996 715 1429 800 δημοσιακαῒς
1473 710 1891 802 ὀφλημάτων,
1934 713 2013 781 τὸ
2054 718 2250 801 κῦρος
2292 714 2515 795 ἕξουσι
2540 713 2668 799 μό·-

332 840 524 904 νιμον
586 814 679 898 ὥς
719 816 906 903 παρὰ
946 819 1064 882 τοῦ
1106 817 1413 903 γαληνίου
1456 816 1733 903 κράτους
1772 820 1889 906 τῆς
1929 819 2273 902 βασιλείας
2311 840 2440 901 μου
2487 816 2669 884 οἰκο-

332 917 703 1005 νομούμενα
743 920 852 986 καὶ
896 918 968 999 ἐξ
1008 912 1208 985 αὐτοῦ
1250 921 1368 985 τοῦ
1413 917 1740 1003 στόματος
1784 915 1984 1006 αὐτῆς
2015 917 2098 985 τὰ
2126 923 2461 1007 γραφέντα
2489 912 2668 986 ἀπο-

334 1019 871 1106 στοματιζόμενα.
962 1015 1103 1087 οἷαι
1141 1018 1263 1105 γὰρ
1311 1013 1389 1087 ἂν
1433 1018 1653 1099 λύσεις
1696 1014 1851 1106 παρ’
1899 1014 2101 1108 αύτῆς
2133 1015 2666 1109 άποφανθήσον-

331 1147 446 1189 ται
496 1115 540 1210 ἢ
591 1123 699 1190 καὶ
753 1120 1151 1210 προστάξεις
1206 1121 1524 1211 ἔγγραφοι
1576 1116 1620 1210 ἢ
1674 1120 1995 1211 ἄγραφοι,
2051 1115 2171 1188 κᾶν
2228 1118 2488 1208 εὔλογοι
2540 1116 2664 1191 κᾶν

333 1218 690 1312 ἀνεύλογοι,
737 1226 1074 1314 σφραγῖδα
1115 1228 1439 1313 φέρουσαι
1482 1218 1680 1313 αὐτῆς
1720 1221 1837 1312 τὴν
1864 1222 2380 1311 μεταμόρφωσιν
2407 1226 2514 1290 καὶ
2543 1223 2663 1312 τὴν

332 1333 666 1415 κοίμησιν,
725 1323 816 1408 ὥς
857 1321 1058 1414 αὐτῆς
1096 1328 1214 1412 τῆς
1253 1326 1597 1410 βασιλείας
1636 1349 1765 1410 μου
1809 1325 2357 1412 λογισθήσονται·
2411 1323 2546 1391 ‘cb‘
2588 1326 2664 1393 δὲ

332 1432 578 1516 ,,μηνὶ“
617 1431 736 1495 τοῦ
779 1426 945 1495 κατὰ
985 1425 1102 1515 τὴν
1143 1422 1388 1516 ἡμέραν
1433 1427 1837 1506 διοικοῦντος
1876 1425 1961 1493 τὰ
2003 1432 2290 1512 σέκρετα.
2358 1420 2526 1494 ἀλλὰ
2552 1429 2663 1495 καὶ

335 1528 454 1598 ἐπὶ
508 1530 860 1616 προβολῶν
914 1530 1023 1595 καὶ
1079 1528 1402 1611 διαδοχῶν
1457 1530 1590 1594 τῶν
1646 1533 1963 1613 σεκρέτων
2019 1530 2127 1596 καὶ
2169 1532 2303 1596 τῶν
2343 1527 2662 1613 θεμάτων

332 1632 443 1699 καὶ
487 1629 601 1698 ἐπὶ
644 1640 787 1710 τοῖς
831 1625 1163 1715 ἀξιώμασι
1202 1631 1311 1697 καὶ
1356 1623 1704 1718 ὀφφικίοις
1742 1632 1852 1697 καὶ
1884 1631 2165 1716 δωρεαῖς
2192 1625 2510 1718 ἀκινήτων
2535 1637 2664 1717 βα·

335 1734 605 1800 σιλικῶν
646 1728 686 1820 ἦ
733 1728 888 1819 ἆγία
929 1732 1137 1820 μήτηρ
1183 1726 1382 1821 αὐτῆς
1426 1732 1558 1811 ἕξει
1600 1730 1829 1800 ἄδειαν
1875 1729 1912 1797 ὃ
1956 1731 2137 1812 δόξει
2177 1731 2380 1821 ταύτῃ
2413 1743 2659 1801 ποιεῖν.

333 1829 502 1902 ἀλλὰ
543 1837 649 1902 καὶ
697 1836 761 1902 εἴ
807 1861 973 1914 τινες
1015 1833 1607 1923 προβληθήσονται
1648 1834 1742 1913 εἷς
1783 1833 1867 1901 τὰ
1910 1830 2179 1920 σε’κρετα
2208 1828 2251 1920 ἢ
2278 1837 2385 1902 καὶ
2418 1834 2512 1915 εἰς
2539 1840 2666 1904 θέ-

331 1962 511 2022 ματα
563 1939 674 2005 καὶ
729 1936 1312 2025 διαδεχθήσονται,
1368 1935 1859 2025 τιμηθήσονται
1912 1936 1986 2004 δὲ
2038 1938 2150 2003 καὶ
2203 1935 2273 2003 ἐν
2326 1945 2664 2023 μεγίστοις

333 2033 669 2125 ἀξιώμασι
707 2041 817 2106 καὶ
857 2044 1089 2124 μέσοις
1128 2041 1236 2106 καὶ
1281 2038 1678 2121 ἐλαχίστοις,
1746 2038 2012 2105 ἔσονται
2055 2037 2148 2118 εἰς
2188 2036 2269 2104 τὸ
2313 2037 2459 2125 ἑξῆς
2501 2034 2664 2124 ἀμε-

331 2148 667 2228 τακίνητοι
707 2144 816 2209 καὶ
847 2136 1333 2227 ἀμετάπτωτοι.
1399 2134 1569 2208 ἀλλὰ
1600 2143 1707 2207 καὶ
1739 2134 2042 2226 αὐξήσεις
2070 2141 2281 2228 ῥογῶν
2309 2142 2422 2208 καὶ
2450 2164 2664 2226 προσ-

331 2243 548 2331 θήκας
588 2242 858 2326 δόσεων,
902 2245 1010 2312 καὶ
1056 2248 1485 2328 συμπαθείας
1525 2245 1657 2310 τῶν
1702 2243 2063 2328 λεγομένων
2108 2245 2501 2330 συνηθειῶν,
2551 2245 2664 2312 καὶ

334 2344 721 2429 σχιδευμοὺς
772 2347 879 2413 καὶ
937 2340 1465 2430 ἀποσχιδευμοὺς
1517 2343 1880 2431 προστάξει
1934 2340 2097 2433 αὕτη
2157 2338 2660 2426 ἀνενδοιάστως.

330 2449 440 2516 καὶ
503 2450 929 2533 περιεκτικῶς
992 2447 1206 2516 εἰπεῖν
1270 2441 1459 2517 οὐδὲν
1524 2440 1869 2527 ἀσυντελὲς
1922 2445 2422 2536 λογισθήσεται,
2489 2441 2662 2536 ὅπερ

332 2544 495 2639 αύτὴ
540 2549 828 2619 κελεύσει
870 2549 1209 2639 ἐγγράφως
1250 2576 1324 2618 τε
1361 2552 1474 2617 καὶ
1515 2544 1860 2637 ἀγράφως·
1911 2548 1997 2617 τὰ
2038 2549 2160 2636 γὰρ
2204 2548 2463 2638 ῥήματα
2500 2549 2666 2617 ταύ-

331 2677 449 2739 της
489 2653 597 2719 καὶ
638 2651 724 2719 τὰ
765 2651 1242 2738 προστάγματα
1286 2647 1376 2732 ὥς
1417 2655 1535 2739 τῆς
1573 2653 1918 2738 βασιλείας
1955 2675 2087 2739 μου
2118 2650 2657 2740 λογισθήσονται,

332 2755 441 2821 καὶ
495 2748 684 2821 οὐδὲν
737 2752 988 2821 τούτων
1046 2748 1570 2842 ἀθετηθήσεται,
1633 2748 1802 2821 ἀλλὰ
1854 2755 1963 2821 καὶ
2016 2752 2209 2840 κύρια
2259 2756 2369 2822 καὶ
2410 2753 2662 2841 μόνιμα

334 2853 598 2924 ἔσονται
642 2854 736 2934 εἷς
775 2853 931 2936 τοὺς
973 2855 1120 2943 ἑξῆς
1145 2853 1433 2942 χρόνους.
1499 2858 1608 2924 καὶ
1640 2854 1792 2924 οὔτε
1821 2850 2103 2943 εὐθύνην
2134 2853 2286 2924 οὔτε
2313 2851 2658 2941 ἡντιναοῦν

332 2951 672 3042 ἀνάκρισιν
713 2953 1124 3026 ὖποπτεύσει
1178 2961 1290 3026 νῦν
1333 2951 1377 3045 ἢ
1420 2956 1516 3037 εἷς
1555 2955 1633 3024 τὸ
1674 2963 2032 3044 μετέπειτα
2072 2952 2227 3043 παρ’
2276 2954 2661 3027 ούτινοσοῢν

330 3062 466 3127 τῶν
519 3054 832 3128 ἁπάντων
889 3058 1041 3128 οὔτε
1088 3061 1192 3139 τὶς
1242 3062 1375 3127 τῶν
1432 3059 2042 3148 ἐξυπηρετὸυμένων
2086 3054 2248 3147 αὐτῇ
2291 3052 2337 3148 ἢ
2379 3054 2577 3139 αὐτὸς
2620 3053 2659 3127 ὅ

330 3161 498 3230 κατὰ
537 3161 605 3229 τί
618 3190 655 3230 ν
695 3159 940 3252 ἡμέραν
984 3163 1344 3250 λογοθέτης
1383 3164 1518 3230 τῶν
1563 3166 1898 3248 σεκρέτων,
1944 3154 2064 3227 κᾶν
2110 3158 2345 3247 εὔλογα
2374 3155 2495 3228 κᾶν
2522 3186 2662 3228 πα-

331 3264 581 3352 ράλογα
618 3264 704 3333 τὰ
743 3265 1267 3352 πραχθησόμενα
1310 3263 1467 3351 δόξῃ
1488 3284 1502 3299 ·
1545 3262 1623 3330 τὸ
1666 3263 1788 3349 γὰρ
1833 3263 2174 3342 παντελῶς
2203 3256 2663 3350 ἀλογοπράγη-

331 3391 446 3435 τον
490 3369 749 3446 ἕξουσιν
794 3368 995 3447 ἐσαεὶ,
1043 3364 1253 3434 ὁποῖα
1294 3359 1375 3433 ἂν
1417 3366 1527 3433 καὶ
1570 3364 1692 3452 εἴη,
1736 3366 1831 3451 τῷ
1874 3362 2161 3451 παρόντι
2197 3361 2659 3452 χρυσοβούλλῳ

334 3468 506 3553 λόγῳ
549 3466 994 3552 maffia-eva·

470 3686 515 3718 ⁸⁰
547 3690 723 3756 Vulgo:
762 3687 858 3755 τῷ.
