<?xml version="1.0" encoding="UTF-8"?>
<!DOCTYPE html PUBLIC "-//W3C//DTD XHTML 1.0 Transitional//EN"
    "http://www.w3.org/TR/xhtml1/DTD/xhtml1-transitional.dtd">
<html xmlns="http://www.w3.org/1999/xhtml" xml:lang="en" lang="en">
 <head>
  <title>
</title>
<meta http-equiv="Content-Type" content="text/html;charset=utf-8" />
  <meta name='ocr-system' content='tesseract 3.04.00' />
  <meta name='ocr-capabilities' content='ocr_page ocr_carea ocr_par ocr_line ocrx_word'/>
</head>
<body>
  <div class='ocr_page' id='page_1' title='image "./jusgraecoromanu00linggoog_0499.png"; bbox 0 0 2900 4950; ppageno 0'>
   <div class='ocr_carea' id='block_1_1' title="bbox 1055 272 2563 349">
    <p class='ocr_par' dir='ltr' id='par_1_1' title="bbox 1055 272 2563 349">
     <span class='ocr_line' id='line_1_1' title="bbox 1055 272 2563 349; baseline -0.001 -15"><span class='ocrx_word' id='word_1_1' title='bbox 1055 285 1173 349; x_wconf 76' lang='lat' dir='ltr'><strong>Imp.</strong></span> <span class='ocrx_word' id='word_1_2' title='bbox 1211 284 1440 334; x_wconf 60' lang='lat' dir='ltr'><strong><em>manuelis</em></strong></span> <span class='ocrx_word' id='word_1_3' title='bbox 1479 285 1727 334; x_wconf 81' lang='lat' dir='ltr'>Comneni.</span> <span class='ocrx_word' id='word_1_4' title='bbox 1944 301 1949 306; x_wconf 76' lang='grc'><strong><em>’</em></strong></span> <span class='ocrx_word' id='word_1_5' title='bbox 2439 272 2563 333; x_wconf 82' lang='grc'><strong><em>445</em></strong></span> 
     </span>
    </p>
   </div>
   <div class='ocr_carea' id='block_1_2' title="bbox 227 427 2637 4275">
    <p class='ocr_par' dir='ltr' id='par_1_2' title="bbox 227 427 2637 3463">
     <span class='ocr_line' id='line_1_2' title="bbox 227 427 2565 525; baseline -0 -24"><span class='ocrx_word' id='word_1_6' title='bbox 227 436 531 525; x_wconf 82' lang='grc' dir='ltr'><strong><em>ρήθησαν</em></strong></span> <span class='ocrx_word' id='word_1_7' title='bbox 573 435 713 519; x_wconf 78' lang='grc' dir='ltr'><strong><em>μὲν,</em></strong></span> <span class='ocrx_word' id='word_1_8' title='bbox 762 429 876 500; x_wconf 71' lang='grc' dir='ltr'><strong><em>οὐκ</em></strong></span> <span class='ocrx_word' id='word_1_9' title='bbox 921 427 1416 518; x_wconf 68' lang='grc' dir='ltr'><strong><em>ἀνετράπησαν*</em></strong></span> <span class='ocrx_word' id='word_1_10' title='bbox 1463 431 1534 498; x_wconf 84' lang='grc' dir='ltr'><strong><em>δὲ</em></strong></span> <span class='ocrx_word' id='word_1_11' title='bbox 1571 432 1640 497; x_wconf 79' lang='grc' dir='ltr'><strong><em>αἱ</em></strong></span> <span class='ocrx_word' id='word_1_12' title='bbox 1671 429 2107 516; x_wconf 74' lang='grc' dir='ltr'><strong><em>περὶτούτων</em></strong></span> <span class='ocrx_word' id='word_1_13' title='bbox 2137 432 2565 517; x_wconf 75' lang='grc' dir='ltr'><strong><em>προστάξεις·</em></strong></span> 
     </span>
     <span class='ocr_line' id='line_1_3' title="bbox 227 527 2570 625; baseline -0.003 -20"><span class='ocrx_word' id='word_1_14' title='bbox 227 533 272 625; x_wconf 76' lang='grc' dir='ltr'><em>ἢ</em></span> <span class='ocrx_word' id='word_1_15' title='bbox 317 538 427 606; x_wconf 73' lang='grc' dir='ltr'><strong><em>ἐπὶ</em></strong></span> <span class='ocrx_word' id='word_1_16' title='bbox 476 539 1109 623; x_wconf 79' lang='grc' dir='ltr'><strong><em>προαφωρισμένοις</em></strong></span> <span class='ocrx_word' id='word_1_17' title='bbox 1139 534 1617 619; x_wconf 77' lang='grc' dir='ltr'><strong><em>δεδωρημένοις</em></strong></span> <span class='ocrx_word' id='word_1_18' title='bbox 1661 527 1905 612; x_wconf 74' lang='grc' dir='ltr'><strong><em>αὐτοῖς,</em></strong></span> <span class='ocrx_word' id='word_1_19' title='bbox 1955 534 2207 619; x_wconf 76' lang='grc' dir='ltr'><strong><em>αἱπερὶ</em></strong></span> <span class='ocrx_word' id='word_1_20' title='bbox 2241 557 2570 621; x_wconf 83' lang='grc' dir='ltr'><strong><em>προαφω-</em></strong></span> 
     </span>
     <span class='ocr_line' id='line_1_4' title="bbox 228 628 2571 726; baseline -0.002 -21"><span class='ocrx_word' id='word_1_21' title='bbox 228 643 554 726; x_wconf 77' lang='grc' dir='ltr'><strong><em>ρισμένων</em></strong></span> <span class='ocrx_word' id='word_1_22' title='bbox 599 634 995 723; x_wconf 81' lang='grc' dir='ltr'><strong><em>προστάξεις</em></strong></span> <span class='ocrx_word' id='word_1_23' title='bbox 1041 629 1155 701; x_wconf 77' lang='grc' dir='ltr'><strong><em>οὐκ</em></strong></span> <span class='ocrx_word' id='word_1_24' title='bbox 1200 628 1693 721; x_wconf 76' lang='grc' dir='ltr'><strong><em>ἀνετράπησαν·</em></strong></span> <span class='ocrx_word' id='word_1_25' title='bbox 1748 631 1794 718; x_wconf 80' lang='grc' dir='ltr'><strong><em>ἤ</em></strong></span> <span class='ocrx_word' id='word_1_26' title='bbox 1835 659 1985 700; x_wconf 89' lang='grc' dir='ltr'><strong><em>τινα</em></strong></span> <span class='ocrx_word' id='word_1_27' title='bbox 2026 636 2159 702; x_wconf 91' lang='grc' dir='ltr'><strong><em>τῶν</em></strong></span> <span class='ocrx_word' id='word_1_28' title='bbox 2202 641 2571 720; x_wconf 81' lang='grc' dir='ltr'><strong><em>πορισθέν-</em></strong></span> 
     </span>
     <span class='ocr_line' id='line_1_5' title="bbox 229 729 2568 822; baseline -0.002 -15"><span class='ocrx_word' id='word_1_29' title='bbox 229 767 362 807; x_wconf 89' lang='grc' dir='ltr'><strong><em>των</em></strong></span> <span class='ocrx_word' id='word_1_30' title='bbox 407 733 634 817; x_wconf 70' lang='grc' dir='ltr'><strong><em>αὐτοῖς</em></strong></span> <span class='ocrx_word' id='word_1_31' title='bbox 676 737 1036 822; x_wconf 74' lang='grc' dir='ltr'><strong><em>βασιλικῶν</em></strong></span> <span class='ocrx_word' id='word_1_32' title='bbox 1081 733 1610 821; x_wconf 80' lang='grc' dir='ltr'><strong><em>προσταγμάτων</em></strong></span> <span class='ocrx_word' id='word_1_33' title='bbox 1656 729 1949 814; x_wconf 80' lang='grc' dir='ltr'><strong><em>οὖδόλως</em></strong></span> <span class='ocrx_word' id='word_1_34' title='bbox 1977 736 2568 820; x_wconf 77' lang='grc' dir='ltr'><strong><em>κατεστρώθησαν·</em></strong></span> 
     </span>
     <span class='ocr_line' id='line_1_6' title="bbox 229 833 2572 930; baseline -0.001 -23"><span class='ocrx_word' id='word_1_35' title='bbox 229 836 273 930; x_wconf 84' lang='grc' dir='ltr'><em>ἢ</em></span> <span class='ocrx_word' id='word_1_36' title='bbox 327 838 883 926; x_wconf 71' lang='grc' dir='ltr'><strong><em>κατεστρώθησαν</em></strong></span> <span class='ocrx_word' id='word_1_37' title='bbox 938 838 1057 921; x_wconf 82' lang='grc' dir='ltr'><strong><em>μὲν</em></strong></span> <span class='ocrx_word' id='word_1_38' title='bbox 1115 837 1211 915; x_wconf 75' lang='grc' dir='ltr'><strong><em>εἴς</em></strong></span> <span class='ocrx_word' id='word_1_39' title='bbox 1264 862 1414 903; x_wconf 89' lang='grc' dir='ltr'><strong><em>τινα</em></strong></span> <span class='ocrx_word' id='word_1_40' title='bbox 1471 840 1602 903; x_wconf 90' lang='grc' dir='ltr'><strong><em>τῶν</em></strong></span> <span class='ocrx_word' id='word_1_41' title='bbox 1646 842 1996 922; x_wconf 82' lang='grc' dir='ltr'><strong><em>σεκρέτων,</em></strong></span> <span class='ocrx_word' id='word_1_42' title='bbox 2057 833 2134 904; x_wconf 81' lang='grc' dir='ltr'><strong><em>οὗ</em></strong></span> <span class='ocrx_word' id='word_1_43' title='bbox 2177 835 2305 925; x_wconf 88' lang='grc' dir='ltr'><strong><em>μήν</em></strong></span> <span class='ocrx_word' id='word_1_44' title='bbox 2347 862 2420 923; x_wconf 89' lang='grc' dir='ltr'><strong><em>γε</em></strong></span> <span class='ocrx_word' id='word_1_45' title='bbox 2462 837 2572 904; x_wconf 82' lang='grc' dir='ltr'><strong><em>καὶ</em></strong></span> 
     </span>
     <span class='ocr_line' id='line_1_7' title="bbox 235 932 2569 1027; baseline -0.002 -18"><span class='ocrx_word' id='word_1_46' title='bbox 235 944 354 1010; x_wconf 68' lang='grc' dir='ltr'><strong><em>ἐπὶ</em></strong></span> <span class='ocrx_word' id='word_1_47' title='bbox 405 953 548 1021; x_wconf 74' lang='grc' dir='ltr'><strong><em>τοῖς</em></strong></span> <span class='ocrx_word' id='word_1_48' title='bbox 607 938 1027 1026; x_wconf 81' lang='grc' dir='ltr'><strong><em>προσφόροις</em></strong></span> <span class='ocrx_word' id='word_1_49' title='bbox 1082 943 1441 1023; x_wconf 78' lang='grc' dir='ltr'><strong><em>σεκρέτοις·</em></strong></span> <span class='ocrx_word' id='word_1_50' title='bbox 1501 932 1543 1027; x_wconf 87' lang='grc' dir='ltr'><em>ἢ</em></span> <span class='ocrx_word' id='word_1_51' title='bbox 1596 944 2152 1023; x_wconf 82' lang='grc' dir='ltr'><strong><em>καταστρωθέντα</em></strong></span> <span class='ocrx_word' id='word_1_52' title='bbox 2197 933 2569 1019; x_wconf 80' lang='grc' dir='ltr'><strong><em>ἀπώλοντο,</em></strong></span> 
     </span>
     <span class='ocr_line' id='line_1_8' title="bbox 238 1033 2575 1127; baseline -0.001 -17"><span class='ocrx_word' id='word_1_53' title='bbox 238 1039 355 1109; x_wconf 76' lang='grc' dir='ltr'><strong><em>ἶσα</em></strong></span> <span class='ocrx_word' id='word_1_54' title='bbox 400 1044 471 1110; x_wconf 84' lang='grc' dir='ltr'><strong><em>δὲ</em></strong></span> <span class='ocrx_word' id='word_1_55' title='bbox 515 1040 767 1107; x_wconf 79' lang='grc' dir='ltr'><strong><em>τούτων</em></strong></span> <span class='ocrx_word' id='word_1_56' title='bbox 797 1045 1274 1124; x_wconf 84' lang='grc' dir='ltr'><strong><em>πεπιστωμένα</em></strong></span> <span class='ocrx_word' id='word_1_57' title='bbox 1306 1035 1745 1123; x_wconf 75' lang='grc' dir='ltr'><strong><em>εὑρίσκονται·</em></strong></span> <span class='ocrx_word' id='word_1_58' title='bbox 1789 1033 1829 1124; x_wconf 83' lang='grc' dir='ltr'><em>ἢ</em></span> <span class='ocrx_word' id='word_1_59' title='bbox 1861 1039 2187 1125; x_wconf 81' lang='grc' dir='ltr'><strong><em>πρακτικὰ</em></strong></span> <span class='ocrx_word' id='word_1_60' title='bbox 2220 1036 2575 1127; x_wconf 83' lang='grc' dir='ltr'><strong><em>ὀφείλοντα</em></strong></span> 
     </span>
     <span class='ocr_line' id='line_1_9' title="bbox 237 1134 2576 1232; baseline -0.001 -21"><span class='ocrx_word' id='word_1_61' title='bbox 237 1146 571 1232; x_wconf 77' lang='grc' dir='ltr'><strong><em>προβῆναι</em></strong></span> <span class='ocrx_word' id='word_1_62' title='bbox 615 1137 690 1207; x_wconf 82' lang='grc' dir='ltr'><strong><em>οὐ</em></strong></span> <span class='ocrx_word' id='word_1_63' title='bbox 724 1147 1120 1226; x_wconf 85' lang='grc' dir='ltr'><strong><em>προέβησαν,</em></strong></span> <span class='ocrx_word' id='word_1_64' title='bbox 1166 1135 1209 1226; x_wconf 80' lang='grc' dir='ltr'><em>ἢ</em></span> <span class='ocrx_word' id='word_1_65' title='bbox 1249 1139 1594 1226; x_wconf 89' lang='grc' dir='ltr'><strong><em>προβάντα</em></strong></span> <span class='ocrx_word' id='word_1_66' title='bbox 1625 1134 1700 1205; x_wconf 79' lang='grc' dir='ltr'><strong><em>οὗ</em></strong></span> <span class='ocrx_word' id='word_1_67' title='bbox 1730 1141 2316 1229; x_wconf 70' lang='grc' dir='ltr'><strong><em>κατεστρώθησαν,</em></strong></span> <span class='ocrx_word' id='word_1_68' title='bbox 2363 1136 2406 1231; x_wconf 84' lang='grc' dir='ltr'><em>ἢ</em></span> <span class='ocrx_word' id='word_1_69' title='bbox 2437 1138 2576 1227; x_wconf 86' lang='grc' dir='ltr'><strong><em>όρι-</em></strong></span> 
     </span>
     <span class='ocr_line' id='line_1_10' title="bbox 241 1237 2577 1330; baseline -0.001 -18"><span class='ocrx_word' id='word_1_70' title='bbox 241 1251 492 1313; x_wconf 84' lang='grc' dir='ltr'><strong><em>σθέντα</em></strong></span> <span class='ocrx_word' id='word_1_71' title='bbox 534 1248 847 1330; x_wconf 78' lang='grc' dir='ltr'><strong><em>γενέσθαι</em></strong></span> <span class='ocrx_word' id='word_1_72' title='bbox 881 1245 1191 1328; x_wconf 87' lang='grc' dir='ltr'><strong><em>λογίσιμα</em></strong></span> <span class='ocrx_word' id='word_1_73' title='bbox 1222 1237 1336 1308; x_wconf 78' lang='grc' dir='ltr'><strong><em>οὐκ</em></strong></span> <span class='ocrx_word' id='word_1_74' title='bbox 1366 1242 1692 1328; x_wconf 76' lang='grc' dir='ltr'><strong><em>ἐγένοντο·</em></strong></span> <span class='ocrx_word' id='word_1_75' title='bbox 1736 1237 1778 1329; x_wconf 80' lang='grc' dir='ltr'><em>ἢ</em></span> <span class='ocrx_word' id='word_1_76' title='bbox 1806 1242 1972 1308; x_wconf 86' lang='grc' dir='ltr'><strong><em>κατά</em></strong></span> <span class='ocrx_word' id='word_1_77' title='bbox 2001 1269 2150 1309; x_wconf 91' lang='grc' dir='ltr'><strong><em>τινα</em></strong></span> <span class='ocrx_word' id='word_1_78' title='bbox 2180 1243 2344 1322; x_wconf 80' lang='grc' dir='ltr'><strong><em>ἰ’σως</em></strong></span> <span class='ocrx_word' id='word_1_79' title='bbox 2377 1241 2577 1329; x_wconf 73' lang='grc' dir='ltr'><strong><em>ἄλλην</em></strong></span> 
     </span>
     <span class='ocr_line' id='line_1_11' title="bbox 241 1340 2577 1432; baseline -0.002 -18"><span class='ocrx_word' id='word_1_80' title='bbox 241 1344 486 1414; x_wconf 79' lang='grc' dir='ltr'><strong><em>ὁποίαν</em></strong></span> <span class='ocrx_word' id='word_1_81' title='bbox 530 1345 610 1412; x_wconf 75' lang='grc' dir='ltr'><strong><em>ἄν</em></strong></span> <span class='ocrx_word' id='word_1_82' title='bbox 653 1371 756 1424; x_wconf 89' lang='grc' dir='ltr'><strong><em>τις</em></strong></span> <span class='ocrx_word' id='word_1_83' title='bbox 801 1345 957 1432; x_wconf 82' lang='grc' dir='ltr'><strong><em>ε’ίπῃ</em></strong></span> <span class='ocrx_word' id='word_1_84' title='bbox 1004 1343 1222 1410; x_wconf 80' lang='grc' dir='ltr'><strong><em>αἰτίαν</em></strong></span> <span class='ocrx_word' id='word_1_85' title='bbox 1269 1343 1401 1410; x_wconf 75' lang='grc' dir='ltr'><strong><em>εἴτε</em></strong></span> <span class='ocrx_word' id='word_1_86' title='bbox 1442 1341 1611 1409; x_wconf 84' lang='grc' dir='ltr'><strong><em>κατὰ</em></strong></span> <span class='ocrx_word' id='word_1_87' title='bbox 1651 1349 1850 1429; x_wconf 82' lang='grc' dir='ltr'><strong><em>μέρος</em></strong></span> <span class='ocrx_word' id='word_1_88' title='bbox 1895 1344 2028 1412; x_wconf 77' lang='grc' dir='ltr'><strong><em>εἴτε</em></strong></span> <span class='ocrx_word' id='word_1_89' title='bbox 2069 1347 2176 1411; x_wconf 84' lang='grc' dir='ltr'><strong><em>καὶ</em></strong></span> <span class='ocrx_word' id='word_1_90' title='bbox 2219 1341 2375 1411; x_wconf 77' lang='grc' dir='ltr'><strong><em>καθ’</em></strong></span> <span class='ocrx_word' id='word_1_91' title='bbox 2426 1340 2577 1410; x_wconf 81' lang='grc' dir='ltr'><strong><em>ὁλό-</em></strong></span> 
     </span>
     <span class='ocr_line' id='line_1_12' title="bbox 238 1441 2577 1534; baseline -0.001 -19"><span class='ocrx_word' id='word_1_92' title='bbox 238 1451 475 1534; x_wconf 85' lang='grc' dir='ltr'><strong><em>κληρον</em></strong></span> <span class='ocrx_word' id='word_1_93' title='bbox 529 1445 613 1512; x_wconf 83' lang='grc' dir='ltr'><strong><em>τὰ</em></strong></span> <span class='ocrx_word' id='word_1_94' title='bbox 668 1445 1010 1533; x_wconf 87' lang='grc' dir='ltr'><strong><em>προσόντα</em></strong></span> <span class='ocrx_word' id='word_1_95' title='bbox 1061 1455 1211 1523; x_wconf 81' lang='grc' dir='ltr'><strong><em>ταῖς</em></strong></span> <span class='ocrx_word' id='word_1_96' title='bbox 1265 1444 1586 1523; x_wconf 83' lang='grc' dir='ltr'><strong><em>πολλάκις</em></strong></span> <span class='ocrx_word' id='word_1_97' title='bbox 1633 1446 2152 1534; x_wconf 85' lang='grc' dir='ltr'><strong><em>διαληφθείσαις</em></strong></span> <span class='ocrx_word' id='word_1_98' title='bbox 2198 1441 2417 1531; x_wconf 79' lang='grc' dir='ltr'><strong><em>ἁγίαις</em></strong></span> <span class='ocrx_word' id='word_1_99' title='bbox 2458 1451 2577 1513; x_wconf 89' lang='grc' dir='ltr'><strong><em>τοῦ</em></strong></span> 
     </span>
     <span class='ocr_line' id='line_1_13' title="bbox 240 1546 2582 1635; baseline -0.001 -17"><span class='ocrx_word' id='word_1_100' title='bbox 240 1553 410 1618; x_wconf 90' lang='grc' dir='ltr'><strong><em>θεοῦ</em></strong></span> <span class='ocrx_word' id='word_1_101' title='bbox 469 1548 836 1635; x_wconf 73' lang='grc' dir='ltr'><strong><em>ἐκκλησίαις</em></strong></span> <span class='ocrx_word' id='word_1_102' title='bbox 891 1548 998 1613; x_wconf 83' lang='grc' dir='ltr'><strong><em>καὶ</em></strong></span> <span class='ocrx_word' id='word_1_103' title='bbox 1056 1549 1135 1632; x_wconf 86' lang='grc' dir='ltr'><strong><em>τῇ</em></strong></span> <span class='ocrx_word' id='word_1_104' title='bbox 1190 1548 1384 1632; x_wconf 81' lang='grc' dir='ltr'><strong><em>μητρὶ</em></strong></span> <span class='ocrx_word' id='word_1_105' title='bbox 1441 1547 1682 1613; x_wconf 80' lang='grc' dir='ltr'><strong><em>πασῶν</em></strong></span> <span class='ocrx_word' id='word_1_106' title='bbox 1745 1546 2108 1629; x_wconf 80' lang='grc' dir='ltr'><strong><em>χωλεύουσι</em></strong></span> <span class='ocrx_word' id='word_1_107' title='bbox 2167 1548 2582 1633; x_wconf 88' lang='grc' dir='ltr'><strong><em>δικαιώματα</em></strong></span> 
     </span>
     <span class='ocr_line' id='line_1_14' title="bbox 242 1642 2584 1737; baseline -0.001 -18"><span class='ocrx_word' id='word_1_108' title='bbox 242 1647 600 1719; x_wconf 70' lang='grc' dir='ltr'><strong><em>κάντεῦθεν</em></strong></span> <span class='ocrx_word' id='word_1_109' title='bbox 645 1645 760 1715; x_wconf 79' lang='grc' dir='ltr'><strong><em>οὐκ</em></strong></span> <span class='ocrx_word' id='word_1_110' title='bbox 805 1650 1024 1732; x_wconf 81' lang='grc' dir='ltr'><strong><em>έχουσι</em></strong></span> <span class='ocrx_word' id='word_1_111' title='bbox 1068 1646 1145 1713; x_wconf 88' lang='grc' dir='ltr'><strong><em>τὸ</em></strong></span> <span class='ocrx_word' id='word_1_112' title='bbox 1190 1642 1724 1733; x_wconf 82' lang='grc' dir='ltr'><strong><em>ἆπερικλόνητον,</em></strong></span> <span class='ocrx_word' id='word_1_113' title='bbox 1770 1675 1888 1715; x_wconf 88' lang='grc' dir='ltr'><strong><em>καν</em></strong></span> <span class='ocrx_word' id='word_1_114' title='bbox 1922 1648 2011 1737; x_wconf 90' lang='grc' dir='ltr'><strong><em>μὴ</em></strong></span> <span class='ocrx_word' id='word_1_115' title='bbox 2045 1650 2259 1737; x_wconf 82' lang='grc' dir='ltr'><strong><em>ῥητῶς</em></strong></span> <span class='ocrx_word' id='word_1_116' title='bbox 2288 1649 2584 1718; x_wconf 78' lang='grc' dir='ltr'><strong><em>ἐνταῦθα</em></strong></span> 
     </span>
     <span class='ocr_line' id='line_1_15' title="bbox 243 1744 2583 1851; baseline -0 -30"><span class='ocrx_word' id='word_1_117' title='bbox 243 1756 433 1851; x_wconf 85' lang='grc' dir='ltr'><strong><em>πᾶσα</em></strong></span> <span class='ocrx_word' id='word_1_118' title='bbox 479 1748 874 1837; x_wconf 86' lang='grc' dir='ltr'><strong><em>όποιαδήτις</em></strong></span> <span class='ocrx_word' id='word_1_119' title='bbox 918 1749 1099 1816; x_wconf 77' lang='grc' dir='ltr'><strong><em>αἰτία</em></strong></span> <span class='ocrx_word' id='word_1_120' title='bbox 1142 1744 1538 1829; x_wconf 78' lang='grc' dir='ltr'><strong><em>ὑποσκάζειν</em></strong></span> <span class='ocrx_word' id='word_1_121' title='bbox 1583 1753 1877 1816; x_wconf 88' lang='grc' dir='ltr'><strong><em>ποιοῦσα</em></strong></span> <span class='ocrx_word' id='word_1_122' title='bbox 1920 1750 2004 1816; x_wconf 82' lang='grc' dir='ltr'><strong><em>τὰ</em></strong></span> <span class='ocrx_word' id='word_1_123' title='bbox 2034 1751 2509 1835; x_wconf 77' lang='grc' dir='ltr'><strong><em>δικαιώματα’</em></strong></span> <span class='ocrx_word' id='word_1_124' title='bbox 2482 1780 2583 1820; x_wconf 84' lang='grc' dir='ltr'><strong><em>εκ-</em></strong></span> 
     </span>
     <span class='ocr_line' id='line_1_16' title="bbox 243 1845 2586 1942; baseline -0 -20"><span class='ocrx_word' id='word_1_125' title='bbox 243 1845 669 1942; x_wconf 88' lang='grc' dir='ltr'><strong><em>πεφώνηται·</em></strong></span> <span class='ocrx_word' id='word_1_126' title='bbox 724 1846 768 1938; x_wconf 77' lang='grc' dir='ltr'><em>ἢ</em></span> <span class='ocrx_word' id='word_1_127' title='bbox 824 1848 1113 1937; x_wconf 79' lang='grc' dir='ltr'><strong><em>ὤφειλον</em></strong></span> <span class='ocrx_word' id='word_1_128' title='bbox 1157 1847 1350 1933; x_wconf 74' lang='grc' dir='ltr'><strong><em>τυχὸν</em></strong></span> <span class='ocrx_word' id='word_1_129' title='bbox 1394 1877 1499 1917; x_wconf 92' lang='grc' dir='ltr'><strong><em>και</em></strong></span> <span class='ocrx_word' id='word_1_130' title='bbox 1550 1851 1737 1934; x_wconf 72' lang='grc' dir='ltr'><strong><em>ἕτερα</em></strong></span> <span class='ocrx_word' id='word_1_131' title='bbox 1782 1851 2196 1937; x_wconf 89' lang='grc' dir='ltr'><strong><em>δικαιώματα</em></strong></span> <span class='ocrx_word' id='word_1_132' title='bbox 2241 1878 2586 1940; x_wconf 86' lang='grc' dir='ltr'><strong><em>προσεπο-</em></strong></span> 
     </span>
     <span class='ocr_line' id='line_1_17' title="bbox 245 1946 2587 2041; baseline -0 -20"><span class='ocrx_word' id='word_1_133' title='bbox 245 1959 563 2041; x_wconf 79' lang='grc' dir='ltr'><strong><em>ρεχθῆναι</em></strong></span> <span class='ocrx_word' id='word_1_134' title='bbox 607 1948 839 2030; x_wconf 75' lang='grc' dir='ltr'><strong><em>αὐταῖς</em></strong></span> <span class='ocrx_word' id='word_1_135' title='bbox 885 1949 999 2017; x_wconf 74' lang='grc' dir='ltr'><strong><em>ἐπὶ</em></strong></span> <span class='ocrx_word' id='word_1_136' title='bbox 1043 1961 1189 2029; x_wconf 77' lang='grc' dir='ltr'><strong><em>τοῖς</em></strong></span> <span class='ocrx_word' id='word_1_137' title='bbox 1215 1950 1548 2030; x_wconf 83' lang='grc' dir='ltr'><strong><em>τοιούτοις</em></strong></span> <span class='ocrx_word' id='word_1_138' title='bbox 1578 1946 1923 2037; x_wconf 78' lang='grc' dir='ltr'><strong><em>ἀκινήτοις,</em></strong></span> <span class='ocrx_word' id='word_1_139' title='bbox 1972 1977 2063 2031; x_wconf 89' lang='grc' dir='ltr'><strong><em>ως</em></strong></span> <span class='ocrx_word' id='word_1_140' title='bbox 2089 1978 2287 2020; x_wconf 92' lang='grc' dir='ltr'><strong><em>τινων</em></strong></span> <span class='ocrx_word' id='word_1_141' title='bbox 2318 1954 2587 2035; x_wconf 89' lang='grc' dir='ltr'><strong><em>πάντως</em></strong></span> 
     </span>
     <span class='ocr_line' id='line_1_18' title="bbox 247 2046 2587 2143; baseline -0.001 -19"><span class='ocrx_word' id='word_1_142' title='bbox 247 2056 643 2143; x_wconf 86' lang='grc' dir='ltr'><strong><em>προβάντων</em></strong></span> <span class='ocrx_word' id='word_1_143' title='bbox 689 2053 757 2120; x_wconf 77' lang='grc' dir='ltr'><strong><em>ἐν</em></strong></span> <span class='ocrx_word' id='word_1_144' title='bbox 802 2046 1033 2130; x_wconf 74' lang='grc' dir='ltr'><strong><em>αὐταῖς</em></strong></span> <span class='ocrx_word' id='word_1_145' title='bbox 1079 2051 1162 2122; x_wconf 78' lang='grc' dir='ltr'><strong><em>(εἰ</em></strong></span> <span class='ocrx_word' id='word_1_146' title='bbox 1205 2051 1327 2137; x_wconf 88' lang='grc' dir='ltr'><strong><em>γὰρ</em></strong></span> <span class='ocrx_word' id='word_1_147' title='bbox 1354 2051 1661 2137; x_wconf 89' lang='grc' dir='ltr'><strong><em>μηδόλως</em></strong></span> <span class='ocrx_word' id='word_1_148' title='bbox 1691 2056 1752 2119; x_wconf 81' lang='grc' dir='ltr'><strong><em>τὶ</em></strong></span> <span class='ocrx_word' id='word_1_149' title='bbox 1788 2053 2177 2137; x_wconf 75' lang='grc' dir='ltr'><strong><em>δικαίωμα’</em></strong></span> <span class='ocrx_word' id='word_1_150' title='bbox 2149 2060 2266 2120; x_wconf 88' lang='grc' dir='ltr'><strong><em>επί</em></strong></span> <span class='ocrx_word' id='word_1_151' title='bbox 2293 2080 2427 2122; x_wconf 91' lang='grc' dir='ltr'><strong><em>τινι</em></strong></span> <span class='ocrx_word' id='word_1_152' title='bbox 2454 2060 2587 2123; x_wconf 81' lang='grc' dir='ltr'><strong><em>τῶν</em></strong></span> 
     </span>
     <span class='ocr_line' id='line_1_19' title="bbox 248 2147 2589 2244; baseline 0 -19"><span class='ocrx_word' id='word_1_153' title='bbox 248 2157 640 2244; x_wconf 82' lang='grc' dir='ltr'><strong><em>προσόντων</em></strong></span> <span class='ocrx_word' id='word_1_154' title='bbox 686 2148 920 2232; x_wconf 76' lang='grc' dir='ltr'><strong><em>αὐταῖς</em></strong></span> <span class='ocrx_word' id='word_1_155' title='bbox 951 2147 1270 2241; x_wconf 77' lang='grc' dir='ltr'><strong><em>ἀκινήτων</em></strong></span> <span class='ocrx_word' id='word_1_156' title='bbox 1298 2159 1656 2241; x_wconf 81' lang='grc' dir='ltr'><strong><em>κέκτηνται,</em></strong></span> <span class='ocrx_word' id='word_1_157' title='bbox 1704 2149 1895 2221; x_wconf 82' lang='grc' dir='ltr'><strong><em>οὐδέν</em></strong></span> <span class='ocrx_word' id='word_1_158' title='bbox 1922 2180 1991 2221; x_wconf 91' lang='grc' dir='ltr'><strong><em>τι</em></strong></span> <span class='ocrx_word' id='word_1_159' title='bbox 2021 2149 2159 2222; x_wconf 85' lang='grc' dir='ltr'><strong><em>άπὸ</em></strong></span> <span class='ocrx_word' id='word_1_160' title='bbox 2188 2159 2306 2222; x_wconf 87' lang='grc' dir='ltr'><strong><em>τοῦ</em></strong></span> <span class='ocrx_word' id='word_1_161' title='bbox 2336 2157 2589 2242; x_wconf 89' lang='grc' dir='ltr'><strong><em>παρόν-</em></strong></span> 
     </span>
     <span class='ocr_line' id='line_1_20' title="bbox 246 2249 2586 2376; baseline -0 -50"><span class='ocrx_word' id='word_1_162' title='bbox 246 2282 364 2339; x_wconf 85' lang='grc' dir='ltr'><strong><em>τος</em></strong></span> <span class='ocrx_word' id='word_1_163' title='bbox 402 2255 888 2342; x_wconf 82' lang='grc' dir='ltr'><strong><em>χρυσοβούλλου</em></strong></span> <span class='ocrx_word' id='word_1_164' title='bbox 933 2253 1127 2340; x_wconf 80' lang='grc' dir='ltr'><strong><em>λόγου</em></strong></span> <span class='ocrx_word' id='word_1_165' title='bbox 1173 2249 1782 2376; x_wconf 38' lang='lat' dir='ltr'><strong><em>cn&#39;npelqffijoouvvaff</em></strong></span> <span class='ocrx_word' id='word_1_166' title='bbox 1828 2254 1994 2323; x_wconf 85' lang='grc' dir='ltr'><strong><em>κατὰ</em></strong></span> <span class='ocrx_word' id='word_1_167' title='bbox 2034 2258 2237 2344; x_wconf 85' lang='grc' dir='ltr'><strong><em>μηδέν</em></strong></span> <span class='ocrx_word' id='word_1_168' title='bbox 2281 2283 2348 2324; x_wconf 90' lang='grc' dir='ltr'><strong><em>τι</em></strong></span> <span class='ocrx_word' id='word_1_169' title='bbox 2377 2261 2586 2326; x_wconf 86' lang='grc' dir='ltr'><strong><em>ταῦτα</em></strong></span> 
     </span>
     <span class='ocr_line' id='line_1_21' title="bbox 250 2353 2593 2449; baseline -0.001 -20"><span class='ocrx_word' id='word_1_170' title='bbox 250 2359 502 2439; x_wconf 88' lang='grc' dir='ltr'><strong><em>πάντα,</em></strong></span> <span class='ocrx_word' id='word_1_171' title='bbox 548 2361 658 2424; x_wconf 86' lang='grc' dir='ltr'><strong><em>καὶ</em></strong></span> <span class='ocrx_word' id='word_1_172' title='bbox 702 2380 829 2424; x_wconf 91' lang='grc' dir='ltr'><strong><em>οσα</em></strong></span> <span class='ocrx_word' id='word_1_173' title='bbox 861 2354 940 2423; x_wconf 76' lang='grc' dir='ltr'><strong><em>ἄν</em></strong></span> <span class='ocrx_word' id='word_1_174' title='bbox 984 2381 1086 2435; x_wconf 91' lang='grc' dir='ltr'><strong><em>τις</em></strong></span> <span class='ocrx_word' id='word_1_175' title='bbox 1131 2353 1297 2423; x_wconf 91' lang='grc' dir='ltr'><strong><em>αλλα</em></strong></span> <span class='ocrx_word' id='word_1_176' title='bbox 1343 2357 1437 2436; x_wconf 75' lang='grc' dir='ltr'><strong><em>εἰς</em></strong></span> <span class='ocrx_word' id='word_1_177' title='bbox 1481 2360 1633 2424; x_wconf 83' lang='grc' dir='ltr'><strong><em>νοῦν</em></strong></span> <span class='ocrx_word' id='word_1_178' title='bbox 1678 2358 1843 2445; x_wconf 88' lang='grc' dir='ltr'><strong><em>λάβῃ</em></strong></span> <span class='ocrx_word' id='word_1_179' title='bbox 1890 2359 2057 2424; x_wconf 86' lang='grc' dir='ltr'><strong><em>ποτὲ</em></strong></span> <span class='ocrx_word' id='word_1_180' title='bbox 2101 2354 2269 2445; x_wconf 74' lang='grc' dir='ltr'><strong><em>ὑπὲρ</em></strong></span> <span class='ocrx_word' id='word_1_181' title='bbox 2312 2362 2431 2426; x_wconf 85' lang='grc' dir='ltr'><strong><em>τοῦ</em></strong></span> <span class='ocrx_word' id='word_1_182' title='bbox 2476 2361 2593 2449; x_wconf 89' lang='grc' dir='ltr'><strong><em>δη-</em></strong></span> 
     </span>
     <span class='ocr_line' id='line_1_22' title="bbox 248 2456 2592 2581; baseline 0 -51"><span class='ocrx_word' id='word_1_183' title='bbox 248 2468 490 2549; x_wconf 89' lang='grc' dir='ltr'><strong><em>μοσίου</em></strong></span> <span class='ocrx_word' id='word_1_184' title='bbox 536 2456 775 2581; x_wconf 52' lang='grc' dir='ltr'><strong><em>άγωνιΐ</em></strong></span> <span class='ocrx_word' id='word_1_185' title='bbox 745 2458 1028 2544; x_wconf 57' lang='grc' dir='ltr'><strong><em>Γόμενος,</em></strong></span> <span class='ocrx_word' id='word_1_186' title='bbox 1071 2458 1502 2544; x_wconf 86' lang='grc' dir='ltr'><strong><em>καταβλάψαι</em></strong></span> <span class='ocrx_word' id='word_1_187' title='bbox 1531 2461 1698 2527; x_wconf 82' lang='grc' dir='ltr'><strong><em>ποτὲ</em></strong></span> <span class='ocrx_word' id='word_1_188' title='bbox 1729 2458 1847 2539; x_wconf 83' lang='grc' dir='ltr'><strong><em>τὰς</em></strong></span> <span class='ocrx_word' id='word_1_189' title='bbox 1875 2462 1993 2526; x_wconf 90' lang='grc' dir='ltr'><strong><em>τοῦ</em></strong></span> <span class='ocrx_word' id='word_1_190' title='bbox 2024 2464 2190 2529; x_wconf 88' lang='grc' dir='ltr'><strong><em>θεοῦ</em></strong></span> <span class='ocrx_word' id='word_1_191' title='bbox 2223 2456 2592 2548; x_wconf 75' lang='grc' dir='ltr'><strong><em>ἁγιωτάτας</em></strong></span> 
     </span>
     <span class='ocr_line' id='line_1_23' title="bbox 254 2557 2593 2651; baseline 0 -20"><span class='ocrx_word' id='word_1_192' title='bbox 254 2565 622 2651; x_wconf 74' lang='grc' dir='ltr'><strong><em>ἐκκλησίας,</em></strong></span> <span class='ocrx_word' id='word_1_193' title='bbox 690 2560 805 2628; x_wconf 92' lang='grc' dir='ltr'><strong><em>τόν</em></strong></span> <span class='ocrx_word' id='word_1_194' title='bbox 849 2587 920 2628; x_wconf 88' lang='grc' dir='ltr'><strong><em>τε</em></strong></span> <span class='ocrx_word' id='word_1_195' title='bbox 962 2564 1077 2648; x_wconf 85' lang='grc' dir='ltr'><strong><em>τῆς</em></strong></span> <span class='ocrx_word' id='word_1_196' title='bbox 1119 2565 1237 2628; x_wconf 90' lang='grc' dir='ltr'><strong><em>τοῦ</em></strong></span> <span class='ocrx_word' id='word_1_197' title='bbox 1280 2566 1449 2628; x_wconf 86' lang='grc' dir='ltr'><strong><em>θεοῦ</em></strong></span> <span class='ocrx_word' id='word_1_198' title='bbox 1497 2568 1743 2649; x_wconf 80' lang='grc' dir='ltr'><strong><em>σοφίας</em></strong></span> <span class='ocrx_word' id='word_1_199' title='bbox 1801 2557 1979 2629; x_wconf 75' lang='grc' dir='ltr'><strong><em>οἷκον</em></strong></span> <span class='ocrx_word' id='word_1_200' title='bbox 2035 2565 2140 2630; x_wconf 82' lang='grc' dir='ltr'><strong><em>καὶ</em></strong></span> <span class='ocrx_word' id='word_1_201' title='bbox 2186 2563 2305 2643; x_wconf 83' lang='grc' dir='ltr'><strong><em>τὰς</em></strong></span> <span class='ocrx_word' id='word_1_202' title='bbox 2350 2565 2593 2645; x_wconf 85' lang='grc' dir='ltr'><strong><em>λοιπὰς</em></strong></span> 
     </span>
     <span class='ocr_line' id='line_1_24' title="bbox 251 2660 2595 2755; baseline -0 -21"><span class='ocrx_word' id='word_1_203' title='bbox 251 2665 714 2755; x_wconf 90' lang='grc' dir='ltr'><strong><em>μητροπόλεις,</em></strong></span> <span class='ocrx_word' id='word_1_204' title='bbox 763 2660 1287 2750; x_wconf 78' lang='grc' dir='ltr'><strong><em>ἆρχιεπισκοπὰς</em></strong></span> <span class='ocrx_word' id='word_1_205' title='bbox 1331 2666 1434 2730; x_wconf 80' lang='grc' dir='ltr'><strong><em>καὶ</em></strong></span> <span class='ocrx_word' id='word_1_206' title='bbox 1470 2663 1861 2743; x_wconf 79' lang='grc' dir='ltr'><strong><em>ἒπισκοπὰς,</em></strong></span> <span class='ocrx_word' id='word_1_207' title='bbox 1911 2665 2257 2751; x_wconf 82' lang='grc' dir='ltr'><strong><em>δυνήσεται</em></strong></span> <span class='ocrx_word' id='word_1_208' title='bbox 2302 2665 2414 2733; x_wconf 74' lang='grc' dir='ltr'><strong><em>ἐπὶ</em></strong></span> <span class='ocrx_word' id='word_1_209' title='bbox 2450 2678 2595 2747; x_wconf 80' lang='grc' dir='ltr'><strong><em>τοῖς</em></strong></span> 
     </span>
     <span class='ocr_line' id='line_1_25' title="bbox 254 2759 2595 2855; baseline 0 -20"><span class='ocrx_word' id='word_1_210' title='bbox 254 2765 372 2847; x_wconf 80' lang='grc' dir='ltr'><strong><em>(ώς</em></strong></span> <span class='ocrx_word' id='word_1_211' title='bbox 415 2772 693 2854; x_wconf 69' lang='grc' dir='ltr'><strong><em>εἴρηται)</em></strong></span> <span class='ocrx_word' id='word_1_212' title='bbox 741 2768 1171 2852; x_wconf 74' lang='grc' dir='ltr'><strong><em>διαφέρουσιν</em></strong></span> <span class='ocrx_word' id='word_1_213' title='bbox 1216 2759 1449 2844; x_wconf 82' lang='grc' dir='ltr'><strong><em>αὖταῒς</em></strong></span> <span class='ocrx_word' id='word_1_214' title='bbox 1494 2760 1823 2852; x_wconf 78' lang='grc' dir='ltr'><strong><em>ἀκινήτοις</em></strong></span> <span class='ocrx_word' id='word_1_215' title='bbox 1873 2760 1986 2851; x_wconf 76' lang='grc' dir='ltr'><strong><em>ἀφ’</em></strong></span> <span class='ocrx_word' id='word_1_216' title='bbox 2038 2766 2448 2855; x_wconf 78' lang='grc' dir='ltr'><strong><em>οἱωνδήποτε</em></strong></span> <span class='ocrx_word' id='word_1_217' title='bbox 2493 2770 2595 2836; x_wconf 86' lang='grc' dir='ltr'><strong><em>δι-</em></strong></span> 
     </span>
     <span class='ocr_line' id='line_1_26' title="bbox 255 2864 2598 2954; baseline 0.001 -18"><span class='ocrx_word' id='word_1_218' title='bbox 255 2868 670 2953; x_wconf 87' lang='grc' dir='ltr'><strong><em>καιωμάτων.</em></strong></span> <span class='ocrx_word' id='word_1_219' title='bbox 741 2866 798 2932; x_wconf 79' lang='grc' dir='ltr'><strong><em>εί</em></strong></span> <span class='ocrx_word' id='word_1_220' title='bbox 840 2864 961 2951; x_wconf 83' lang='grc' dir='ltr'><strong><em>γὰρ</em></strong></span> <span class='ocrx_word' id='word_1_221' title='bbox 1004 2866 1207 2948; x_wconf 86' lang='grc' dir='ltr'><strong><em>μηδέν</em></strong></span> <span class='ocrx_word' id='word_1_222' title='bbox 1250 2891 1318 2931; x_wconf 89' lang='grc' dir='ltr'><strong><em>τι</em></strong></span> <span class='ocrx_word' id='word_1_223' title='bbox 1359 2867 1678 2953; x_wconf 80' lang='grc' dir='ltr'><strong><em>μηδαμῶς</em></strong></span> <span class='ocrx_word' id='word_1_224' title='bbox 1724 2866 2051 2949; x_wconf 77' lang='grc' dir='ltr'><strong><em>δικαίωμα</em></strong></span> <span class='ocrx_word' id='word_1_225' title='bbox 2095 2866 2447 2954; x_wconf 74' lang='grc' dir='ltr'><strong><em>ἐκτήσαντο</em></strong></span> <span class='ocrx_word' id='word_1_226' title='bbox 2480 2870 2598 2939; x_wconf 73' lang='grc' dir='ltr'><strong><em>ἐπί</em></strong></span> 
     </span>
     <span class='ocr_line' id='line_1_27' title="bbox 255 2960 2596 3053; baseline 0 -16"><span class='ocrx_word' id='word_1_227' title='bbox 255 2994 434 3037; x_wconf 88' lang='grc' dir='ltr'><strong><em>τισιν</em></strong></span> <span class='ocrx_word' id='word_1_228' title='bbox 477 2968 642 3046; x_wconf 80' lang='grc' dir='ltr'><strong><em>ἰ’σως</em></strong></span> <span class='ocrx_word' id='word_1_229' title='bbox 683 2970 814 3033; x_wconf 88' lang='grc' dir='ltr'><strong><em>τῶν</em></strong></span> <span class='ocrx_word' id='word_1_230' title='bbox 859 2965 1248 3049; x_wconf 85' lang='grc' dir='ltr'><strong><em>προσόντων</em></strong></span> <span class='ocrx_word' id='word_1_231' title='bbox 1292 2962 1524 3045; x_wconf 79' lang='grc' dir='ltr'><strong><em>αὐταῖς</em></strong></span> <span class='ocrx_word' id='word_1_232' title='bbox 1567 2960 1904 3053; x_wconf 75' lang='grc' dir='ltr'><strong><em>ἀκινήτων,</em></strong></span> <span class='ocrx_word' id='word_1_233' title='bbox 1954 2961 2265 3050; x_wconf 75' lang='grc' dir='ltr'><strong><em>οὐδεμίαν</em></strong></span> <span class='ocrx_word' id='word_1_234' title='bbox 2310 2967 2449 3036; x_wconf 79' lang='grc' dir='ltr'><strong><em>ἀπὸ</em></strong></span> <span class='ocrx_word' id='word_1_235' title='bbox 2478 2975 2596 3037; x_wconf 90' lang='grc' dir='ltr'><strong><em>τοῦ</em></strong></span> 
     </span>
     <span class='ocr_line' id='line_1_28' title="bbox 258 3061 2637 3156; baseline 0 -18"><span class='ocrx_word' id='word_1_236' title='bbox 258 3069 593 3156; x_wconf 87' lang='grc' dir='ltr'><strong><em>παρόντος</em></strong></span> <span class='ocrx_word' id='word_1_237' title='bbox 643 3065 1129 3152; x_wconf 82' lang='grc' dir='ltr'><strong><em>χρυσοβούλλου</em></strong></span> <span class='ocrx_word' id='word_1_238' title='bbox 1185 3065 1381 3152; x_wconf 80' lang='grc' dir='ltr'><strong><em>λόγου</em></strong></span> <span class='ocrx_word' id='word_1_239' title='bbox 1438 3061 1764 3154; x_wconf 83' lang='grc' dir='ltr'><strong><em>ὠφέλειαν</em></strong></span> <span class='ocrx_word' id='word_1_240' title='bbox 1823 3067 2111 3148; x_wconf 76' lang='grc' dir='ltr'><strong><em>ἕξουσιν,</em></strong></span> <span class='ocrx_word' id='word_1_241' title='bbox 2171 3065 2398 3155; x_wconf 77' lang='grc' dir='ltr'><strong><em>ὥσπερ</em></strong></span> <span class='ocrx_word' id='word_1_242' title='bbox 2445 3066 2637 3139; x_wconf 80' lang='grc' dir='ltr'><strong><em>οὐδὲ“</em></strong></span> 
     </span>
     <span class='ocr_line' id='line_1_29' title="bbox 262 3161 2598 3260; baseline 0 -21"><span class='ocrx_word' id='word_1_243' title='bbox 262 3168 363 3260; x_wconf 75' lang='grc' dir='ltr'><strong><em>ἐφ’</em></strong></span> <span class='ocrx_word' id='word_1_244' title='bbox 426 3166 528 3250; x_wconf 79' lang='grc' dir='ltr'><strong><em>οἷς</em></strong></span> <span class='ocrx_word' id='word_1_245' title='bbox 586 3170 732 3252; x_wconf 72' lang='grc' dir='ltr'><strong><em>ἔσχε</em></strong></span> <span class='ocrx_word' id='word_1_246' title='bbox 780 3167 895 3255; x_wconf 84' lang='grc' dir='ltr'><strong><em>τὴν</em></strong></span> <span class='ocrx_word' id='word_1_247' title='bbox 938 3165 1215 3256; x_wconf 87' lang='grc' dir='ltr'><strong><em>κατοχὴν</em></strong></span> <span class='ocrx_word' id='word_1_248' title='bbox 1262 3163 1298 3234; x_wconf 87' lang='grc' dir='ltr'><strong><em>ό</em></strong></span> <span class='ocrx_word' id='word_1_249' title='bbox 1344 3166 1663 3254; x_wconf 86' lang='grc' dir='ltr'><strong><em>δημόσιος</em></strong></span> <span class='ocrx_word' id='word_1_250' title='bbox 1707 3161 1818 3255; x_wconf 77' lang='grc' dir='ltr'><strong><em>ἀφ’</em></strong></span> <span class='ocrx_word' id='word_1_251' title='bbox 1869 3168 2286 3255; x_wconf 78' lang='grc' dir='ltr'><strong><em>οἱασδήτινος</em></strong></span> <span class='ocrx_word' id='word_1_252' title='bbox 2331 3166 2598 3258; x_wconf 80' lang='grc' dir='ltr'><strong><em>εὐλόγου</em></strong></span> 
     </span>
     <span class='ocr_line' id='line_1_30' title="bbox 262 3267 2602 3360; baseline 0 -20"><span class='ocrx_word' id='word_1_253' title='bbox 262 3274 482 3352; x_wconf 81' lang='grc' dir='ltr'><strong><em>αἰτίας</em></strong></span> <span class='ocrx_word' id='word_1_254' title='bbox 532 3277 722 3357; x_wconf 81' lang='grc' dir='ltr'><strong><em>μέχρι</em></strong></span> <span class='ocrx_word' id='word_1_255' title='bbox 776 3274 894 3358; x_wconf 87' lang='grc' dir='ltr'><strong><em>τῆς</em></strong></span> <span class='ocrx_word' id='word_1_256' title='bbox 949 3268 1268 3358; x_wconf 87' lang='grc' dir='ltr'><strong><em>σήμερον·</em></strong></span> <span class='ocrx_word' id='word_1_257' title='bbox 1327 3269 1438 3337; x_wconf 72' lang='grc' dir='ltr'><strong><em>ἐπὶ</em></strong></span> <span class='ocrx_word' id='word_1_258' title='bbox 1494 3268 1756 3349; x_wconf 79' lang='grc' dir='ltr'><strong><em>τούτοις</em></strong></span> <span class='ocrx_word' id='word_1_259' title='bbox 1812 3269 1934 3356; x_wconf 83' lang='grc' dir='ltr'><strong><em>γὰρ</em></strong></span> <span class='ocrx_word' id='word_1_260' title='bbox 1991 3273 2164 3338; x_wconf 86' lang='grc' dir='ltr'><strong><em>πᾶσι</em></strong></span> <span class='ocrx_word' id='word_1_261' title='bbox 2217 3270 2297 3337; x_wconf 86' lang='grc' dir='ltr'><strong><em>τὸ</em></strong></span> <span class='ocrx_word' id='word_1_262' title='bbox 2340 3267 2602 3360; x_wconf 75' lang='grc' dir='ltr'><strong><em>ἀκριβὲς</em></strong></span> 
     </span>
     <span class='ocr_line' id='line_1_31' title="bbox 261 3371 969 3463; baseline -0.006 -20"><span class='ocrx_word' id='word_1_263' title='bbox 261 3371 969 3463; x_wconf 84' lang='grc' dir='ltr'><strong><em>παραφυλαχθήσεται.</em></strong></span> 
     </span>
    </p>

    <p class='ocr_par' dir='ltr' id='par_1_3' title="bbox 264 3465 2611 4275">
     <span class='ocr_line' id='line_1_32' title="bbox 433 3465 2603 3561; baseline 0.001 -19"><span class='ocrx_word' id='word_1_264' title='bbox 433 3476 524 3542; x_wconf 79' lang='grc' dir='ltr'><strong><em>Εἴ</em></strong></span> <span class='ocrx_word' id='word_1_265' title='bbox 560 3500 663 3554; x_wconf 88' lang='grc' dir='ltr'><strong><em>τις</em></strong></span> <span class='ocrx_word' id='word_1_266' title='bbox 706 3465 819 3542; x_wconf 80' lang='grc' dir='ltr'><strong><em>οῦν</em></strong></span> <span class='ocrx_word' id='word_1_267' title='bbox 863 3472 1139 3559; x_wconf 85' lang='grc' dir='ltr'><strong><em>θελήσει</em></strong></span> <span class='ocrx_word' id='word_1_268' title='bbox 1185 3473 1298 3540; x_wconf 85' lang='grc' dir='ltr'><strong><em>διὰ</em></strong></span> <span class='ocrx_word' id='word_1_269' title='bbox 1343 3474 1866 3561; x_wconf 79' lang='grc' dir='ltr'><strong><em>φιλοχρηματίαν</em></strong></span> <span class='ocrx_word' id='word_1_270' title='bbox 1910 3467 1951 3560; x_wconf 84' lang='grc' dir='ltr'><em>ἢ</em></span> <span class='ocrx_word' id='word_1_271' title='bbox 1995 3469 2076 3540; x_wconf 79' lang='grc' dir='ltr'><strong><em>δι’</em></strong></span> <span class='ocrx_word' id='word_1_272' title='bbox 2126 3474 2351 3560; x_wconf 79' lang='grc' dir='ltr'><strong><em>ἑτέραν</em></strong></span> <span class='ocrx_word' id='word_1_273' title='bbox 2383 3475 2603 3545; x_wconf 80' lang='grc' dir='ltr'><strong><em>αἰτίαν</em></strong></span> 
     </span>
     <span class='ocr_line' id='line_1_33' title="bbox 264 3575 2604 3667; baseline 0 -23"><span class='ocrx_word' id='word_1_274' title='bbox 264 3578 415 3645; x_wconf 84' lang='grc' dir='ltr'><strong><em>τινὰ</em></strong></span> <span class='ocrx_word' id='word_1_275' title='bbox 469 3580 968 3665; x_wconf 78' lang='grc' dir='ltr'><strong><em>καταφρονῆσαι</em></strong></span> <span class='ocrx_word' id='word_1_276' title='bbox 1009 3579 1143 3644; x_wconf 84' lang='grc' dir='ltr'><strong><em>τῶν</em></strong></span> <span class='ocrx_word' id='word_1_277' title='bbox 1188 3576 1255 3643; x_wconf 77' lang='grc' dir='ltr'><strong><em>ἐν</em></strong></span> <span class='ocrx_word' id='word_1_278' title='bbox 1298 3580 1392 3662; x_wconf 79' lang='grc' dir='ltr'><strong><em>τῷ</em></strong></span> <span class='ocrx_word' id='word_1_279' title='bbox 1439 3577 1724 3661; x_wconf 92' lang='grc' dir='ltr'><strong><em>παρόντι</em></strong></span> <span class='ocrx_word' id='word_1_280' title='bbox 1766 3575 2226 3664; x_wconf 82' lang='grc' dir='ltr'><strong><em>χρυσοβούλλῳ</em></strong></span> <span class='ocrx_word' id='word_1_281' title='bbox 2272 3577 2444 3665; x_wconf 75' lang='grc' dir='ltr'><strong><em>λόγῳ</em></strong></span> <span class='ocrx_word' id='word_1_282' title='bbox 2488 3582 2604 3667; x_wconf 79' lang='grc' dir='ltr'><strong><em>τῆς</em></strong></span> 
     </span>
     <span class='ocr_line' id='line_1_34' title="bbox 264 3673 2607 3766; baseline 0 -20"><span class='ocrx_word' id='word_1_283' title='bbox 264 3681 608 3766; x_wconf 73' lang='grc' dir='ltr'><strong><em>βασιλείας</em></strong></span> <span class='ocrx_word' id='word_1_284' title='bbox 649 3703 777 3763; x_wconf 89' lang='grc' dir='ltr'><strong><em>μου</em></strong></span> <span class='ocrx_word' id='word_1_285' title='bbox 823 3680 1290 3763; x_wconf 86' lang='grc' dir='ltr'><strong><em>διωρισμένων,</em></strong></span> <span class='ocrx_word' id='word_1_286' title='bbox 1360 3682 1597 3763; x_wconf 88' lang='grc' dir='ltr'><strong><em>πρῶτα</em></strong></span> <span class='ocrx_word' id='word_1_287' title='bbox 1662 3679 1781 3763; x_wconf 81' lang='grc' dir='ltr'><strong><em>μὲν</em></strong></span> <span class='ocrx_word' id='word_1_288' title='bbox 1825 3675 1902 3743; x_wconf 88' lang='grc' dir='ltr'><strong><em>τὸ</em></strong></span> <span class='ocrx_word' id='word_1_289' title='bbox 1945 3681 2062 3765; x_wconf 84' lang='grc' dir='ltr'><strong><em>τῆς</em></strong></span> <span class='ocrx_word' id='word_1_290' title='bbox 2106 3673 2295 3764; x_wconf 80' lang='grc' dir='ltr'><strong><em>ἁγίας</em></strong></span> <span class='ocrx_word' id='word_1_291' title='bbox 2336 3680 2607 3763; x_wconf 89' lang='grc' dir='ltr'><strong><em>τριάδος</em></strong></span> 
     </span>
     <span class='ocr_line' id='line_1_35' title="bbox 272 3777 2604 3870; baseline -0 -23"><span class='ocrx_word' id='word_1_292' title='bbox 272 3788 538 3870; x_wconf 84' lang='grc' dir='ltr'><strong><em>φέγγος,</em></strong></span> <span class='ocrx_word' id='word_1_293' title='bbox 609 3777 720 3847; x_wconf 82' lang='grc' dir='ltr'><strong><em>ὅτε</em></strong></span> <span class='ocrx_word' id='word_1_294' title='bbox 782 3779 1264 3864; x_wconf 88' lang='grc' dir='ltr'><strong><em>παριστάμεθα</em></strong></span> <span class='ocrx_word' id='word_1_295' title='bbox 1317 3782 1411 3865; x_wconf 79' lang='grc' dir='ltr'><strong><em>τῷ</em></strong></span> <span class='ocrx_word' id='word_1_296' title='bbox 1471 3783 1736 3867; x_wconf 76' lang='grc' dir='ltr'><strong><em>φοβερῷ</em></strong></span> <span class='ocrx_word' id='word_1_297' title='bbox 1779 3777 2055 3864; x_wconf 86' lang='grc' dir='ltr'><strong><em>βήματι,</em></strong></span> <span class='ocrx_word' id='word_1_298' title='bbox 2111 3778 2199 3865; x_wconf 88' lang='grc' dir='ltr'><strong><em>μὴ</em></strong></span> <span class='ocrx_word' id='word_1_299' title='bbox 2247 3779 2604 3847; x_wconf 83' lang='grc' dir='ltr'><strong><em>θεάσαιτο·</em></strong></span> 
     </span>
     <span class='ocr_line' id='line_1_36' title="bbox 272 3874 2609 3969; baseline -0.002 -18"><span class='ocrx_word' id='word_1_300' title='bbox 272 3883 544 3951; x_wconf 70' lang='grc' dir='ltr'><strong><em>ἐκπέσοι</em></strong></span> <span class='ocrx_word' id='word_1_301' title='bbox 570 3883 643 3949; x_wconf 71' lang='grc' dir='ltr'><strong><em>δὲ</em></strong></span> <span class='ocrx_word' id='word_1_302' title='bbox 669 3884 780 3947; x_wconf 86' lang='grc' dir='ltr'><strong><em>καὶ</em></strong></span> <span class='ocrx_word' id='word_1_303' title='bbox 807 3884 921 3968; x_wconf 79' lang='grc' dir='ltr'><strong><em>τῆς</em></strong></span> <span class='ocrx_word' id='word_1_304' title='bbox 945 3883 1076 3946; x_wconf 85' lang='grc' dir='ltr'><strong><em>τῶν</em></strong></span> <span class='ocrx_word' id='word_1_305' title='bbox 1103 3906 1193 3966; x_wconf 87' lang='grc' dir='ltr'><strong><em>χρ</em></strong></span> <span class='ocrx_word' id='word_1_306' title='bbox 1212 3903 1341 3946; x_wconf 91' lang='grc' dir='ltr'><strong><em>ιστ</em></strong></span> <span class='ocrx_word' id='word_1_307' title='bbox 1359 3884 1609 3946; x_wconf 85' lang='grc' dir='ltr'><strong><em>ιανῶν</em></strong></span> <span class='ocrx_word' id='word_1_308' title='bbox 1636 3880 1922 3964; x_wconf 86' lang='grc' dir='ltr'><strong><em>μερίδος,</em></strong></span> <span class='ocrx_word' id='word_1_309' title='bbox 1971 3876 2063 3958; x_wconf 79' lang='grc' dir='ltr'><strong><em>ὥς</em></strong></span> <span class='ocrx_word' id='word_1_310' title='bbox 2098 3874 2133 3944; x_wconf 85' lang='grc' dir='ltr'><strong><em>ὅ</em></strong></span> <span class='ocrx_word' id='word_1_311' title='bbox 2181 3878 2466 3959; x_wconf 83' lang='grc' dir='ltr'><strong><em>ἰούδας</em></strong></span> <span class='ocrx_word' id='word_1_312' title='bbox 2492 3885 2609 3969; x_wconf 80' lang='grc' dir='ltr'><strong><em>τῆς</em></strong></span> 
     </span>
     <span class='ocr_line' id='line_1_37' title="bbox 274 3973 2603 4067; baseline -0.001 -15"><span class='ocrx_word' id='word_1_313' title='bbox 274 3983 672 4063; x_wconf 86' lang='grc' dir='ltr'><strong><em>δωδεκάδος·</em></strong></span> <span class='ocrx_word' id='word_1_314' title='bbox 719 3981 1280 4067; x_wconf 84' lang='grc' dir='ltr'><strong><em>προσεπιτούτοις</em></strong></span> <span class='ocrx_word' id='word_1_315' title='bbox 1322 3982 1430 4048; x_wconf 87' lang='grc' dir='ltr'><strong><em>καὶ</em></strong></span> <span class='ocrx_word' id='word_1_316' title='bbox 1475 3978 1592 4065; x_wconf 83' lang='grc' dir='ltr'><strong><em>τὴν</em></strong></span> <span class='ocrx_word' id='word_1_317' title='bbox 1637 3973 1802 4064; x_wconf 83' lang='grc' dir='ltr'><strong><em>ἆρὰν</em></strong></span> <span class='ocrx_word' id='word_1_318' title='bbox 1840 3979 2295 4046; x_wconf 75' lang='grc' dir='ltr'><strong><em>ἐπισπάσαιτο</em></strong></span> <span class='ocrx_word' id='word_1_319' title='bbox 2326 3983 2458 4048; x_wconf 88' lang='grc' dir='ltr'><strong><em>τῶν</em></strong></span> <span class='ocrx_word' id='word_1_320' title='bbox 2489 3977 2603 4050; x_wconf 75' lang='grc' dir='ltr'><strong><em>ἄπ’</em></strong></span> 
     </span>
     <span class='ocr_line' id='line_1_38' title="bbox 275 4077 2611 4172; baseline 0 -21"><span class='ocrx_word' id='word_1_321' title='bbox 275 4085 515 4165; x_wconf 75' lang='grc' dir='ltr'><strong><em>αἰῶνος</em></strong></span> <span class='ocrx_word' id='word_1_322' title='bbox 568 4089 1183 4172; x_wconf 83' lang='grc' dir='ltr'><strong><em>προκεκοιμημένων</em></strong></span> <span class='ocrx_word' id='word_1_323' title='bbox 1239 4082 1680 4170; x_wconf 89' lang='grc' dir='ltr'><strong><em>πρωτοτόκων</em></strong></span> <span class='ocrx_word' id='word_1_324' title='bbox 1737 4077 1939 4166; x_wconf 82' lang='grc' dir='ltr'><strong><em>ἁγίων</em></strong></span> <span class='ocrx_word' id='word_1_325' title='bbox 1984 4080 2255 4149; x_wconf 90' lang='grc' dir='ltr'><strong><em>δικαίων</em></strong></span> <span class='ocrx_word' id='word_1_326' title='bbox 2297 4086 2402 4151; x_wconf 80' lang='grc' dir='ltr'><strong><em>καὶ</em></strong></span> <span class='ocrx_word' id='word_1_327' title='bbox 2447 4090 2611 4152; x_wconf 81' lang='grc' dir='ltr'><strong><em>θεο-</em></strong></span> 
     </span>
     <span class='ocr_line' id='line_1_39' title="bbox 274 4186 866 4275; baseline 0 -23"><span class='ocrx_word' id='word_1_328' title='bbox 274 4186 500 4275; x_wconf 88' lang='grc' dir='ltr'><strong><em>φόρων</em></strong></span> <span class='ocrx_word' id='word_1_329' title='bbox 542 4191 866 4272; x_wconf 86' lang='grc' dir='ltr'><strong><em>πατέρων.</em></strong></span> 
     </span>
    </p>
   </div>
   <div class='ocr_carea' id='block_1_3' title="bbox 273 4304 414 4314">
    <p class='ocr_par' dir='ltr' id='par_1_4' title="bbox 273 4304 414 4314">
     <span class='ocr_line' id='line_1_40' title="bbox 273 4304 414 4314; baseline -0.016 0"><span class='ocrx_word' id='word_1_330' title='bbox 273 4304 414 4314; x_wconf 62' lang='grc' dir='ltr'><strong><em>μ---</em></strong></span> 
     </span>
    </p>
   </div>
   <div class='ocr_carea' id='block_1_4' title="bbox 423 4303 774 4313">
    <p class='ocr_par' dir='ltr' id='par_1_5' title="bbox 423 4303 774 4313">
     <span class='ocr_line' id='line_1_41' title="bbox 423 4303 774 4313; baseline 0 637"><span class='ocrx_word' id='word_1_331' title='bbox 423 4303 774 4313; x_wconf 95' lang='lat' dir='ltr'><strong><em> </em></strong></span> 
     </span>
    </p>
   </div>
   <div class='ocr_carea' id='block_1_5' title="bbox 779 4302 983 4312">
    <p class='ocr_par' dir='ltr' id='par_1_6' title="bbox 779 4302 983 4312">
     <span class='ocr_line' id='line_1_42' title="bbox 779 4302 983 4312; baseline -0.01 0"><span class='ocrx_word' id='word_1_332' title='bbox 779 4302 983 4312; x_wconf 59' lang='lat' dir='ltr'>..n———t-</span> 
     </span>
    </p>
   </div>
   <div class='ocr_carea' id='block_1_6' title="bbox 414 4330 2009 4407">
    <p class='ocr_par' dir='ltr' id='par_1_7' title="bbox 414 4330 2009 4407">
     <span class='ocr_line' id='line_1_43' title="bbox 414 4330 2009 4407; baseline -0.003 -15"><span class='ocrx_word' id='word_1_333' title='bbox 414 4338 438 4368; x_wconf 75' lang='lat'><strong><em>⁴</em></strong></span> <span class='ocrx_word' id='word_1_334' title='bbox 471 4341 665 4393; x_wconf 85' lang='lat' dir='ltr'><strong>Leuncl.</strong></span> <span class='ocrx_word' id='word_1_335' title='bbox 702 4343 828 4407; x_wconf 85' lang='lat' dir='ltr'><strong>conj.</strong></span> <span class='ocrx_word' id='word_1_336' title='bbox 863 4332 1246 4407; x_wconf 73' lang='grc' dir='ltr'><strong><em>ἐπετράπησαν</em></strong></span> <span class='ocrx_word' id='word_1_337' title='bbox 1278 4340 1346 4390; x_wconf 78' lang='lat' dir='ltr'><strong><em>vel</em></strong></span> <span class='ocrx_word' id='word_1_338' title='bbox 1384 4330 1800 4406; x_wconf 77' lang='grc' dir='ltr'><strong><em>ἀνεγράφησαν.</em></strong></span> <span class='ocrx_word' id='word_1_339' title='bbox 1875 4337 2009 4390; x_wconf 69' lang='lat' dir='ltr'><strong>Male.</strong></span> 
     </span>
    </p>
   </div>
  </div>
 </body>
</html>
