2900 4950
1040 259 1158 324 lup.
1194 261 1428 311 Uanuelis
1466 262 1712 312 Gomneni.
2420 251 2544 314 497

192 408 613 487 „Audientem
670 410 941 473 videlicet
997 412 1199 494 aliquo
1255 413 1325 474 de
1384 417 1844 494 consonqm’neis
1893 414 2096 476 Grecis
2139 415 2540 496 Imperatoris

192 556 241 585 ‚,
258 509 407 585 „vel
460 511 530 571 de
589 510 922 578 hominibus
976 518 1188 593 ipsius.
1281 513 1481 595 Neque
1539 516 1838 577 tenebitur
1882 520 1945 578 in
1992 520 2265 596 captione
2305 520 2537 598 faciens

189 611 603 688 „„injur:’om
660 622 800 674 onte
842 612 1142 698 judicium
1200 619 1257 675 si
1311 615 1544 676 dederit
1583 614 2045 696 fidejussorem:
2102 622 2342 680 sivero
2385 621 2540 700 fide-

191 711 608 789 „Memorem
653 732 774 775 non
823 715 1078 785 dederit,
1141 714 1443 788 tenebitur
1488 717 1717 800 quidem
1756 722 1825 800 ‘in
1873 719 2171 789 custodia,
2221 733 2540 783 extruetur

189 859 237 888 „
252 824 499 888 „tomen
543 825 599 875 et
630 797 1012 892 judicabitur
1056 818 1240 877 donec
1272 815 1571 894 judicium
1613 820 2002 896 manifestum
2045 829 2100 881 et
2141 821 2285 900 finis
2318 818 2544 898 judicii

190 915 494 992 ,msam-it
536 918 600 975 in
644 918 796 994 ipso.
886 914 1172 979 Pretereo
1214 917 1472 1001 eaepletis
1515 923 1771 1000 quinque
1814 924 1993 982 annis
2037 926 2313 984 mittetur
2344 942 2539 985 come-

192 1059 238 1089 „
253 1018 514 1088 „rarius
560 1016 787 1077 domini
828 1016 1222 1096 Imperatoris
1268 1019 1345 1078 od
1390 1020 1714 1082 vindictam
1741 1021 2077 1099 faciendam
2107 1021 2534 1094 Januensibus,

189 1111 519 1195 „‚,st“2psi
550 1133 670 1194 per
714 1115 1158 1180 damnacionem
1203 1116 1439 1180 domino
1485 1118 1858 1199 Imperatori
1891 1123 2168 1201 fecerint.

368 1216 545 1292 „Isto
605 1223 802 1280 omnio
855 1223 921 1281 in
959 1223 1237 1299 presenti
1275 1233 1450 1282 corto
1496 1223 1833 1302 siynisicata
1879 1227 2192 1284 conventio
2238 1242 2343 1303 eqo
2381 1242 2534 1304 pre-

187 1322 586 1394 „nominotus
629 1324 888 1380 nuncius
935 1324 1194 1382 civitatis
1238 1320 1435 1382 Janue
1481 1327 1716 1384 Amicus
1763 1324 1832 1383 de
1864 1322 2071 1385 Marta
2116 1335 2173 1385 et
2203 1323 2357 1401 juro
2404 1329 2534 1387 sine

191 1419 466 1498 „froude
524 1430 580 1481 et
633 1417 791 1479 molo
849 1423 1113 1499 ingenio,
1173 1441 1250 1483 em
1285 1433 1573 1501 precepto
1620 1434 1677 1484 et
1721 1425 2035 1485 voluntate
2078 1425 2531 1505 archiepiscopi,

191 1519 562 1595 „consulum
608 1532 660 1580 et
707 1525 897 1583 tocius
947 1526 1205 1584 civitatis
1254 1528 1581 1584 communis
1615 1527 1872 1585 civitatis
1901 1524 2100 1586 lanne
2148 1525 2534 1587 communis²⁰

191 1621 605 1700 „confirmari
645 1632 698 1681 et
743 1621 1065 1683 observari
1115 1624 1187 1683 ob
1232 1628 1316 1684 eis
1360 1636 1420 1686 et
1450 1619 1677 1699 jurari
1715 1636 1774 1685 et
1811 1624 1995 1704 firmo
2037 1637 2097 1686 et
2139 1626 2379 1687 stabilia
2424 1646 2530 1688 cu-

194 1724 473 1798 „stodire
515 1725 580 1782 in
624 1727 1051 1801 sempiternum
1093 1737 1152 1785 et
1196 1732 1492 1803 semper.“

364 1823 852 1901 Quandoquidem
909 1824 1678 1903 presentem‘sinpboniom
1720 1834 1781 1885 et
1823 1827 2269 1888 conventionem
2316 1846 2529 1906 preno-

191 1925 451 1985 minatus
494 1923 747 1985 nuncius
790 1925 926 1986 fecit
967 1935 1029 1987 et
1069 1933 1437 1986 sacramento
1482 1926 1637 1985 hanc
1677 1927 2070 2000 confirmavit,
2131 1945 2266 1987 ecee
2311 1936 2370 1987 et
2412 1927 2528 1987 Im-

191 2025 421 2105 perium
482 2044 679 2085 meum
735 2044 843 2105 per
896 2046 1145 2107 presens
1187 2025 1540 2087 crisobolum
1587 2025 1808 2104 logo[n]
1856 2026 2019 2104 ejus,
2077 2046 2257 2106 quum
2301 2026 2352 2087 si
2396 2027 2528 2086 uni-

189 2126 436 2186 versitas
477 2125 893 2200 Januensinrn,
961 2126 1225 2188 videlicet
1278 2127 1755 2208 archiepiscopus
1800 2127 2073 2187 consules
2117 2135 2175 2187 et
2218 2125 2524 2188 multitudo

188 2227 380 2289 tocius
424 2228 772 2301 communis,
820 2229 970 2288 lianc
1013 2229 1469 2289 convencionem
1516 2229 1866 2307 recipientes
1909 2229 2232 2289 secundum
2276 2246 2527 2288 eonsue-

189 2329 455 2390 tudinem
501 2348 628 2390 eam
677 2329 1055 2409 complebunt
1098 2338 1156 2390 et
1199 2349 1306 2409 per
1338 2315 1619 2409 scriptum
1656 2328 1897 2390 fecerint
1929 2339 1983 2390 et
2009 2328 2337 2408 juraverint
2366 2329 2523 2408 quod

189 2430 514 2492 secundum
561 2431 918 2512 prescriptos
960 2429 1089 2510 ejus
1134 2430 1541 2492 distinctiones
1586 2438 1645 2491 et
1688 2431 1936 2512 capitula
1972 2430 2361 2493 observabunt
2394 2450 2521 2492 eam

187 2533 586 2612 incorruptam
632 2543 692 2593 et
734 2533 1088 2594 immobilem
1136 2552 1323 2612 usque
1369 2533 1426 2594 in
1471 2533 1895 2613 sempiternum
1942 2543 2000 2594 et
2043 2552 2280 2613 semper
2313 2533 2386 2594 ad
2416 2532 2524 2593 ho-

188 2654 395 2695 norem
443 2634 673 2715 lmperii
733 2633 915 2695 nostri
962 2644 1021 2697 et
1065 2633 1376 2707 Romame,
1433 2636 1598 2695 firma
1644 2633 2110 2696 observabuntur
2152 2635 2224 2695 ab
2272 2634 2521 2715 Imperio

189 2747 395 2797 nostro
449 2755 563 2816 que
617 2735 691 2797 ab
747 2755 819 2795 eo
877 2734 1164 2814 promissa
1219 2743 1361 2795 sunt
1400 2735 1830 2809 hamensibus,
1897 2755 2010 2815 que
2068 2728 2340 2816 superius
2385 2746 2527 2798 sunt.

187 2836 544 2915 significata,
603 2838 793 2898 donec
837 2836 1101 2898 videlicet
1142 2837 1389 2897 firmiter
1430 2845 1491 2897 et
1532 2836 2015 2897 indissolubiliter
2055 2837 2525 2898 observabuntur

190 2956 308 3017 que
353 2938 426 2998 ab
469 2938 555 2999 eis
599 2947 942 2999 conventam
988 2948 1126 2998 sunt
1172 2937 1421 3016 imperio
1468 2955 1600 2997 meo
1645 2945 1703 2997 et
1734 2938 2035 2997 Romanie.
2097 2937 2376 2998 Presente
2405 2938 2524 3015 gri-

185 3039 546 3119 soboliologo
575 3040 808 3119 Imperii
836 3039 947 3099 mei
975 3038 1220 3099 firmiter
1254 3047 1313 3097 et
1341 3036 1626 3099 stabiliter
1652 3056 2027 3116 perseverare
2053 3037 2321 3109 debente,
2369 3036 2521 3097 facto

186 3160 393 3202 mense
417 3141 675 3203 octubris
699 3140 989 3222 presentis
1023 3139 1232 3200 terciae
1265 3138 1601 3199 indictionis
1633 3158 1788 3198 anno
1814 3137 1929 3216 [vt]
1955 3134 2518 3214 M[Dc]t,xxvt11¹¹,

187 3243 250 3303 in
296 3262 413 3322 quo
457 3253 516 3305 et
560 3251 823 3304 nostrum
869 3240 1390 3303 clementissimum
1435 3250 1494 3301 et
1538 3259 1570 3300 a
1616 3241 1728 3300 deo
1759 3258 2105 3301 concessum
2135 3238 2385 3318 signavit
2412 3237 2523 3298 im-

186 3344 418 3424 perium
485 3345 572 3404 vel
640 3352 919 3423 potestas.
976 3377 1063 3387 -
1130 3341 1497 3421 Subscriptio
1550 3341 1788 3421 proprie
1846 3360 2057 3403 manus
2112 3340 2516 3419 Imperatoris:

181 3445 416 3507 Manuel
458 3446 518 3506 in
565 3445 796 3506 Christo
839 3445 952 3505 deo
997 3441 1250 3505 fideliter
1291 3443 1619 3524 Imperator
1661 3442 2119 3522 Porfirogenitus
2174 3450 2232 3502 et
2273 3442 2520 3503 eliocro-

181 3558 277 3609 tor
317 3546 582 3608 Romeon
632 3566 668 3607 o
714 3546 1009 3608 CominoS.

316 3730 357 3759 ¹⁰
393 3733 480 3782 nic
515 3734 833 3796 corruptelam
871 3734 1032 3782 inesse
1069 3740 1212 3796 patet.
1351 3730 1383 3758 ¹¹
1420 3733 1558 3795 Apud
1595 3731 1724 3781 Sauli
1761 3732 1791 3781 l.
1830 3731 1859 3780 l.
1899 3738 2000 3782 est:
2051 3730 2515 3780 M......t,xxt·ttt.

182 3819 409 3869 Silvestre
467 3818 525 3867 de
581 3820 700 3882 Sacy
754 3817 799 3865 in
856 3818 992 3866 Mem.
1045 3818 1105 3866 de
1157 3817 1396 3865 l’lnstitut.
1453 3816 1521 3864 Cl.
1577 3815 1745 3864 d'flist.
1784 3815 1846 3864 ΙΙΙ
1884 3830 1929 3878 p.
1964 3813 2059 3863 103
2113 3813 2288 3875 legisse
2332 3813 2517 3862 videtur

177 3902 574 3964 VIMDCXCVlll,
623 3916 829 3964 eumque
877 3916 1128 3950 numerum
1163 3901 1212 3950 in
1249 3898 1383 3950 6658
1419 3899 1697 3947 mutandum
1735 3913 1843 3946 esse
1878 3905 2026 3961 putat.
2100 3897 2196 3946 Sed
2233 3898 2394 3946 datum
2429 3897 2519 3947 fuit

176 3989 271 4037 hoc
309 3985 662 4051 chrysobullum
701 3986 958 4035 indictione
998 3985 1089 4047 ill,
1127 4000 1250 4048 quae
1286 3984 1481 4053 quidem
1518 3983 1686 4032 incidit
1720 3981 1843 4033 inter
1878 3996 1919 4030 a.
1965 3981 2092 4030 1155
2129 3980 2208 4040 (cs.
2246 3989 2344 4030 not.
2380 3981 2431 4041 8)
2468 3989 2515 4030 et

172 4072 460 4133 legationem
500 4072 724 4121 Grimaldi
762 4086 802 4119 a.
848 4070 973 4120 1174
1012 4076 1281 4132 susceptam
1334 4067 1414 4130 (cl’.
1451 4068 1582 4117 Sauli
1619 4066 1649 4117 l.
1689 4081 1729 4115 c.
1768 4065 1981 4129 p.188),
2034 4071 2084 4113 ut
2119 4079 2274 4113 onnus
2310 4080 2351 4113 a.
2390 4080 2431 4115 ο.
2473 4082 2511 4114 c.

171 4156 309 4207 6678
347 4155 546 4206 indicari
585 4157 817 4207 debuerit.

1441 4310 1647 4325 -q———n

272 4460 353 4511 ΙΙΙ.
2042 4451 2108 4501 32
