2900 4950
1194 258 1314 322 Imp.
1353 259 1541 309 Leonis,
2413 248 2538 308 203

203 409 493 492 γωροῦσι
547 408 684 471 τοῦ
723 405 1140 491 πράγματος,
1200 403 1428 491 ὥσπερ
1473 406 1558 472 τὰ
1597 408 1854 489 χαλεπὰ
1896 411 2029 474 τῶν
2071 414 2329 494 θηρίων
2372 409 2543 493 πρὸς

204 507 281 573 τὸ
323 510 535 586 κακῶς
577 513 833 575 παθεῒν
879 502 1241 593 ὅρμῶντεςῦ
1269 508 1380 572 ἵνα
1409 506 1908 594 κακοποιήσωσι
1937 510 2089 586 τοὺς
2120 509 2539 589 πελάζοντας,

206 604 387 693 ὅμως
440 604 557 674 ούκ
608 604 904 691 ἀνέχεται
959 608 1267 693 τοιαύτην
1324 615 1552 674 κακίαν
1610 604 1646 696 ἡ
1706 611 2012 693 βασιλεία
2056 605 2239 696 ἡμῶν
2282 614 2373 695 τῷ
2416 617 2543 697 βίῳ

205 706 818 796 παῤῥησιάζεσθαι,
879 703 1024 775 οὐδ’
1088 706 1193 776 ὅτι
1238 709 1475 776 ἐκεῖνοι
1517 717 1840 795 προνοίας
1883 707 2267 798 ὠφελούσης
2310 707 2547 790 αὐτοὺς

207 806 467 889 ἀνάξιοι
507 820 741 892 τυχεῖν,
790 808 904 875 διὰ
943 814 1139 876 τοῦτο
1183 812 1670 897 καταλείψομεν
1714 806 2149 898 ἀβοηθήτους.
2231 818 2430 898 μέρος
2475 815 2547 879 δέ

204 937 274 977 τι
313 915 420 979 καὶ
466 907 634 997 ὑπὲρ
680 908 896 977 αὐτῶν
938 914 1057 995 μὲν
1097 911 1600 997 προνοούμενοι,
1647 912 1937 996 μάλιστα
1983 915 2053 980 δὲ
2087 916 2193 980 καὶ
2227 909 2394 999 ὑπὲρ
2425 917 2547 979 τοῦ

203 1006 687 1097 γειτονεύοντος
727 1016 983 1096 μέρους,
1031 1010 1067 1076 ὃ
1115 1013 1499 1095 λυμαίνεται
1541 1019 1754 1093 κακῶς
1782 1010 1821 1100 ἡ
1851 1014 2125 1102 τοιαύτη
2152 1021 2547 1100 μισανθρω-

206 1121 366 1193 πία,
424 1113 887 1195 θεσπίζομεν“,
949 1112 1062 1179 ἐπὶ
1106 1117 1237 1178 τῶν
1282 1113 1601 1180 τοιούτων
1647 1113 2226 1200 παραθαλασσίων
2266 1123 2542 1202 χωρίων,

209 1210 312 1303 ἐφ’
363 1203 455 1279 ὧν
516 1214 653 1280 ἰδία
694 1216 800 1278 καὶ
848 1213 1082 1301 ἑκάστη
1126 1225 1331 1300 μοῖρα
1376 1215 1549 1300 πρὸς
1592 1215 1835 1303 ἐποχῆς
1892 1210 2007 1282 οὖκ
2053 1216 2305 1300 ἐξαρκεῖ
2346 1217 2548 1284 κατά-

209 1338 464 1395 στασιν,
512 1308 1033 1381 ἀνακοινοῦσθαι
1074 1315 1158 1381 τὰ
1199 1321 1381 1401 μέρη,
1432 1311 1605 1384 ὥστε
1649 1315 1762 1383 διὰ
1803 1320 1919 1403 τῆς
1946 1317 2255 1403 τοιαύτης
2283 1313 2549 1384 ἀνακοι-

209 1415 474 1495 νώσεως
526 1414 680 1493 τοὺς
733 1415 1049 1500 κτήτορας
1093 1416 1162 1482 ἐκ
1205 1420 1337 1483 τῶν
1381 1418 1641 1485 οἰκείων
1685 1420 1793 1484 καὶ
1841 1413 2262 1505 ὠφελεῖσθαι
2305 1419 2550 1506 κτημά-

207 1542 372 1598 των,
429 1520 535 1583 καὶ
591 1516 680 1603 μὴ
736 1518 1139 1601 βουλομένου
1196 1523 1492 1604 θατέρου
1534 1529 1873 1586 κοινωνεῖν
1916 1519 2319 1605 προσώπου,
2379 1519 2551 1605 πρὸς

206 1618 325 1705 τὴν
379 1624 726 1685 κοινωνίαν
787 1615 1058 1696 ἄκοντος
1116 1624 1645 1703 συνωθουμένου.
1739 1619 2229 1707 φιλάνθρωπον
2273 1621 2394 1708 γὰρ
2440 1624 2551 1687 καὶ

209 1717 450 1787 ἄκοντά
492 1744 642 1786 τινα
682 1716 1069 1804 μεταλάχεῖν
1113 1715 1722 1805 ἰ’σμεν-εὖεργεσίας,
1770 1721 2064 1787 ἐνταῦθα
2097 1724 2167 1789 δὲ
2196 1723 2370 1789 πολὺ
2382 1729 2545 1844 „psl-

211 1820 337 1902 ζων
380 1816 418 1908 ἡ
467 1822 969 1907 φιλανθρωπία,
1015 1819 1103 1907 μὴ
1148 1819 1353 1905 μόνον
1398 1819 1675 1900 ἄκοντος
1720 1817 2253 1908 εὖεργετουμένου
2297 1827 2415 1890 τοῦ
2457 1820 2548 1910 μὴ

211 1927 546 2001 συνιέντος
586 1925 702 2008 τῆς
746 1916 1131 2043 εὐεργεσίας,
1179 1917 1348 1989 ἀλλὰ
1388 1924 1495 1988 καὶ
1541 1925 1658 1988 τοῦ
1704 1922 2102 2008 παραλόγως
2146 1919 2345 2011 αὐτῆς
2376 1919 2549 1990 άποψ

213 2029 646 2108 στερουμένου
688 2022 776 2109 μή
820 2020 938 2110 τῆν
982 2017 1428 2110 ἀποστέρησιν
1472 2018 1935 2106 ὖπομένοντος.

1076 2238 1210 2245 —-—
1231 2239 1252 2244 -.
1295 2240 1328 2245 -
1379 2239 1683 2247 --ᾑ-.--ῃ

1204 2430 1375 2493 NOV.
1423 2430 1569 2492 (3111.

291 2549 376 2611 De
418 2550 520 2625 iis,
568 2550 666 2630 qui
710 2551 769 2612 in
817 2550 1122 2612 maritimis
1165 2550 1422 2630 praediis
1468 2549 1803 2611 societatem
1850 2551 2055 2612 ineunt
2098 2550 2170 2612 ad
2216 2550 2499 2630 epocham

1125 2650 1593 2715 constituendam
1611 2651 1646 2711 ¹.

1044 2820 1549 2932 A14TA2'12
1594 2815 1728 2917 (ιγ’.

220 2952 416 3046 Περὶ
480 2958 636 3024 τῶν
690 2953 771 3023 ἐν
825 2949 1263 3032 θαλασσίοις
1313 2957 1580 3042 νομαῖς
1629 2948 2098 3042 ποιουμένων
2146 2952 2550 3024 κοινωνίαν

877 3065 1058 3158 πρὸς
1109 3069 1369 3160 ἐποχῆς
1419 3066 1834 3140 ὑπόστασιν
1856 3071 1908 3137 2.

741 3212 798 3266 Ὁ
837 3211 1048 3272 αὐτὸς
1078 3212 1415 3282 βασιλεὺς
1450 3211 1725 3282 arvitam&
1754 3217 1831 3281 τῷ
1867 3209 2035 3280 αύτῷ.

390 3318 624 3385 Ε’ίωθε
674 3318 795 3401 μὲν
853 3316 964 3383 ἐπὶ
1023 3320 1155 3382 τῶν
1209 3322 1568 3402 γινομένων
1610 3315 2115 3403 κοινωνημάτων
2158 3314 2478 3396 πολλάκις
2524 3314 2561 3383 ὁ

223 3421 301 3487 τὸ
345 3421 550 3486 πλέον
590 3424 790 3502 μέρος
832 3418 900 3484 ἐν
940 3419 1020 3504 τῇ
1066 3423 1374 3505 κοινωνίᾳ
1419 3422 1867 3504 συνεισφέρων
1908 3416 1986 3482 τὸ
2032 3417 2237 3482 πλέον
2268 3420 2385 3482 τοῦ
2415 3423 2560 3503 κέρ-

228 3523 383 3600 δους
437 3520 869 3606 πορίζεσθαι,
934 3521 1043 3585 καὶ
1101 3520 1315 3598 καλῶς
1370 3514 1473 3598 οἷς
1530 3513 1608 3585 ἂν
1666 3516 1876 3597 οὕτως
1932 3513 2205 3604 άρέσκον
2252 3513 2439 3606 ὀφθῇ
2486 3519 2565 3585 τὸ

228 3625 501 3707 πρᾶγμα
542 3626 807 3707 γίνεται.
896 3619 1070 3706 πλὴν
1125 3616 1279 3687 οὐδὲ
1324 3620 1436 3687 διὰ
1473 3624 1670 3687 τοῦτο
1715 3621 1929 3698 καλῶς
1974 3619 2086 3686 ἐπὶ
2130 3623 2262 3686 τῶν
2307 3623 2565 3686 θαλατ-

227 3731 386 3791 τίων
427 3728 683 3808 χωρίων
726 3729 1072 3799 κοινωνίας
1112 3726 1532 3807 γεγενημένης
1589 3717 1624 3785 ὃ
1669 3720 1745 3785 τὸ
1790 3722 2107 3787 πλεῖστον
2153 3721 2313 3802 ἔχων
2359 3721 2426 3787 έν
2470 3724 2562 3805 τῷ

227 3823 507 3910 τοιούτῳ
558 3830 777 3909 χωρίῳ
833 3825 949 3887 τοῦ
1006 3821 1083 3887 τὸ
1142 3821 1409 3888 ἔλαττον
1470 3822 1730 3903 ἔχοντος
1788 3822 2043 3898 δίκαιος
2086 3816 2564 3908 ἀποφέρεσθαι

226 3927 496 4012 μείζονα
538 3926 805 4011 κέρδους
848 3917 1239 3989 ἀπόλαυσιν.
1308 3916 1450 3987 οἷον
1498 3920 1557 3986 εἰ
1599 3923 1693 4006 τῷ
1736 3923 1855 4004 μὲν
1902 3920 2133 3987 ἑκατὸν
2179 3921 2408 4004 εἰἠσαν
2455 3918 2566 4006 ὀρ-

229 4030 407 4113 γυιαὶ
461 4021 596 4093 κατ’
660 4026 834 4093 ἰδίαν
893 4023 1195 4102 ἐξουσίαν
1249 4023 1359 4088 καὶ
1414 4024 1641 4107 κτῆσιν
1699 4022 2172 4108 διαφέρουσαι,
2219 4024 2314 4107 τῷ
2362 4022 2434 4089 δὲ
2474 4022 2562 4109 μὴ

228 4190 452 4199 ,ι’-μ-
549 4191 620 4195 μ
693 4189 938 4196 -.--.-.-..

364 4277 386 4306 ⁵
419 4281 639 4329 Fortasse
676 4273 960 4347 ὃρμιῦνται
995 4277 1299 4327 scribendum
1339 4282 1427 4325 est.
1567 4272 1588 4300 ⁶
1621 4273 1720 4324 luc.
1758 4274 1946 4337 Ecloga.

367 4361 382 4388 ¹
418 4363 514 4412 Ecl.
553 4363 663 4412 Nov.
702 4364 782 4414 51.
924 4361 943 4388 ²
978 4362 1126 4411 Verba
1162 4353 1301 4426 πρὸς
1335 4353 1416 4408 ἐπ.
1462 4351 1652 4406 ὑπόστ.
1732 4359 1900 4422 Ecloga
1936 4375 2032 4411 non
2070 4363 2299 4423 agnoscit.
