<?xml version="1.0" encoding="UTF-8"?>
<!DOCTYPE html PUBLIC "-//W3C//DTD XHTML 1.0 Transitional//EN"
    "http://www.w3.org/TR/xhtml1/DTD/xhtml1-transitional.dtd">
<html xmlns="http://www.w3.org/1999/xhtml" xml:lang="en" lang="en">
 <head>
  <title>
</title>
<meta http-equiv="Content-Type" content="text/html;charset=utf-8" />
  <meta name='ocr-system' content='tesseract 3.04.00' />
  <meta name='ocr-capabilities' content='ocr_page ocr_carea ocr_par ocr_line ocrx_word'/>
</head>
<body>
  <div class='ocr_page' id='page_1' title='image "./jusgraecoromanu00linggoog_0639.png"; bbox 0 0 2900 4950; ppageno 0'>
   <div class='ocr_carea' id='block_1_1' title="bbox 1032 240 2561 321">
    <p class='ocr_par' dir='ltr' id='par_1_1' title="bbox 1032 240 2561 321">
     <span class='ocr_line' id='line_1_1' title="bbox 1032 240 2561 321; baseline 0.002 -24"><span class='ocrx_word' id='word_1_1' title='bbox 1032 248 1149 311; x_wconf 70' lang='lat' dir='ltr'><strong>imp.</strong></span> <span class='ocrx_word' id='word_1_2' title='bbox 1185 247 1429 300; x_wconf 69' lang='lat' dir='ltr'><strong>menaeus</strong></span> <span class='ocrx_word' id='word_1_3' title='bbox 1469 249 1751 321; x_wconf 59' lang='grc' dir='ltr'><strong>νιιᾳωιοςῑ.</strong></span> <span class='ocrx_word' id='word_1_4' title='bbox 2442 240 2561 302; x_wconf 77' lang='lat'><strong>581</strong></span> 
     </span>
    </p>
   </div>
   <div class='ocr_carea' id='block_1_2' title="bbox 219 396 2563 679">
    <p class='ocr_par' dir='ltr' id='par_1_2' title="bbox 219 396 2563 679">
     <span class='ocr_line' id='line_1_2' title="bbox 219 396 2563 479; baseline 0.004 -19"><span class='ocrx_word' id='word_1_5' title='bbox 219 397 671 460; x_wconf 68' lang='lat' dir='ltr'><strong>conventionem</strong></span> <span class='ocrx_word' id='word_1_6' title='bbox 723 396 934 472; x_wconf 82' lang='lat' dir='ltr'><strong>habet,</strong></span> <span class='ocrx_word' id='word_1_7' title='bbox 992 398 1093 478; x_wconf 90' lang='lat' dir='ltr'><strong>qui</strong></span> <span class='ocrx_word' id='word_1_8' title='bbox 1150 400 1366 462; x_wconf 82' lang='lat' dir='ltr'><strong>debent</strong></span> <span class='ocrx_word' id='word_1_9' title='bbox 1407 400 1712 462; x_wconf 79' lang='lat' dir='ltr'><strong>nominari</strong></span> <span class='ocrx_word' id='word_1_10' title='bbox 1773 409 1834 464; x_wconf 87' lang='lat' dir='ltr'><strong>et</strong></span> <span class='ocrx_word' id='word_1_11' title='bbox 1888 404 2161 479; x_wconf 79' lang='lat' dir='ltr'><strong>cognosci</strong></span> <span class='ocrx_word' id='word_1_12' title='bbox 2219 413 2279 465; x_wconf 89' lang='lat' dir='ltr'><strong>et</strong></span> <span class='ocrx_word' id='word_1_13' title='bbox 2332 403 2459 466; x_wconf 82' lang='lat' dir='ltr'><strong>dari</strong></span> <span class='ocrx_word' id='word_1_14' title='bbox 2501 406 2563 469; x_wconf 84' lang='lat' dir='ltr'><strong>iu</strong></span> 
     </span>
     <span class='ocr_line' id='line_1_3' title="bbox 221 497 2563 580; baseline 0.002 -19"><span class='ocrx_word' id='word_1_15' title='bbox 221 500 460 580; x_wconf 81' lang='lat' dir='ltr'><strong>scriptis</strong></span> <span class='ocrx_word' id='word_1_16' title='bbox 515 497 609 560; x_wconf 84' lang='lat' dir='ltr'><strong>illa</strong></span> <span class='ocrx_word' id='word_1_17' title='bbox 670 499 796 571; x_wconf 92' lang='lat' dir='ltr'><strong>die,</strong></span> <span class='ocrx_word' id='word_1_18' title='bbox 855 518 969 579; x_wconf 82' lang='lat' dir='ltr'><strong>qua</strong></span> <span class='ocrx_word' id='word_1_19' title='bbox 1018 499 1307 580; x_wconf 80' lang='lat' dir='ltr'><strong>jurabunt</strong></span> <span class='ocrx_word' id='word_1_20' title='bbox 1360 519 1562 564; x_wconf 82' lang='lat' dir='ltr'><strong>versus</strong></span> <span class='ocrx_word' id='word_1_21' title='bbox 1609 501 1922 580; x_wconf 72' lang='lat' dir='ltr'><strong>Imperium</strong></span> <span class='ocrx_word' id='word_1_22' title='bbox 1970 513 2235 568; x_wconf 84' lang='lat' dir='ltr'><strong>nostrum</strong></span> <span class='ocrx_word' id='word_1_23' title='bbox 2282 502 2563 578; x_wconf 75' lang='lat' dir='ltr'><strong>Potestas,</strong></span> 
     </span>
     <span class='ocr_line' id='line_1_4' title="bbox 221 600 2563 679; baseline 0.002 -17"><span class='ocrx_word' id='word_1_24' title='bbox 221 601 600 679; x_wconf 83' lang='lat' dir='ltr'><strong>Capitanens,</strong></span> <span class='ocrx_word' id='word_1_25' title='bbox 645 610 777 661; x_wconf 86' lang='lat' dir='ltr'><strong>octo</strong></span> <span class='ocrx_word' id='word_1_26' title='bbox 820 600 1090 676; x_wconf 83' lang='lat' dir='ltr'><strong>Nobiles,</strong></span> <span class='ocrx_word' id='word_1_27' title='bbox 1137 601 1401 675; x_wconf 78' lang='lat' dir='ltr'><strong>Antiaui,</strong></span> <span class='ocrx_word' id='word_1_28' title='bbox 1449 601 1804 664; x_wconf 79' lang='lat' dir='ltr'><strong>Consiliares</strong></span> <span class='ocrx_word' id='word_1_29' title='bbox 1849 612 1908 664; x_wconf 88' lang='lat' dir='ltr'><strong>et</strong></span> <span class='ocrx_word' id='word_1_30' title='bbox 1942 600 2277 666; x_wconf 79' lang='lat' dir='ltr'><strong>‘Commune</strong></span> <span class='ocrx_word' id='word_1_31' title='bbox 2318 605 2563 668; x_wconf 77' lang='lat' dir='ltr'><strong>Ianuae.</strong></span> 
     </span>
    </p>
   </div>
   <div class='ocr_carea' id='block_1_3' title="bbox 94 700 2564 786">
    <p class='ocr_par' dir='ltr' id='par_1_3' title="bbox 94 700 2564 786">
     <span class='ocr_line' id='line_1_5' title="bbox 94 700 2564 786; baseline 0.002 -23"><span class='ocrx_word' id='word_1_32' title='bbox 94 772 110 783; x_wconf 85' lang='lat'><em>.</em></span> <span class='ocrx_word' id='word_1_33' title='bbox 222 703 298 763; x_wconf 84' lang='lat' dir='ltr'><strong>Et</strong></span> <span class='ocrx_word' id='word_1_34' title='bbox 347 700 662 781; x_wconf 81' lang='lat' dir='ltr'><strong>Imperium</strong></span> <span class='ocrx_word' id='word_1_35' title='bbox 718 711 986 763; x_wconf 86' lang='lat' dir='ltr'><strong>nostrum</strong></span> <span class='ocrx_word' id='word_1_36' title='bbox 1041 703 1238 780; x_wconf 78' lang='lat' dir='ltr'><strong>galeas</strong></span> <span class='ocrx_word' id='word_1_37' title='bbox 1284 703 1396 764; x_wconf 83' lang='lat' dir='ltr'><strong>sibi</strong></span> <span class='ocrx_word' id='word_1_38' title='bbox 1441 703 1787 766; x_wconf 76' lang='lat' dir='ltr'><strong>commissas</strong></span> <span class='ocrx_word' id='word_1_39' title='bbox 1833 703 2151 767; x_wconf 72' lang='lat' dir='ltr'><strong>licentiabit</strong></span> <span class='ocrx_word' id='word_1_40' title='bbox 2194 706 2266 766; x_wconf 90' lang='lat' dir='ltr'><strong>de</strong></span> <span class='ocrx_word' id='word_1_41' title='bbox 2314 707 2564 786; x_wconf 62' lang='lat' dir='ltr'><strong>liupo-io</strong></span> 
     </span>
    </p>
   </div>
   <div class='ocr_carea' id='block_1_4' title="bbox 219 801 2577 1894">
    <p class='ocr_par' dir='ltr' id='par_1_4' title="bbox 219 801 2577 1894">
     <span class='ocr_line' id='line_1_6' title="bbox 219 801 2566 886; baseline 0.004 -26"><span class='ocrx_word' id='word_1_42' title='bbox 219 813 434 880; x_wconf 80' lang='lat' dir='ltr'><strong>nostro</strong></span> <span class='ocrx_word' id='word_1_43' title='bbox 489 805 641 864; x_wconf 83' lang='lat' dir='ltr'><strong>sacto</strong></span> <span class='ocrx_word' id='word_1_44' title='bbox 698 801 962 864; x_wconf 84' lang='lat' dir='ltr'><strong>servitio:</strong></span> <span class='ocrx_word' id='word_1_45' title='bbox 1021 814 1080 866; x_wconf 89' lang='lat' dir='ltr'><strong>et</strong></span> <span class='ocrx_word' id='word_1_46' title='bbox 1132 804 1182 865; x_wconf 90' lang='lat' dir='ltr'><strong>si</strong></span> <span class='ocrx_word' id='word_1_47' title='bbox 1239 804 1514 866; x_wconf 82' lang='lat' dir='ltr'><strong>acciderit</strong></span> <span class='ocrx_word' id='word_1_48' title='bbox 1578 804 1725 866; x_wconf 80' lang='lat' dir='ltr'><strong>infra</strong></span> <span class='ocrx_word' id='word_1_49' title='bbox 1785 805 1941 867; x_wconf 89' lang='lat' dir='ltr'><strong>diem</strong></span> <span class='ocrx_word' id='word_1_50' title='bbox 2000 805 2247 886; x_wconf 88' lang='lat' dir='ltr'><strong>primam</strong></span> <span class='ocrx_word' id='word_1_51' title='bbox 2294 808 2566 870; x_wconf 80' lang='lat' dir='ltr'><strong>intrantis</strong></span> 
     </span>
     <span class='ocr_line' id='line_1_7' title="bbox 223 903 2567 984; baseline 0.002 -18"><span class='ocrx_word' id='word_1_52' title='bbox 223 904 449 966; x_wconf 79' lang='lat' dir='ltr'><strong>mensis</strong></span> <span class='ocrx_word' id='word_1_53' title='bbox 494 903 797 976; x_wconf 74' lang='lat' dir='ltr'><strong>OctobriS,</strong></span> <span class='ocrx_word' id='word_1_54' title='bbox 856 904 1328 983; x_wconf 83' lang='lat' dir='ltr'><strong>qnod.homines</strong></span> <span class='ocrx_word' id='word_1_55' title='bbox 1373 905 1633 984; x_wconf 79' lang='lat' dir='ltr'><strong>ipsarum</strong></span> <span class='ocrx_word' id='word_1_56' title='bbox 1678 906 1974 983; x_wconf 81' lang='lat' dir='ltr'><strong>galearum</strong></span> <span class='ocrx_word' id='word_1_57' title='bbox 2021 907 2336 970; x_wconf 78' lang='lat' dir='ltr'><strong>habuerint</strong></span> <span class='ocrx_word' id='word_1_58' title='bbox 2376 910 2567 971; x_wconf 82' lang='lat' dir='ltr'><strong>dictos</strong></span> 
     </span>
     <span class='ocr_line' id='line_1_8' title="bbox 223 1004 2567 1087; baseline 0.002 -21"><span class='ocrx_word' id='word_1_59' title='bbox 223 1005 444 1066; x_wconf 87' lang='lat' dir='ltr'><strong>solidos</strong></span> <span class='ocrx_word' id='word_1_60' title='bbox 488 1013 544 1065; x_wconf 90' lang='lat' dir='ltr'><strong>et</strong></span> <span class='ocrx_word' id='word_1_61' title='bbox 591 1004 964 1084; x_wconf 84' lang='lat' dir='ltr'><strong>dispendium</strong></span> <span class='ocrx_word' id='word_1_62' title='bbox 1010 1007 1236 1067; x_wconf 85' lang='lat' dir='ltr'><strong>dierum</strong></span> <span class='ocrx_word' id='word_1_63' title='bbox 1294 1007 1677 1085; x_wconf 78' lang='lat' dir='ltr'><strong>quadraginta</strong></span> <span class='ocrx_word' id='word_1_64' title='bbox 1725 1016 1866 1069; x_wconf 89' lang='lat' dir='ltr'><strong>tunc</strong></span> <span class='ocrx_word' id='word_1_65' title='bbox 1910 1009 2173 1087; x_wconf 79' lang='lat' dir='ltr'><strong>proxime</strong></span> <span class='ocrx_word' id='word_1_66' title='bbox 2216 1007 2567 1084; x_wconf 77' lang='lat' dir='ltr'><strong>futurorum,</strong></span> 
     </span>
     <span class='ocr_line' id='line_1_9' title="bbox 224 1106 2566 1185; baseline 0.003 -19"><span class='ocrx_word' id='word_1_67' title='bbox 224 1126 297 1167; x_wconf 84' lang='lat' dir='ltr'><strong>ex</strong></span> <span class='ocrx_word' id='word_1_68' title='bbox 355 1125 472 1185; x_wconf 87' lang='lat' dir='ltr'><strong>quo</strong></span> <span class='ocrx_word' id='word_1_69' title='bbox 531 1106 858 1169; x_wconf 84' lang='lat' dir='ltr'><strong>licentiatae</strong></span> <span class='ocrx_word' id='word_1_70' title='bbox 911 1106 1158 1180; x_wconf 83' lang='lat' dir='ltr'><strong>suerint,</strong></span> <span class='ocrx_word' id='word_1_71' title='bbox 1216 1107 1266 1169; x_wconf 85' lang='lat' dir='ltr'><strong>si</strong></span> <span class='ocrx_word' id='word_1_72' title='bbox 1313 1106 1493 1169; x_wconf 79' lang='lat' dir='ltr'><strong>non²²</strong></span> <span class='ocrx_word' id='word_1_73' title='bbox 1533 1117 1672 1168; x_wconf 85' lang='lat' dir='ltr'><strong>ante</strong></span> <span class='ocrx_word' id='word_1_74' title='bbox 1717 1107 1933 1169; x_wconf 87' lang='lat' dir='ltr'><strong>dictum</strong></span> <span class='ocrx_word' id='word_1_75' title='bbox 1981 1109 2293 1172; x_wconf 88' lang='lat' dir='ltr'><strong>terminum</strong></span> <span class='ocrx_word' id='word_1_76' title='bbox 2338 1111 2566 1172; x_wconf 81' lang='lat' dir='ltr'><strong>dierum</strong></span> 
     </span>
     <span class='ocr_line' id='line_1_10' title="bbox 223 1207 2568 1288; baseline 0.003 -20"><span class='ocrx_word' id='word_1_77' title='bbox 223 1207 608 1288; x_wconf 75' lang='lat' dir='ltr'><strong>quadraginta</strong></span> <span class='ocrx_word' id='word_1_78' title='bbox 665 1207 851 1269; x_wconf 81' lang='lat' dir='ltr'><strong>(lictae</strong></span> <span class='ocrx_word' id='word_1_79' title='bbox 906 1208 1105 1286; x_wconf 81' lang='lat' dir='ltr'><strong>galeae</strong></span> <span class='ocrx_word' id='word_1_80' title='bbox 1163 1217 1395 1288; x_wconf 61' lang='lat' dir='ltr'><strong>portum</strong></span> <span class='ocrx_word' id='word_1_81' title='bbox 1453 1208 1814 1270; x_wconf 79' lang='lat' dir='ltr'><strong>accesserint</strong></span> <span class='ocrx_word' id='word_1_82' title='bbox 1854 1210 2109 1282; x_wconf 85' lang='lat' dir='ltr'><strong>Januae,</strong></span> <span class='ocrx_word' id='word_1_83' title='bbox 2167 1220 2438 1274; x_wconf 81' lang='lat' dir='ltr'><strong>teneatur</strong></span> <span class='ocrx_word' id='word_1_84' title='bbox 2479 1212 2568 1273; x_wconf 88' lang='lat' dir='ltr'><strong>di-</strong></span> 
     </span>
     <span class='ocr_line' id='line_1_11' title="bbox 223 1308 2567 1392; baseline 0.002 -23"><span class='ocrx_word' id='word_1_85' title='bbox 223 1317 384 1371; x_wconf 88' lang='lat' dir='ltr'><strong>ctum</strong></span> <span class='ocrx_word' id='word_1_86' title='bbox 415 1308 738 1370; x_wconf 84' lang='lat' dir='ltr'><strong>Commune</strong></span> <span class='ocrx_word' id='word_1_87' title='bbox 781 1309 1091 1370; x_wconf 83' lang='lat' dir='ltr'><strong>restituere</strong></span> <span class='ocrx_word' id='word_1_88' title='bbox 1136 1310 1388 1389; x_wconf 87' lang='lat' dir='ltr'><strong>Imperio</strong></span> <span class='ocrx_word' id='word_1_89' title='bbox 1433 1321 1637 1371; x_wconf 85' lang='lat' dir='ltr'><strong>nostro</strong></span> <span class='ocrx_word' id='word_1_90' title='bbox 1682 1310 1902 1374; x_wconf 87' lang='lat' dir='ltr'><strong>solidos</strong></span> <span class='ocrx_word' id='word_1_91' title='bbox 1946 1322 2006 1373; x_wconf 91' lang='lat' dir='ltr'><strong>et</strong></span> <span class='ocrx_word' id='word_1_92' title='bbox 2046 1311 2418 1390; x_wconf 83' lang='lat' dir='ltr'><strong>dispendium</strong></span> <span class='ocrx_word' id='word_1_93' title='bbox 2466 1314 2567 1392; x_wconf 83' lang='lat' dir='ltr'><strong>qui</strong></span> 
     </span>
     <span class='ocr_line' id='line_1_12' title="bbox 222 1410 2565 1490; baseline 0.001 -18"><span class='ocrx_word' id='word_1_94' title='bbox 222 1419 612 1490; x_wconf 82' lang='lat' dir='ltr'><strong>supererunt,</strong></span> <span class='ocrx_word' id='word_1_95' title='bbox 675 1410 747 1471; x_wconf 91' lang='lat' dir='ltr'><strong>de</strong></span> <span class='ocrx_word' id='word_1_96' title='bbox 799 1410 1017 1490; x_wconf 88' lang='lat' dir='ltr'><strong>quibus</strong></span> <span class='ocrx_word' id='word_1_97' title='bbox 1075 1412 1243 1472; x_wconf 78' lang='lat' dir='ltr'><strong>faciat</strong></span> <span class='ocrx_word' id='word_1_98' title='bbox 1290 1410 1606 1490; x_wconf 82' lang='lat' dir='ltr'><strong>Imperium</strong></span> <span class='ocrx_word' id='word_1_99' title='bbox 1667 1421 1933 1474; x_wconf 84' lang='lat' dir='ltr'><strong>nostrum</strong></span> <span class='ocrx_word' id='word_1_100' title='bbox 1981 1413 2331 1476; x_wconf 87' lang='lat' dir='ltr'><strong>voluntatem</strong></span> <span class='ocrx_word' id='word_1_101' title='bbox 2376 1432 2565 1475; x_wconf 83' lang='lat' dir='ltr'><strong>suam.</strong></span> 
     </span>
     <span class='ocr_line' id='line_1_13' title="bbox 227 1503 2577 1591; baseline 0.001 -18"><span class='ocrx_word' id='word_1_102' title='bbox 227 1512 307 1573; x_wconf 85' lang='lat' dir='ltr'><strong>Et</strong></span> <span class='ocrx_word' id='word_1_103' title='bbox 333 1512 384 1572; x_wconf 89' lang='lat' dir='ltr'><strong>si</strong></span> <span class='ocrx_word' id='word_1_104' title='bbox 409 1510 684 1574; x_wconf 79' lang='lat' dir='ltr'><strong>acciderit</strong></span> <span class='ocrx_word' id='word_1_105' title='bbox 713 1510 869 1591; x_wconf 89' lang='lat' dir='ltr'><strong>qnod</strong></span> <span class='ocrx_word' id='word_1_106' title='bbox 895 1511 1212 1591; x_wconf 81' lang='lat' dir='ltr'><strong>Imperium</strong></span> <span class='ocrx_word' id='word_1_107' title='bbox 1257 1521 1526 1574; x_wconf 85' lang='lat' dir='ltr'><strong>nostrum</strong></span> <span class='ocrx_word' id='word_1_108' title='bbox 1570 1513 1892 1575; x_wconf 80' lang='lat' dir='ltr'><strong>licentiaret</strong></span> <span class='ocrx_word' id='word_1_109' title='bbox 1934 1514 2120 1575; x_wconf 86' lang='lat' dir='ltr'><strong>dietas</strong></span> <span class='ocrx_word' id='word_1_110' title='bbox 2148 1503 2577 1591; x_wconf 66' lang='lat' dir='ltr'><strong>ga&#39;leus&#39;trans«</strong></span> 
     </span>
     <span class='ocr_line' id='line_1_14' title="bbox 226 1611 2568 1693; baseline 0.001 -19"><span class='ocrx_word' id='word_1_111' title='bbox 226 1623 353 1674; x_wconf 81' lang='lat' dir='ltr'><strong>acta</strong></span> <span class='ocrx_word' id='word_1_112' title='bbox 398 1613 549 1673; x_wconf 88' lang='lat' dir='ltr'><strong>dicta</strong></span> <span class='ocrx_word' id='word_1_113' title='bbox 596 1611 780 1691; x_wconf 86' lang='lat' dir='ltr'><strong>prima</strong></span> <span class='ocrx_word' id='word_1_114' title='bbox 826 1612 920 1673; x_wconf 90' lang='lat' dir='ltr'><strong>die</strong></span> <span class='ocrx_word' id='word_1_115' title='bbox 953 1612 1244 1684; x_wconf 85' lang='lat' dir='ltr'><strong>Octobris,</strong></span> <span class='ocrx_word' id='word_1_116' title='bbox 1289 1614 1445 1692; x_wconf 84' lang='lat' dir='ltr'><strong>quod</strong></span> <span class='ocrx_word' id='word_1_117' title='bbox 1478 1614 1640 1676; x_wconf 86' lang='lat' dir='ltr'><strong>dabit</strong></span> <span class='ocrx_word' id='word_1_118' title='bbox 1670 1614 1922 1693; x_wconf 86' lang='lat' dir='ltr'><strong>Imperio</strong></span> <span class='ocrx_word' id='word_1_119' title='bbox 1967 1614 2225 1676; x_wconf 72' lang='lat' dir='ltr'><strong>nostro¹⁸</strong></span> <span class='ocrx_word' id='word_1_120' title='bbox 2258 1615 2478 1676; x_wconf 87' lang='lat' dir='ltr'><strong>solidos</strong></span> <span class='ocrx_word' id='word_1_121' title='bbox 2506 1625 2568 1676; x_wconf 85' lang='lat' dir='ltr'><strong>et</strong></span> 
     </span>
     <span class='ocr_line' id='line_1_15' title="bbox 227 1712 2568 1795; baseline 0.002 -23"><span class='ocrx_word' id='word_1_122' title='bbox 227 1712 984 1792; x_wconf 77' lang='lat' dir='ltr'><strong>dispendium-hominibus</strong></span> <span class='ocrx_word' id='word_1_123' title='bbox 1028 1714 1286 1793; x_wconf 84' lang='lat' dir='ltr'><strong>ipsarum</strong></span> <span class='ocrx_word' id='word_1_124' title='bbox 1331 1714 1627 1793; x_wconf 82' lang='lat' dir='ltr'><strong>galearum</strong></span> <span class='ocrx_word' id='word_1_125' title='bbox 1673 1733 1782 1795; x_wconf 85' lang='lat' dir='ltr'><strong>per</strong></span> <span class='ocrx_word' id='word_1_126' title='bbox 1821 1724 2048 1777; x_wconf 79' lang='lat' dir='ltr'><strong>tantum</strong></span> <span class='ocrx_word' id='word_1_127' title='bbox 2080 1725 2333 1795; x_wconf 82' lang='lat' dir='ltr'><strong>tempus,</strong></span> <span class='ocrx_word' id='word_1_128' title='bbox 2380 1736 2568 1795; x_wconf 83' lang='lat' dir='ltr'><strong>quan-</strong></span> 
     </span>
     <span class='ocr_line' id='line_1_16' title="bbox 225 1814 2562 1894; baseline 0.002 -17"><span class='ocrx_word' id='word_1_129' title='bbox 225 1826 348 1877; x_wconf 79' lang='lat' dir='ltr'><strong>tum</strong></span> <span class='ocrx_word' id='word_1_130' title='bbox 407 1831 630 1876; x_wconf 74' lang='lat' dir='ltr'><strong>morant</strong></span> <span class='ocrx_word' id='word_1_131' title='bbox 686 1814 932 1875; x_wconf 80' lang='lat' dir='ltr'><strong>fecerint</strong></span> <span class='ocrx_word' id='word_1_132' title='bbox 984 1815 1318 1876; x_wconf 86' lang='lat' dir='ltr'><strong>accedendo</strong></span> <span class='ocrx_word' id='word_1_133' title='bbox 1364 1827 1597 1894; x_wconf 82' lang='lat' dir='ltr'><strong>portum</strong></span> <span class='ocrx_word' id='word_1_134' title='bbox 1627 1815 1873 1877; x_wconf 80' lang='lat' dir='ltr'><strong>Januae.</strong></span> <span class='ocrx_word' id='word_1_135' title='bbox 1958 1816 2254 1878; x_wconf 72' lang='lat' dir='ltr'><strong>Tenentur</strong></span> <span class='ocrx_word' id='word_1_136' title='bbox 2308 1821 2562 1893; x_wconf 64' lang='lat' dir='ltr'><strong>tainjen]</strong></span> 
     </span>
    </p>
   </div>
   <div class='ocr_carea' id='block_1_5' title="bbox 223 1915 2665 1996">
    <p class='ocr_par' dir='ltr' id='par_1_5' title="bbox 223 1915 2665 1996">
     <span class='ocr_line' id='line_1_17' title="bbox 223 1915 2665 1996; baseline 0.001 -19"><span class='ocrx_word' id='word_1_137' title='bbox 223 1917 566 1988; x_wconf 73' lang='lat' dir='ltr'><strong>admiratuS,</strong></span> <span class='ocrx_word' id='word_1_138' title='bbox 613 1915 855 1976; x_wconf 83' lang='lat' dir='ltr'><strong>comites</strong></span> <span class='ocrx_word' id='word_1_139' title='bbox 889 1924 949 1976; x_wconf 84' lang='lat' dir='ltr'><strong>et</strong></span> <span class='ocrx_word' id='word_1_140' title='bbox 980 1916 1309 1976; x_wconf 76' lang='lat' dir='ltr'><strong>nauclerii²¹</strong></span> <span class='ocrx_word' id='word_1_141' title='bbox 1343 1917 1636 1979; x_wconf 19' lang='lat' dir='ltr'><strong>dictarum*</strong></span> <span class='ocrx_word' id='word_1_142' title='bbox 1659 1916 1956 1993; x_wconf 82' lang='lat' dir='ltr'><strong>galearum</strong></span> <span class='ocrx_word' id='word_1_143' title='bbox 1980 1916 2339 1995; x_wconf 82' lang='lat' dir='ltr'><strong>juramento,</strong></span> <span class='ocrx_word' id='word_1_144' title='bbox 2384 1918 2563 1996; x_wconf 85' lang='lat' dir='ltr'><strong>quod,</strong></span> <span class='ocrx_word' id='word_1_145' title='bbox 2658 1971 2665 1980; x_wconf 95' lang='lat'>.</span> 
     </span>
    </p>
   </div>
   <div class='ocr_carea' id='block_1_6' title="bbox 222 2016 2569 4023">
    <p class='ocr_par' dir='ltr' id='par_1_6' title="bbox 222 2016 2567 2299">
     <span class='ocr_line' id='line_1_18' title="bbox 223 2016 2565 2096; baseline 0 -18"><span class='ocrx_word' id='word_1_146' title='bbox 223 2019 359 2078; x_wconf 89' lang='lat' dir='ltr'><strong>licet</strong></span> <span class='ocrx_word' id='word_1_147' title='bbox 402 2016 716 2096; x_wconf 78' lang='lat' dir='ltr'><strong>Imperium</strong></span> <span class='ocrx_word' id='word_1_148' title='bbox 776 2026 1045 2077; x_wconf 89' lang='lat' dir='ltr'><strong>nostrum</strong></span> <span class='ocrx_word' id='word_1_149' title='bbox 1090 2026 1228 2077; x_wconf 86' lang='lat' dir='ltr'><strong>ante</strong></span> <span class='ocrx_word' id='word_1_150' title='bbox 1274 2016 1491 2078; x_wconf 88' lang='lat' dir='ltr'><strong>dictum</strong></span> <span class='ocrx_word' id='word_1_151' title='bbox 1537 2017 1853 2077; x_wconf 88' lang='lat' dir='ltr'><strong>terminum</strong></span> <span class='ocrx_word' id='word_1_152' title='bbox 1900 2017 2062 2096; x_wconf 87' lang='lat' dir='ltr'><strong>ipsos</strong></span> <span class='ocrx_word' id='word_1_153' title='bbox 2108 2017 2435 2079; x_wconf 82' lang='lat' dir='ltr'><strong>licentiaret</strong></span> <span class='ocrx_word' id='word_1_154' title='bbox 2477 2019 2565 2078; x_wconf 86' lang='lat' dir='ltr'><strong>vel</strong></span> 
     </span>
     <span class='ocr_line' id='line_1_19' title="bbox 226 2117 2567 2200; baseline -0.001 -19"><span class='ocrx_word' id='word_1_155' title='bbox 226 2128 390 2200; x_wconf 86' lang='lat' dir='ltr'><strong>post,</strong></span> <span class='ocrx_word' id='word_1_156' title='bbox 447 2118 581 2179; x_wconf 63' lang='lat' dir='ltr'><strong>ne⁹³</strong></span> <span class='ocrx_word' id='word_1_157' title='bbox 622 2137 754 2178; x_wconf 88' lang='lat' dir='ltr'><strong>cum</strong></span> <span class='ocrx_word' id='word_1_158' title='bbox 812 2117 983 2179; x_wconf 88' lang='lat' dir='ltr'><strong>dictis</strong></span> <span class='ocrx_word' id='word_1_159' title='bbox 1025 2118 1206 2197; x_wconf 84' lang='lat' dir='ltr'><strong>galeis</strong></span> <span class='ocrx_word' id='word_1_160' title='bbox 1251 2127 1309 2178; x_wconf 87' lang='lat' dir='ltr'><strong>et</strong></span> <span class='ocrx_word' id='word_1_161' title='bbox 1352 2118 1648 2180; x_wconf 84' lang='lat' dir='ltr'><strong>efficacius</strong></span> <span class='ocrx_word' id='word_1_162' title='bbox 1692 2117 1967 2179; x_wconf 84' lang='lat' dir='ltr'><strong>omnibus</strong></span> <span class='ocrx_word' id='word_1_163' title='bbox 2012 2118 2200 2179; x_wconf 77' lang='lat' dir='ltr'><strong>modis</strong></span> <span class='ocrx_word' id='word_1_164' title='bbox 2247 2119 2405 2179; x_wconf 89' lang='lat' dir='ltr'><strong>nullo</strong></span> <span class='ocrx_word' id='word_1_165' title='bbox 2450 2127 2567 2179; x_wconf 82' lang='lat' dir='ltr'><strong>tar-</strong></span> 
     </span>
     <span class='ocr_line' id='line_1_20' title="bbox 222 2218 1879 2299; baseline 0 -19"><span class='ocrx_word' id='word_1_166' title='bbox 222 2222 363 2281; x_wconf 87' lang='lat' dir='ltr'><strong>datu</strong></span> <span class='ocrx_word' id='word_1_167' title='bbox 411 2220 564 2299; x_wconf 85' lang='lat' dir='ltr'><strong>apud</strong></span> <span class='ocrx_word' id='word_1_168' title='bbox 608 2219 858 2280; x_wconf 66' lang='lat' dir='ltr'><strong>‹lannam</strong></span> <span class='ocrx_word' id='word_1_169' title='bbox 904 2218 1271 2280; x_wconf 58' lang='lat' dir='ltr'><strong>commodem</strong></span> <span class='ocrx_word' id='word_1_170' title='bbox 1315 2220 1385 2280; x_wconf 82' lang='lat' dir='ltr'><strong>ad</strong></span> <span class='ocrx_word' id='word_1_171' title='bbox 1433 2238 1637 2279; x_wconf 88' lang='lat' dir='ltr'><strong>eorum</strong></span> <span class='ocrx_word' id='word_1_172' title='bbox 1684 2239 1879 2299; x_wconf 87' lang='lat' dir='ltr'><strong>posse.</strong></span> 
     </span>
    </p>

    <p class='ocr_par' dir='ltr' id='par_1_7' title="bbox 222 2305 2568 2806">
     <span class='ocr_line' id='line_1_21' title="bbox 329 2305 2568 2402; baseline -0.001 -20"><span class='ocrx_word' id='word_1_173' title='bbox 329 2305 340 2314; x_wconf 61' lang='grc'><em>’</em></span> <span class='ocrx_word' id='word_1_174' title='bbox 396 2323 538 2382; x_wconf 84' lang='lat' dir='ltr'><strong>Item</strong></span> <span class='ocrx_word' id='word_1_175' title='bbox 585 2321 740 2402; x_wconf 87' lang='lat' dir='ltr'><strong>quod</strong></span> <span class='ocrx_word' id='word_1_176' title='bbox 786 2320 997 2401; x_wconf 78' lang='lat' dir='ltr'><strong>aliquis</strong></span> <span class='ocrx_word' id='word_1_177' title='bbox 1041 2321 1332 2382; x_wconf 80' lang='lat' dir='ltr'><strong>mercator</strong></span> <span class='ocrx_word' id='word_1_178' title='bbox 1371 2320 1598 2383; x_wconf 83' lang='lat' dir='ltr'><strong>Januae</strong></span> <span class='ocrx_word' id='word_1_179' title='bbox 1642 2321 1728 2381; x_wconf 88' lang='lat' dir='ltr'><strong>vel</strong></span> <span class='ocrx_word' id='word_1_180' title='bbox 1775 2321 1848 2382; x_wconf 89' lang='lat' dir='ltr'><strong>de</strong></span> <span class='ocrx_word' id='word_1_181' title='bbox 1894 2319 2161 2382; x_wconf 87' lang='lat' dir='ltr'><strong>districtu</strong></span> <span class='ocrx_word' id='word_1_182' title='bbox 2204 2319 2292 2380; x_wconf 84' lang='lat' dir='ltr'><strong>vel</strong></span> <span class='ocrx_word' id='word_1_183' title='bbox 2338 2320 2435 2399; x_wconf 88' lang='lat' dir='ltr'><strong>qui</strong></span> <span class='ocrx_word' id='word_1_184' title='bbox 2480 2317 2568 2380; x_wconf 85' lang='lat' dir='ltr'><strong>di-</strong></span> 
     </span>
     <span class='ocr_line' id='line_1_22' title="bbox 225 2417 2565 2510; baseline -0 -26"><span class='ocrx_word' id='word_1_185' title='bbox 225 2423 380 2485; x_wconf 89' lang='lat' dir='ltr'><strong>citur</strong></span> <span class='ocrx_word' id='word_1_186' title='bbox 418 2423 735 2487; x_wconf 70' lang='lat' dir='ltr'><strong>‹laonensis</strong></span> <span class='ocrx_word' id='word_1_187' title='bbox 792 2441 910 2484; x_wconf 89' lang='lat' dir='ltr'><strong>non</strong></span> <span class='ocrx_word' id='word_1_188' title='bbox 965 2421 1228 2510; x_wconf 77' lang='lat' dir='ltr'><strong>portabit</strong></span> <span class='ocrx_word' id='word_1_189' title='bbox 1279 2441 1376 2484; x_wconf 86' lang='lat' dir='ltr'><strong>res</strong></span> <span class='ocrx_word' id='word_1_190' title='bbox 1430 2422 1679 2503; x_wconf 85' lang='lat' dir='ltr'><strong>alicujus</strong></span> <span class='ocrx_word' id='word_1_191' title='bbox 1722 2422 1982 2487; x_wconf 82' lang='lat' dir='ltr'><strong>extranei</strong></span> <span class='ocrx_word' id='word_1_192' title='bbox 2030 2417 2304 2485; x_wconf 83' lang='lat' dir='ltr'><strong>intrando</strong></span> <span class='ocrx_word' id='word_1_193' title='bbox 2346 2431 2565 2485; x_wconf 86' lang='lat' dir='ltr'><strong>terram</strong></span> 
     </span>
     <span class='ocr_line' id='line_1_23' title="bbox 225 2522 2563 2606; baseline -0 -20"><span class='ocrx_word' id='word_1_194' title='bbox 225 2526 408 2586; x_wconf 85' lang='lat' dir='ltr'><strong>nostri</strong></span> <span class='ocrx_word' id='word_1_195' title='bbox 467 2522 704 2606; x_wconf 83' lang='lat' dir='ltr'><strong>Imperii</strong></span> <span class='ocrx_word' id='word_1_196' title='bbox 761 2544 870 2587; x_wconf 90' lang='lat' dir='ltr'><strong>nec</strong></span> <span class='ocrx_word' id='word_1_197' title='bbox 924 2525 1192 2589; x_wconf 83' lang='lat' dir='ltr'><strong>exeundo</strong></span> <span class='ocrx_word' id='word_1_198' title='bbox 1250 2525 1322 2585; x_wconf 89' lang='lat' dir='ltr'><strong>de</strong></span> <span class='ocrx_word' id='word_1_199' title='bbox 1378 2544 1448 2585; x_wconf 89' lang='lat' dir='ltr'><strong>eo</strong></span> <span class='ocrx_word' id='word_1_200' title='bbox 1508 2526 1568 2586; x_wconf 92' lang='lat' dir='ltr'><strong>in</strong></span> <span class='ocrx_word' id='word_1_201' title='bbox 1626 2525 1893 2587; x_wconf 75' lang='lat' dir='ltr'><strong>fraudem</strong></span> <span class='ocrx_word' id='word_1_202' title='bbox 1949 2525 2282 2585; x_wconf 84' lang='lat' dir='ltr'><strong>commercii</strong></span> <span class='ocrx_word' id='word_1_203' title='bbox 2329 2524 2563 2603; x_wconf 85' lang='lat' dir='ltr'><strong>Imperii</strong></span> 
     </span>
     <span class='ocr_line' id='line_1_24' title="bbox 222 2626 2566 2705; baseline -0 -18"><span class='ocrx_word' id='word_1_204' title='bbox 222 2627 444 2700; x_wconf 81' lang='lat' dir='ltr'><strong>nostri,</strong></span> <span class='ocrx_word' id='word_1_205' title='bbox 490 2636 550 2688; x_wconf 87' lang='lat' dir='ltr'><strong>et</strong></span> <span class='ocrx_word' id='word_1_206' title='bbox 591 2629 706 2688; x_wconf 86' lang='lat' dir='ltr'><strong>boc</strong></span> <span class='ocrx_word' id='word_1_207' title='bbox 747 2636 1134 2705; x_wconf 79' lang='lat' dir='ltr'><strong>cognoscatur</strong></span> <span class='ocrx_word' id='word_1_208' title='bbox 1176 2626 1383 2687; x_wconf 88' lang='lat' dir='ltr'><strong>litteris</strong></span> <span class='ocrx_word' id='word_1_209' title='bbox 1426 2627 1516 2687; x_wconf 85' lang='lat' dir='ltr'><strong>vel</strong></span> <span class='ocrx_word' id='word_1_210' title='bbox 1562 2627 1895 2688; x_wconf 87' lang='lat' dir='ltr'><strong>testimonio</strong></span> <span class='ocrx_word' id='word_1_211' title='bbox 1942 2626 2260 2688; x_wconf 84' lang='lat' dir='ltr'><strong>Consulum</strong></span> <span class='ocrx_word' id='word_1_212' title='bbox 2304 2627 2566 2688; x_wconf 83' lang='lat' dir='ltr'><strong>Januen-</strong></span> 
     </span>
     <span class='ocr_line' id='line_1_25' title="bbox 222 2726 1340 2806; baseline -0.002 -18"><span class='ocrx_word' id='word_1_213' title='bbox 222 2727 375 2789; x_wconf 87' lang='lat' dir='ltr'><strong>sium</strong></span> <span class='ocrx_word' id='word_1_214' title='bbox 421 2728 520 2806; x_wconf 86' lang='lat' dir='ltr'><strong>qui</strong></span> <span class='ocrx_word' id='word_1_215' title='bbox 563 2737 706 2787; x_wconf 87' lang='lat' dir='ltr'><strong>tunc</strong></span> <span class='ocrx_word' id='word_1_216' title='bbox 750 2727 965 2787; x_wconf 81' lang='lat' dir='ltr'><strong>suerint</strong></span> <span class='ocrx_word' id='word_1_217' title='bbox 1002 2726 1340 2787; x_wconf 81' lang='lat' dir='ltr'><strong>Romaniae.</strong></span> 
     </span>
    </p>

    <p class='ocr_par' dir='ltr' id='par_1_8' title="bbox 223 2825 2569 4023">
     <span class='ocr_line' id='line_1_26' title="bbox 395 2825 2566 2906; baseline 0 -19"><span class='ocrx_word' id='word_1_218' title='bbox 395 2829 537 2887; x_wconf 89' lang='lat' dir='ltr'><strong>Item</strong></span> <span class='ocrx_word' id='word_1_219' title='bbox 596 2828 752 2906; x_wconf 87' lang='lat' dir='ltr'><strong>quod</strong></span> <span class='ocrx_word' id='word_1_220' title='bbox 810 2845 1016 2887; x_wconf 87' lang='lat' dir='ltr'><strong>omnes</strong></span> <span class='ocrx_word' id='word_1_221' title='bbox 1076 2836 1429 2887; x_wconf 85' lang='lat' dir='ltr'><strong>mercatores</strong></span> <span class='ocrx_word' id='word_1_222' title='bbox 1472 2827 1697 2887; x_wconf 80' lang='lat' dir='ltr'><strong>Januae</strong></span> <span class='ocrx_word' id='word_1_223' title='bbox 1754 2836 1813 2888; x_wconf 87' lang='lat' dir='ltr'><strong>et</strong></span> <span class='ocrx_word' id='word_1_224' title='bbox 1856 2827 2153 2889; x_wconf 85' lang='lat' dir='ltr'><strong>districtus</strong></span> <span class='ocrx_word' id='word_1_225' title='bbox 2196 2828 2455 2888; x_wconf 84' lang='lat' dir='ltr'><strong>habeant</strong></span> <span class='ocrx_word' id='word_1_226' title='bbox 2494 2825 2566 2887; x_wconf 90' lang='lat' dir='ltr'><strong>li-</strong></span> 
     </span>
     <span class='ocr_line' id='line_1_27' title="bbox 225 2910 2564 3006; baseline -0 -18"><span class='ocrx_word' id='word_1_227' title='bbox 225 2928 478 2990; x_wconf 78' lang='lat' dir='ltr'><strong>centiam</strong></span> <span class='ocrx_word' id='word_1_228' title='bbox 525 2910 773 2988; x_wconf 78' lang='lat' dir='ltr'><strong>laciendi</strong></span> <span class='ocrx_word' id='word_1_229' title='bbox 829 2936 888 2987; x_wconf 86' lang='lat' dir='ltr'><strong>et</strong></span> <span class='ocrx_word' id='word_1_230' title='bbox 930 2926 1240 2987; x_wconf 86' lang='lat' dir='ltr'><strong>exercendi</strong></span> <span class='ocrx_word' id='word_1_231' title='bbox 1286 2936 1344 2987; x_wconf 86' lang='lat' dir='ltr'><strong>et</strong></span> <span class='ocrx_word' id='word_1_232' title='bbox 1386 2926 1729 2987; x_wconf 78' lang='lat' dir='ltr'><strong>extrahendi</strong></span> <span class='ocrx_word' id='word_1_233' title='bbox 1777 2926 1850 2987; x_wconf 86' lang='lat' dir='ltr'><strong>de</strong></span> <span class='ocrx_word' id='word_1_234' title='bbox 1896 2937 2016 2988; x_wconf 91' lang='lat' dir='ltr'><strong>toto</strong></span> <span class='ocrx_word' id='word_1_235' title='bbox 2065 2927 2314 3006; x_wconf 87' lang='lat' dir='ltr'><strong>Imperio</strong></span> <span class='ocrx_word' id='word_1_236' title='bbox 2358 2935 2564 2989; x_wconf 78' lang='lat' dir='ltr'><strong>nostro</strong></span> 
     </span>
     <span class='ocr_line' id='line_1_28' title="bbox 223 3026 2568 3106; baseline -0.001 -15"><span class='ocrx_word' id='word_1_237' title='bbox 223 3049 434 3091; x_wconf 85' lang='lat' dir='ltr'><strong>omnes</strong></span> <span class='ocrx_word' id='word_1_238' title='bbox 478 3046 724 3100; x_wconf 85' lang='lat' dir='ltr'><strong>merces,</strong></span> <span class='ocrx_word' id='word_1_239' title='bbox 769 3037 1011 3106; x_wconf 87' lang='lat' dir='ltr'><strong>excepto</strong></span> <span class='ocrx_word' id='word_1_240' title='bbox 1055 3046 1199 3087; x_wconf 82' lang='lat' dir='ltr'><strong>auro</strong></span> <span class='ocrx_word' id='word_1_241' title='bbox 1245 3037 1302 3088; x_wconf 91' lang='lat' dir='ltr'><strong>et</strong></span> <span class='ocrx_word' id='word_1_242' title='bbox 1345 3036 1608 3104; x_wconf 83' lang='lat' dir='ltr'><strong>argento,</strong></span> <span class='ocrx_word' id='word_1_243' title='bbox 1655 3026 1768 3086; x_wconf 88' lang='lat' dir='ltr'><strong>nisi</strong></span> <span class='ocrx_word' id='word_1_244' title='bbox 1817 3027 1967 3087; x_wconf 84' lang='lat' dir='ltr'><strong>soret</strong></span> <span class='ocrx_word' id='word_1_245' title='bbox 2010 3028 2083 3087; x_wconf 84' lang='lat' dir='ltr'><strong>de</strong></span> <span class='ocrx_word' id='word_1_246' title='bbox 2128 3028 2422 3088; x_wconf 78' lang='lat' dir='ltr'><strong>volontate</strong></span> <span class='ocrx_word' id='word_1_247' title='bbox 2454 3028 2568 3089; x_wconf 89' lang='lat' dir='ltr'><strong>lm-</strong></span> 
     </span>
     <span class='ocr_line' id='line_1_29' title="bbox 225 3127 2567 3214; baseline -0.002 -22"><span class='ocrx_word' id='word_1_248' title='bbox 225 3132 370 3214; x_wconf 88' lang='lat' dir='ltr'><strong>perii</strong></span> <span class='ocrx_word' id='word_1_249' title='bbox 432 3131 647 3191; x_wconf 82' lang='lat' dir='ltr'><strong>nostri:</strong></span> <span class='ocrx_word' id='word_1_250' title='bbox 706 3148 1025 3209; x_wconf 79' lang='lat' dir='ltr'><strong>yperperos</strong></span> <span class='ocrx_word' id='word_1_251' title='bbox 1085 3147 1297 3189; x_wconf 84' lang='lat' dir='ltr'><strong>aureos</strong></span> <span class='ocrx_word' id='word_1_252' title='bbox 1340 3128 1454 3188; x_wconf 72' lang='lat' dir='ltr'><strong>et²⁷</strong></span> <span class='ocrx_word' id='word_1_253' title='bbox 1498 3128 1874 3189; x_wconf 73' lang='lat' dir='ltr'><strong>Turchil&#39;aros</strong></span> <span class='ocrx_word' id='word_1_254' title='bbox 1919 3128 2089 3189; x_wconf 88' lang='lat' dir='ltr'><strong>liceat</strong></span> <span class='ocrx_word' id='word_1_255' title='bbox 2132 3128 2217 3189; x_wconf 88' lang='lat' dir='ltr'><strong>eis</strong></span> <span class='ocrx_word' id='word_1_256' title='bbox 2260 3127 2567 3189; x_wconf 81' lang='lat' dir='ltr'><strong>extrahere</strong></span> 
     </span>
     <span class='ocr_line' id='line_1_30' title="bbox 224 3228 2568 3321; baseline -0.002 -27"><span class='ocrx_word' id='word_1_257' title='bbox 224 3235 298 3295; x_wconf 82' lang='lat' dir='ltr'><strong>ad</strong></span> <span class='ocrx_word' id='word_1_258' title='bbox 346 3250 549 3293; x_wconf 88' lang='lat' dir='ltr'><strong>eorum</strong></span> <span class='ocrx_word' id='word_1_259' title='bbox 594 3231 949 3321; x_wconf 70' lang='lat' dir='ltr'><strong>voluntatem</strong></span> <span class='ocrx_word' id='word_1_260' title='bbox 996 3238 1057 3290; x_wconf 86' lang='lat' dir='ltr'><strong>et</strong></span> <span class='ocrx_word' id='word_1_261' title='bbox 1098 3230 1347 3291; x_wconf 71' lang='lat' dir='ltr'><strong>deferre.</strong></span> <span class='ocrx_word' id='word_1_262' title='bbox 1407 3228 1493 3290; x_wconf 81' lang='lat' dir='ltr'><strong>Ex</strong></span> <span class='ocrx_word' id='word_1_263' title='bbox 1539 3248 1657 3308; x_wconf 88' lang='lat' dir='ltr'><strong>quo</strong></span> <span class='ocrx_word' id='word_1_264' title='bbox 1702 3238 1894 3290; x_wconf 84' lang='lat' dir='ltr'><strong>autem</strong></span> <span class='ocrx_word' id='word_1_265' title='bbox 1941 3229 2077 3290; x_wconf 90' lang='lat' dir='ltr'><strong>dicti</strong></span> <span class='ocrx_word' id='word_1_266' title='bbox 2122 3229 2367 3309; x_wconf 78' lang='lat' dir='ltr'><strong>syndici,</strong></span> <span class='ocrx_word' id='word_1_267' title='bbox 2416 3249 2568 3291; x_wconf 89' lang='lat' dir='ltr'><strong>nun·</strong></span> 
     </span>
     <span class='ocr_line' id='line_1_31' title="bbox 225 3328 2562 3414; baseline -0.002 -18"><span class='ocrx_word' id='word_1_268' title='bbox 225 3335 287 3396; x_wconf 88' lang='lat' dir='ltr'><strong>tii</strong></span> <span class='ocrx_word' id='word_1_269' title='bbox 334 3344 393 3395; x_wconf 88' lang='lat' dir='ltr'><strong>et</strong></span> <span class='ocrx_word' id='word_1_270' title='bbox 437 3343 847 3414; x_wconf 84' lang='lat' dir='ltr'><strong>procuratores</strong></span> <span class='ocrx_word' id='word_1_271' title='bbox 893 3330 1302 3411; x_wconf 85' lang='lat' dir='ltr'><strong>requisiverint</strong></span> <span class='ocrx_word' id='word_1_272' title='bbox 1343 3331 1418 3392; x_wconf 86' lang='lat' dir='ltr'><strong>ab</strong></span> <span class='ocrx_word' id='word_1_273' title='bbox 1461 3331 1591 3410; x_wconf 87' lang='lat' dir='ltr'><strong>ipso</strong></span> <span class='ocrx_word' id='word_1_274' title='bbox 1646 3328 1897 3411; x_wconf 75' lang='lat' dir='ltr'><strong>imperio</strong></span> <span class='ocrx_word' id='word_1_275' title='bbox 1928 3338 2132 3392; x_wconf 86' lang='lat' dir='ltr'><strong>nostro</strong></span> <span class='ocrx_word' id='word_1_276' title='bbox 2163 3329 2374 3410; x_wconf 73' lang='lat' dir='ltr'><strong>logiam</strong></span> <span class='ocrx_word' id='word_1_277' title='bbox 2407 3332 2562 3410; x_wconf 85' lang='lat' dir='ltr'><strong>apud</strong></span> 
     </span>
     <span class='ocr_line' id='line_1_32' title="bbox 224 3432 2565 3509; baseline -0.001 -12"><span class='ocrx_word' id='word_1_278' title='bbox 224 3435 635 3509; x_wconf 56' lang='lat' dir='ltr'><strong>Lanos-imirw,</strong></span> <span class='ocrx_word' id='word_1_279' title='bbox 694 3436 754 3496; x_wconf 86' lang='lat' dir='ltr'><strong>in</strong></span> <span class='ocrx_word' id='word_1_280' title='bbox 802 3434 930 3506; x_wconf 83' lang='lat' dir='ltr'><strong>Sic,</strong></span> <span class='ocrx_word' id='word_1_281' title='bbox 976 3437 1168 3507; x_wconf 75' lang='lat' dir='ltr'><strong>Anca,</strong></span> <span class='ocrx_word' id='word_1_282' title='bbox 1210 3433 1525 3507; x_wconf 75' lang='lat' dir='ltr'><strong>Man-enini,</strong></span> <span class='ocrx_word' id='word_1_283' title='bbox 1574 3432 1956 3505; x_wconf 75' lang='lat' dir='ltr'><strong>Carsandria,</strong></span> <span class='ocrx_word' id='word_1_284' title='bbox 2003 3432 2293 3501; x_wconf 83' lang='lat' dir='ltr'><strong>Simirris,</strong></span> <span class='ocrx_word' id='word_1_285' title='bbox 2341 3440 2400 3493; x_wconf 87' lang='lat' dir='ltr'><strong>et</strong></span> <span class='ocrx_word' id='word_1_286' title='bbox 2443 3433 2565 3495; x_wconf 76' lang='lat' dir='ltr'><strong>neo</strong></span> 
     </span>
     <span class='ocr_line' id='line_1_33' title="bbox 227 3534 2568 3615; baseline -0 -18"><span class='ocrx_word' id='word_1_287' title='bbox 227 3539 453 3599; x_wconf 89' lang='lat' dir='ltr'><strong>volente</strong></span> <span class='ocrx_word' id='word_1_288' title='bbox 497 3538 556 3598; x_wconf 88' lang='lat' dir='ltr'><strong>in</strong></span> <span class='ocrx_word' id='word_1_289' title='bbox 604 3536 1129 3615; x_wconf 84' lang='lat' dir='ltr'><strong>Constantinopoli,</strong></span> <span class='ocrx_word' id='word_1_290' title='bbox 1177 3544 1232 3597; x_wconf 90' lang='lat' dir='ltr'><strong>et</strong></span> <span class='ocrx_word' id='word_1_291' title='bbox 1277 3535 1336 3596; x_wconf 88' lang='lat' dir='ltr'><strong>in</strong></span> <span class='ocrx_word' id='word_1_292' title='bbox 1384 3535 1739 3615; x_wconf 83' lang='lat' dir='ltr'><strong>Negreponti</strong></span> <span class='ocrx_word' id='word_1_293' title='bbox 1784 3544 1844 3597; x_wconf 87' lang='lat' dir='ltr'><strong>et</strong></span> <span class='ocrx_word' id='word_1_294' title='bbox 1887 3536 1945 3596; x_wconf 90' lang='lat' dir='ltr'><strong>in</strong></span> <span class='ocrx_word' id='word_1_295' title='bbox 1981 3534 2153 3609; x_wconf 78' lang='lat' dir='ltr'><strong>Croti,</strong></span> <span class='ocrx_word' id='word_1_296' title='bbox 2200 3545 2262 3596; x_wconf 86' lang='lat' dir='ltr'><strong>et</strong></span> <span class='ocrx_word' id='word_1_297' title='bbox 2304 3534 2467 3596; x_wconf 86' lang='lat' dir='ltr'><strong>dedit</strong></span> <span class='ocrx_word' id='word_1_298' title='bbox 2508 3542 2568 3596; x_wconf 86' lang='lat' dir='ltr'><strong>et</strong></span> 
     </span>
     <span class='ocr_line' id='line_1_34' title="bbox 226 3636 2563 3717; baseline -0.003 -16"><span class='ocrx_word' id='word_1_299' title='bbox 226 3640 516 3701; x_wconf 82' lang='lat' dir='ltr'><strong>concessit</strong></span> <span class='ocrx_word' id='word_1_300' title='bbox 560 3639 784 3716; x_wconf 85' lang='lat' dir='ltr'><strong>ista[m]</strong></span> <span class='ocrx_word' id='word_1_301' title='bbox 830 3637 996 3717; x_wconf 84' lang='lat' dir='ltr'><strong>ipsis,</strong></span> <span class='ocrx_word' id='word_1_302' title='bbox 1039 3637 1436 3717; x_wconf 81' lang='lat' dir='ltr'><strong>promiserunt</strong></span> <span class='ocrx_word' id='word_1_303' title='bbox 1482 3644 1540 3697; x_wconf 90' lang='lat' dir='ltr'><strong>et</strong></span> <span class='ocrx_word' id='word_1_304' title='bbox 1584 3637 1934 3717; x_wconf 85' lang='lat' dir='ltr'><strong>promittunt</strong></span> <span class='ocrx_word' id='word_1_305' title='bbox 1974 3636 2086 3717; x_wconf 87' lang='lat' dir='ltr'><strong>ipsi</strong></span> <span class='ocrx_word' id='word_1_306' title='bbox 2133 3636 2344 3710; x_wconf 89' lang='lat' dir='ltr'><strong>nuntii,</strong></span> <span class='ocrx_word' id='word_1_307' title='bbox 2408 3637 2563 3714; x_wconf 89' lang='lat' dir='ltr'><strong>quod</strong></span> 
     </span>
     <span class='ocr_line' id='line_1_35' title="bbox 226 3736 2568 3821; baseline -0.003 -17"><span class='ocrx_word' id='word_1_308' title='bbox 226 3742 686 3821; x_wconf 79' lang='lat' dir='ltr'><strong>negotiationes,</strong></span> <span class='ocrx_word' id='word_1_309' title='bbox 744 3757 891 3817; x_wconf 86' lang='lat' dir='ltr'><strong>quas</strong></span> <span class='ocrx_word' id='word_1_310' title='bbox 932 3737 1265 3799; x_wconf 81' lang='lat' dir='ltr'><strong>Januenses</strong></span> <span class='ocrx_word' id='word_1_311' title='bbox 1319 3748 1379 3798; x_wconf 89' lang='lat' dir='ltr'><strong>et</strong></span> <span class='ocrx_word' id='word_1_312' title='bbox 1434 3738 1535 3817; x_wconf 85' lang='lat' dir='ltr'><strong>qui</strong></span> <span class='ocrx_word' id='word_1_313' title='bbox 1580 3738 1866 3800; x_wconf 86' lang='lat' dir='ltr'><strong>nominati</strong></span> <span class='ocrx_word' id='word_1_314' title='bbox 1911 3746 2052 3800; x_wconf 88' lang='lat' dir='ltr'><strong>suut</strong></span> <span class='ocrx_word' id='word_1_315' title='bbox 2091 3736 2422 3799; x_wconf 78' lang='lat' dir='ltr'><strong>Januenses</strong></span> <span class='ocrx_word' id='word_1_316' title='bbox 2463 3753 2568 3815; x_wconf 87' lang='lat' dir='ltr'><strong>ap-</strong></span> 
     </span>
     <span class='ocr_line' id='line_1_36' title="bbox 226 3836 2569 3923; baseline -0.003 -18"><span class='ocrx_word' id='word_1_317' title='bbox 226 3843 544 3923; x_wconf 81' lang='lat' dir='ltr'><strong>portabunt</strong></span> <span class='ocrx_word' id='word_1_318' title='bbox 598 3842 672 3902; x_wconf 89' lang='lat' dir='ltr'><strong>de</strong></span> <span class='ocrx_word' id='word_1_319' title='bbox 728 3836 995 3919; x_wconf 81' lang='lat' dir='ltr'><strong>partibus</strong></span> <span class='ocrx_word' id='word_1_320' title='bbox 1049 3838 1372 3912; x_wconf 83' lang='lat' dir='ltr'><strong>extraneis,</strong></span> <span class='ocrx_word' id='word_1_321' title='bbox 1430 3847 1491 3899; x_wconf 88' lang='lat' dir='ltr'><strong>et</strong></span> <span class='ocrx_word' id='word_1_322' title='bbox 1545 3858 1644 3900; x_wconf 86' lang='lat' dir='ltr'><strong>eas</strong></span> <span class='ocrx_word' id='word_1_323' title='bbox 1689 3839 2095 3918; x_wconf 85' lang='lat' dir='ltr'><strong>negotationes</strong></span> <span class='ocrx_word' id='word_1_324' title='bbox 2136 3838 2199 3898; x_wconf 84' lang='lat' dir='ltr'><strong>in</strong></span> <span class='ocrx_word' id='word_1_325' title='bbox 2244 3837 2465 3915; x_wconf 80' lang='lat' dir='ltr'><strong>scripto</strong></span> <span class='ocrx_word' id='word_1_326' title='bbox 2508 3845 2569 3898; x_wconf 82' lang='lat' dir='ltr'><strong>et</strong></span> 
     </span>
     <span class='ocr_line' id='line_1_37' title="bbox 227 3937 2566 4023; baseline -0.004 -17"><span class='ocrx_word' id='word_1_327' title='bbox 227 3964 332 4023; x_wconf 84' lang='lat' dir='ltr'><strong>per</strong></span> <span class='ocrx_word' id='word_1_328' title='bbox 374 3952 805 4006; x_wconf 87' lang='lat' dir='ltr'><strong>sacramentnm</strong></span> <span class='ocrx_word' id='word_1_329' title='bbox 852 3938 1075 4001; x_wconf 86' lang='lat' dir='ltr'><strong>dabunt</strong></span> <span class='ocrx_word' id='word_1_330' title='bbox 1114 3953 1173 3999; x_wconf 87' lang='lat' dir='ltr'><strong>et</strong></span> <span class='ocrx_word' id='word_1_331' title='bbox 1200 3938 1660 4001; x_wconf 77' lang='lat' dir='ltr'><strong>manifestabunt</strong></span> <span class='ocrx_word' id='word_1_332' title='bbox 1689 3949 1747 4001; x_wconf 90' lang='lat' dir='ltr'><strong>et</strong></span> <span class='ocrx_word' id='word_1_333' title='bbox 1778 3938 2213 4000; x_wconf 86' lang='lat' dir='ltr'><strong>denuntiabunt</strong></span> <span class='ocrx_word' id='word_1_334' title='bbox 2242 3937 2566 3999; x_wconf 86' lang='lat' dir='ltr'><strong>certissime</strong></span> 
     </span>
    </p>
   </div>
   <div class='ocr_carea' id='block_1_7' title="bbox 760 4101 898 4110">
    <p class='ocr_par' dir='ltr' id='par_1_9' title="bbox 760 4101 898 4110">
     <span class='ocr_line' id='line_1_38' title="bbox 760 4101 898 4110; baseline 0 0"><span class='ocrx_word' id='word_1_335' title='bbox 760 4101 898 4110; x_wconf 66' lang='lat'>-.-——-</span> 
     </span>
    </p>
   </div>
   <div class='ocr_carea' id='block_1_8' title="bbox 335 4106 478 4112">
    <p class='ocr_par' dir='ltr' id='par_1_10' title="bbox 335 4106 478 4112">
     <span class='ocr_line' id='line_1_39' title="bbox 335 4106 478 4112; baseline 0 0"><span class='ocrx_word' id='word_1_336' title='bbox 335 4106 478 4112; x_wconf 95' lang='lat' dir='ltr'><strong> </strong></span> 
     </span>
    </p>
   </div>
   <div class='ocr_carea' id='block_1_9' title="bbox 607 4105 746 4112">
    <p class='ocr_par' dir='ltr' id='par_1_11' title="bbox 607 4105 746 4112">
     <span class='ocr_line' id='line_1_40' title="bbox 607 4105 746 4112; baseline 0 838"><span class='ocrx_word' id='word_1_337' title='bbox 607 4105 746 4112; x_wconf 95' lang='lat' dir='ltr'><strong> </strong></span> 
     </span>
    </p>
   </div>
   <div class='ocr_carea' id='block_1_10' title="bbox 221 4178 2556 4426">
    <p class='ocr_par' dir='ltr' id='par_1_12' title="bbox 221 4178 2556 4426">
     <span class='ocr_line' id='line_1_41' title="bbox 359 4178 2556 4258; baseline -0.002 -13"><span class='ocrx_word' id='word_1_338' title='bbox 359 4194 400 4221; x_wconf 79' lang='lat'><strong>²²</strong></span> <span class='ocrx_word' id='word_1_339' title='bbox 435 4197 630 4258; x_wconf 76' lang='lat' dir='ltr'><strong>Negatio</strong></span> <span class='ocrx_word' id='word_1_340' title='bbox 666 4195 872 4246; x_wconf 77' lang='lat' dir='ltr'><strong>delenda</strong></span> <span class='ocrx_word' id='word_1_341' title='bbox 905 4209 1016 4245; x_wconf 79' lang='lat' dir='ltr'><strong>esse</strong></span> <span class='ocrx_word' id='word_1_342' title='bbox 1049 4193 1247 4245; x_wconf 80' lang='lat' dir='ltr'><strong>videtur.</strong></span> <span class='ocrx_word' id='word_1_343' title='bbox 1353 4189 1392 4218; x_wconf 78' lang='lat'><strong>²⁸</strong></span> <span class='ocrx_word' id='word_1_344' title='bbox 1429 4193 1583 4253; x_wconf 80' lang='lat' dir='ltr'><strong>Lege:</strong></span> <span class='ocrx_word' id='word_1_345' title='bbox 1625 4195 1865 4258; x_wconf 64' lang='lat' dir='ltr'><strong>napea-inm</strong></span> <span class='ocrx_word' id='word_1_346' title='bbox 1900 4200 2122 4244; x_wconf 69' lang='lat' dir='ltr'><strong>nostrum.</strong></span> <span class='ocrx_word' id='word_1_347' title='bbox 2211 4178 2267 4218; x_wconf 63' lang='lat'><strong>&#39;²⁴</strong></span> <span class='ocrx_word' id='word_1_348' title='bbox 2304 4192 2556 4253; x_wconf 67' lang='lat' dir='ltr'><strong>numago:</strong></span> 
     </span>
     <span class='ocr_line' id='line_1_42' title="bbox 222 4275 2546 4341; baseline -0.003 -8"><span class='ocrx_word' id='word_1_349' title='bbox 222 4284 399 4333; x_wconf 69' lang='lat' dir='ltr'><strong>comitii</strong></span> <span class='ocrx_word' id='word_1_350' title='bbox 434 4287 474 4331; x_wconf 79' lang='lat' dir='ltr'><strong>et</strong></span> <span class='ocrx_word' id='word_1_351' title='bbox 507 4283 761 4332; x_wconf 77' lang='lat' dir='ltr'><strong>muuclm‘i.</strong></span> <span class='ocrx_word' id='word_1_352' title='bbox 931 4276 972 4306; x_wconf 79' lang='lat'><strong>²³</strong></span> <span class='ocrx_word' id='word_1_353' title='bbox 1020 4278 1264 4340; x_wconf 78' lang='lat' dir='ltr'><strong>Legerim:</strong></span> <span class='ocrx_word' id='word_1_354' title='bbox 1303 4279 1376 4327; x_wconf 76' lang='lat' dir='ltr'><strong>vel</strong></span> <span class='ocrx_word' id='word_1_355' title='bbox 1406 4285 1583 4341; x_wconf 76' lang='lat' dir='ltr'><strong>postea,</strong></span> <span class='ocrx_word' id='word_1_356' title='bbox 1620 4295 1739 4329; x_wconf 73' lang='lat' dir='ltr'><strong>cuni.</strong></span> <span class='ocrx_word' id='word_1_357' title='bbox 1910 4275 1952 4303; x_wconf 80' lang='lat'><strong>¹⁶</strong></span> <span class='ocrx_word' id='word_1_358' title='bbox 1989 4278 2233 4339; x_wconf 79' lang='lat' dir='ltr'><strong>Legerim:</strong></span> <span class='ocrx_word' id='word_1_359' title='bbox 2273 4278 2546 4329; x_wconf 73' lang='lat' dir='ltr'><strong>contendere</strong></span> 
     </span>
     <span class='ocr_line' id='line_1_43' title="bbox 221 4362 2178 4426; baseline -0.002 -9"><span class='ocrx_word' id='word_1_360' title='bbox 221 4362 260 4393; x_wconf 83' lang='lat'><strong>²⁷</strong></span> <span class='ocrx_word' id='word_1_361' title='bbox 296 4374 339 4417; x_wconf 78' lang='lat' dir='ltr'><strong>et</strong></span> <span class='ocrx_word' id='word_1_362' title='bbox 373 4365 618 4416; x_wconf 80' lang='lat' dir='ltr'><strong>abundare</strong></span> <span class='ocrx_word' id='word_1_363' title='bbox 651 4366 848 4415; x_wconf 82' lang='lat' dir='ltr'><strong>videtur.</strong></span> <span class='ocrx_word' id='word_1_364' title='bbox 987 4362 1027 4391; x_wconf 80' lang='lat'><strong>²⁸</strong></span> <span class='ocrx_word' id='word_1_365' title='bbox 1063 4365 1132 4414; x_wconf 86' lang='lat' dir='ltr'><strong>De</strong></span> <span class='ocrx_word' id='word_1_366' title='bbox 1169 4365 1245 4413; x_wconf 81' lang='lat' dir='ltr'><strong>his</strong></span> <span class='ocrx_word' id='word_1_367' title='bbox 1282 4363 1558 4413; x_wconf 84' lang='lat' dir='ltr'><strong>nominibus</strong></span> <span class='ocrx_word' id='word_1_368' title='bbox 1591 4363 1695 4412; x_wconf 72' lang='lat' dir='ltr'><strong>vide</strong></span> <span class='ocrx_word' id='word_1_369' title='bbox 1732 4377 1874 4426; x_wconf 85' lang='lat' dir='ltr'><strong>supra</strong></span> <span class='ocrx_word' id='word_1_370' title='bbox 1912 4362 1971 4413; x_wconf 80' lang='lat' dir='ltr'><strong>ad</strong></span> <span class='ocrx_word' id='word_1_371' title='bbox 2009 4370 2106 4413; x_wconf 88' lang='lat' dir='ltr'><strong>not.</strong></span> <span class='ocrx_word' id='word_1_372' title='bbox 2129 4363 2178 4414; x_wconf 87' lang='grc'><strong>9.</strong></span> 
     </span>
    </p>
   </div>
  </div>
 </body>
</html>
