<?xml version="1.0" encoding="UTF-8"?>
<!DOCTYPE html PUBLIC "-//W3C//DTD XHTML 1.0 Transitional//EN"
    "http://www.w3.org/TR/xhtml1/DTD/xhtml1-transitional.dtd">
<html xmlns="http://www.w3.org/1999/xhtml" xml:lang="en" lang="en">
 <head>
  <title>
</title>
<meta http-equiv="Content-Type" content="text/html;charset=utf-8" />
  <meta name='ocr-system' content='tesseract 3.04.00' />
  <meta name='ocr-capabilities' content='ocr_page ocr_carea ocr_par ocr_line ocrx_word'/>
</head>
<body>
  <div class='ocr_page' id='page_1' title='image "./jusgraecoromanu00linggoog_0076.png"; bbox 0 0 2900 4950; ppageno 0'>
   <div class='ocr_carea' id='block_1_1' title="bbox 308 253 1746 312">
    <p class='ocr_par' dir='ltr' id='par_1_1' title="bbox 308 253 1746 312">
     <span class='ocr_line' id='line_1_1' title="bbox 308 253 1746 312; baseline -0.002 0"><span class='ocrx_word' id='word_1_1' title='bbox 308 253 390 312; x_wconf 77' lang='lat' dir='ltr'><strong><em>3ss</em></strong></span> <span class='ocrx_word' id='word_1_2' title='bbox 1199 259 1316 308; x_wconf 86' lang='lat' dir='ltr'>Coll.</span> <span class='ocrx_word' id='word_1_3' title='bbox 1354 260 1389 308; x_wconf 88' lang='grc' dir='ltr'><strong><em>Ι.</em></strong></span> <span class='ocrx_word' id='word_1_4' title='bbox 1460 260 1573 309; x_wconf 76' lang='lat' dir='ltr'><strong>Nov.</strong></span> <span class='ocrx_word' id='word_1_5' title='bbox 1609 259 1746 309; x_wconf 77' lang='lat' dir='ltr'><strong>xxu.</strong></span> 
     </span>
    </p>
   </div>
   <div class='ocr_carea' id='block_1_2' title="bbox 280 406 2680 4126">
    <p class='ocr_par' dir='ltr' id='par_1_2' title="bbox 296 406 2680 2918">
     <span class='ocr_line' id='line_1_2' title="bbox 311 406 2652 500; baseline -0.002 -21"><span class='ocrx_word' id='word_1_6' title='bbox 311 409 352 500; x_wconf 81' lang='grc' dir='ltr'>ἢ</span> <span class='ocrx_word' id='word_1_7' title='bbox 413 413 711 486; x_wconf 64' lang='grc' dir='ltr'><strong><em>ἐπινοίας</em></strong></span> <span class='ocrx_word' id='word_1_8' title='bbox 777 412 1267 493; x_wconf 86' lang='grc' dir='ltr'><strong><em>προσγίνεσθαι</em></strong></span> <span class='ocrx_word' id='word_1_9' title='bbox 1332 407 1787 474; x_wconf 76' lang='grc' dir='ltr'><strong><em>διατυπῶσαι·</em></strong></span> <span class='ocrx_word' id='word_1_10' title='bbox 1856 409 1973 471; x_wconf 83' lang='grc' dir='ltr'><strong><em>τοῦ</em></strong></span> <span class='ocrx_word' id='word_1_11' title='bbox 2024 406 2264 491; x_wconf 90' lang='grc' dir='ltr'><strong><em>χρόνου</em></strong></span> <span class='ocrx_word' id='word_1_12' title='bbox 2322 407 2395 474; x_wconf 79' lang='grc' dir='ltr'><strong><em>δὲ</em></strong></span> <span class='ocrx_word' id='word_1_13' title='bbox 2452 422 2652 493; x_wconf 84' lang='grc' dir='ltr'><strong><em>προϊ-</em></strong></span> 
     </span>
     <span class='ocr_line' id='line_1_3' title="bbox 314 497 2649 595; baseline -0.001 -18"><span class='ocrx_word' id='word_1_14' title='bbox 314 515 502 591; x_wconf 82' lang='grc' dir='ltr'><strong><em>όντος</em></strong></span> <span class='ocrx_word' id='word_1_15' title='bbox 558 510 830 577; x_wconf 78' lang='grc' dir='ltr'><strong><em>ἐπειδὰν</em></strong></span> <span class='ocrx_word' id='word_1_16' title='bbox 887 516 1173 593; x_wconf 83' lang='grc' dir='ltr'>συμβαίη</span> <span class='ocrx_word' id='word_1_17' title='bbox 1233 509 1386 587; x_wconf 75' lang='grc' dir='ltr'><strong><em>τοὺς</em></strong></span> <span class='ocrx_word' id='word_1_18' title='bbox 1443 509 1511 576; x_wconf 78' lang='grc' dir='ltr'><strong><em>ἐν</em></strong></span> <span class='ocrx_word' id='word_1_19' title='bbox 1566 507 1802 595; x_wconf 77' lang='grc' dir='ltr'><strong><em>ἑκάστῃ</em></strong></span> <span class='ocrx_word' id='word_1_20' title='bbox 1861 508 2045 588; x_wconf 82' lang='grc' dir='ltr'><strong><em>τάξει</em></strong></span> <span class='ocrx_word' id='word_1_21' title='bbox 2086 507 2204 595; x_wconf 87' lang='grc' dir='ltr'><strong><em>τὴν</em></strong></span> <span class='ocrx_word' id='word_1_22' title='bbox 2257 497 2327 573; x_wconf 76' lang='grc' dir='ltr'><strong><em>εῧ</em></strong></span> <span class='ocrx_word' id='word_1_23' title='bbox 2374 508 2649 591; x_wconf 70' lang='grc' dir='ltr'><strong><em>ἔχουσαν</em></strong></span> 
     </span>
     <span class='ocr_line' id='line_1_4' title="bbox 314 604 2646 699; baseline -0.003 -17"><span class='ocrx_word' id='word_1_24' title='bbox 314 612 712 699; x_wconf 74' lang='grc' dir='ltr'><strong><em>οἰπολαρἐνυ</em></strong></span> <span class='ocrx_word' id='word_1_25' title='bbox 768 618 1197 694; x_wconf 85' lang='grc' dir='ltr'><strong><em>συμμετρίαν,</em></strong></span> <span class='ocrx_word' id='word_1_26' title='bbox 1247 647 1327 658; x_wconf 90' lang='lat'>—</span> <span class='ocrx_word' id='word_1_27' title='bbox 1374 604 1614 676; x_wconf 78' lang='grc' dir='ltr'><strong><em>ταύτὸν</em></strong></span> <span class='ocrx_word' id='word_1_28' title='bbox 1668 611 1742 676; x_wconf 85' lang='grc' dir='ltr'><strong><em>δὲ</em></strong></span> <span class='ocrx_word' id='word_1_29' title='bbox 1796 608 2036 696; x_wconf 77' lang='grc' dir='ltr'><strong><em>φάναι,</em></strong></span> <span class='ocrx_word' id='word_1_30' title='bbox 2101 608 2257 687; x_wconf 79' lang='grc' dir='ltr'><strong><em>τοὺς</em></strong></span> <span class='ocrx_word' id='word_1_31' title='bbox 2309 610 2431 695; x_wconf 78' lang='grc' dir='ltr'><strong><em>μὲν</em></strong></span> <span class='ocrx_word' id='word_1_32' title='bbox 2489 616 2646 677; x_wconf 84' lang='grc' dir='ltr'><strong><em>θεο-</em></strong></span> 
     </span>
     <span class='ocr_line' id='line_1_5' title="bbox 313 707 2653 804; baseline -0.003 -22"><span class='ocrx_word' id='word_1_33' title='bbox 313 717 533 804; x_wconf 81' lang='grc' dir='ltr'><strong><em>φιλεῖς</em></strong></span> <span class='ocrx_word' id='word_1_34' title='bbox 579 714 963 799; x_wconf 62' lang='grc' dir='ltr'><strong><em>σιγκέλλους</em></strong></span> <span class='ocrx_word' id='word_1_35' title='bbox 1010 711 1103 790; x_wconf 82' lang='grc' dir='ltr'><strong><em>εἷς</em></strong></span> <span class='ocrx_word' id='word_1_36' title='bbox 1148 711 1262 777; x_wconf 83' lang='grc' dir='ltr'><strong><em>δύο</em></strong></span> <span class='ocrx_word' id='word_1_37' title='bbox 1305 711 1420 777; x_wconf 85' lang='grc' dir='ltr'><strong><em>τὸν</em></strong></span> <span class='ocrx_word' id='word_1_38' title='bbox 1478 707 1773 796; x_wconf 76' lang='grc' dir='ltr'><strong><em>ἀριθμὸν</em></strong></span> <span class='ocrx_word' id='word_1_39' title='bbox 1815 713 2208 796; x_wconf 86' lang='grc' dir='ltr'><strong><em>περιστῆναι</em></strong></span> <span class='ocrx_word' id='word_1_40' title='bbox 2226 713 2283 790; x_wconf 86' lang='lat'><strong><em>¹⁰,</em></strong></span> <span class='ocrx_word' id='word_1_41' title='bbox 2341 712 2653 795; x_wconf 85' lang='grc' dir='ltr'><strong><em>καγκελα-</em></strong></span> 
     </span>
     <span class='ocr_line' id='line_1_6' title="bbox 312 810 2646 902; baseline -0.003 -20"><span class='ocrx_word' id='word_1_42' title='bbox 312 825 496 902; x_wconf 88' lang='grc' dir='ltr'><strong><em>ρίους</em></strong></span> <span class='ocrx_word' id='word_1_43' title='bbox 541 817 612 880; x_wconf 83' lang='grc' dir='ltr'><strong><em>δὲ</em></strong></span> <span class='ocrx_word' id='word_1_44' title='bbox 659 815 751 892; x_wconf 79' lang='grc' dir='ltr'><strong><em>εἷς</em></strong></span> <span class='ocrx_word' id='word_1_45' title='bbox 799 813 904 899; x_wconf 82' lang='grc' dir='ltr'><strong><em>ιβ’,</em></strong></span> <span class='ocrx_word' id='word_1_46' title='bbox 966 812 1255 891; x_wconf 76' lang='grc' dir='ltr'><strong><em>ἐκδίκους</em></strong></span> <span class='ocrx_word' id='word_1_47' title='bbox 1301 813 1372 879; x_wconf 86' lang='grc' dir='ltr'><strong><em>δὲ</em></strong></span> <span class='ocrx_word' id='word_1_48' title='bbox 1419 813 1513 891; x_wconf 81' lang='grc' dir='ltr'><strong><em>εἰς</em></strong></span> <span class='ocrx_word' id='word_1_49' title='bbox 1558 812 1621 891; x_wconf 90' lang='grc' dir='ltr'><strong><em>ι’,</em></strong></span> <span class='ocrx_word' id='word_1_50' title='bbox 1684 814 2228 900; x_wconf 81' lang='grc' dir='ltr'><strong><em>ῥεφερενδαρίους</em></strong></span> <span class='ocrx_word' id='word_1_51' title='bbox 2283 812 2355 877; x_wconf 84' lang='grc' dir='ltr'><strong><em>δὲ</em></strong></span> <span class='ocrx_word' id='word_1_52' title='bbox 2401 811 2495 889; x_wconf 79' lang='grc' dir='ltr'><strong><em>εἰς</em></strong></span> <span class='ocrx_word' id='word_1_53' title='bbox 2541 810 2646 897; x_wconf 76' lang='grc' dir='ltr'><strong><em>ιβ’,</em></strong></span> 
     </span>
     <span class='ocr_line' id='line_1_7' title="bbox 314 912 2646 1004; baseline -0.002 -21"><span class='ocrx_word' id='word_1_54' title='bbox 314 924 657 1004; x_wconf 87' lang='grc' dir='ltr'><strong><em>νοταρίους</em></strong></span> <span class='ocrx_word' id='word_1_55' title='bbox 716 918 787 982; x_wconf 80' lang='grc' dir='ltr'><strong><em>δὲ</em></strong></span> <span class='ocrx_word' id='word_1_56' title='bbox 846 916 939 993; x_wconf 82' lang='grc' dir='ltr'><strong><em>εἷς</em></strong></span> <span class='ocrx_word' id='word_1_57' title='bbox 993 914 1079 999; x_wconf 87' lang='grc' dir='ltr'><strong><em>μ’,</em></strong></span> <span class='ocrx_word' id='word_1_58' title='bbox 1141 914 1631 1001; x_wconf 74' lang='grc' dir='ltr'><strong><em>σκευοφυλακας</em></strong></span> <span class='ocrx_word' id='word_1_59' title='bbox 1689 915 1791 993; x_wconf 82' lang='grc' dir='ltr'><strong><em>δὲ,</em></strong></span> <span class='ocrx_word' id='word_1_60' title='bbox 1854 918 2340 999; x_wconf 77' lang='grc' dir='ltr'><strong><em>πρεσβυτέρους</em></strong></span> <span class='ocrx_word' id='word_1_61' title='bbox 2393 915 2513 996; x_wconf 81' lang='grc' dir='ltr'><strong><em>μὲν</em></strong></span> <span class='ocrx_word' id='word_1_62' title='bbox 2569 912 2646 991; x_wconf 86' lang='grc' dir='ltr'><strong><em>δ’,</em></strong></span> 
     </span>
     <span class='ocr_line' id='line_1_8' title="bbox 314 1010 2651 1102; baseline -0.003 -17"><span class='ocrx_word' id='word_1_63' title='bbox 314 1018 657 1095; x_wconf 80' lang='grc' dir='ltr'><strong><em>διακόνους</em></strong></span> <span class='ocrx_word' id='word_1_64' title='bbox 703 1018 774 1083; x_wconf 79' lang='grc' dir='ltr'><strong><em>δὲ</em></strong></span> <span class='ocrx_word' id='word_1_65' title='bbox 820 1017 896 1097; x_wconf 84' lang='grc' dir='ltr'><strong><em>ς’,</em></strong></span> <span class='ocrx_word' id='word_1_66' title='bbox 945 1011 1364 1101; x_wconf 72' lang='grc' dir='ltr'><strong><em>ἀναγνώστας</em></strong></span> <span class='ocrx_word' id='word_1_67' title='bbox 1411 1017 1482 1081; x_wconf 82' lang='grc' dir='ltr'><strong><em>δὲ</em></strong></span> <span class='ocrx_word' id='word_1_68' title='bbox 1530 1014 1665 1094; x_wconf 81' lang='grc' dir='ltr'><strong><em>δύο,</em></strong></span> <span class='ocrx_word' id='word_1_69' title='bbox 1694 1014 2075 1098; x_wconf 85' lang='grc' dir='ltr'><strong><em>-τρόποις</em></strong></span> <span class='ocrx_word' id='word_1_70' title='bbox 2103 1010 2360 1079; x_wconf 79' lang='grc' dir='ltr'><strong><em>ἅπασιν</em></strong></span> <span class='ocrx_word' id='word_1_71' title='bbox 2390 1013 2501 1079; x_wconf 75' lang='grc' dir='ltr'><strong><em>ἐπὶ</em></strong></span> <span class='ocrx_word' id='word_1_72' title='bbox 2534 1017 2651 1102; x_wconf 81' lang='grc' dir='ltr'><strong><em>τῆς</em></strong></span> 
     </span>
     <span class='ocr_line' id='line_1_9' title="bbox 314 1108 2680 1206; baseline -0.002 -20"><span class='ocrx_word' id='word_1_73' title='bbox 314 1116 512 1206; x_wconf 74' lang='grc' dir='ltr'><strong><em>αὐτῆς</em></strong></span> <span class='ocrx_word' id='word_1_74' title='bbox 568 1119 939 1204; x_wconf 77' lang='grc' dir='ltr'><strong><em>ποσότητος</em></strong></span> <span class='ocrx_word' id='word_1_75' title='bbox 1004 1118 1358 1195; x_wconf 83' lang='grc' dir='ltr'><strong><em>διατελεῖν,</em></strong></span> <span class='ocrx_word' id='word_1_76' title='bbox 1424 1113 1704 1202; x_wconf 86' lang='grc' dir='ltr'><strong><em>μηδενὸς</em></strong></span> <span class='ocrx_word' id='word_1_77' title='bbox 1761 1110 1988 1192; x_wconf 79' lang='grc' dir='ltr'><strong><em>αὐτοῖς</em></strong></span> <span class='ocrx_word' id='word_1_78' title='bbox 2041 1110 2193 1181; x_wconf 75' lang='grc' dir='ltr'><strong><em>καθ’</em></strong></span> <span class='ocrx_word' id='word_1_79' title='bbox 2255 1108 2680 1200; x_wconf 75' lang='grc' dir='ltr'><strong><em>οἶονδήποτε</em></strong></span> 
     </span>
     <span class='ocr_line' id='line_1_10' title="bbox 310 1210 2648 1306; baseline -0.003 -19"><span class='ocrx_word' id='word_1_80' title='bbox 310 1224 845 1306; x_wconf 68' lang='grc' dir='ltr'><strong><em>προστιθεμένου</em></strong></span> <span class='ocrx_word' id='word_1_81' title='bbox 889 1218 1173 1303; x_wconf 84' lang='grc' dir='ltr'><strong><em>τρόπον·</em></strong></span> <span class='ocrx_word' id='word_1_82' title='bbox 1220 1217 1554 1303; x_wconf 87' lang='grc' dir='ltr'><strong><em>πρόδηλον</em></strong></span> <span class='ocrx_word' id='word_1_83' title='bbox 1589 1210 1681 1295; x_wconf 80' lang='grc' dir='ltr'><strong><em>ὂν,</em></strong></span> <span class='ocrx_word' id='word_1_84' title='bbox 1731 1211 1820 1294; x_wconf 81' lang='grc' dir='ltr'><strong><em>ὥς</em></strong></span> <span class='ocrx_word' id='word_1_85' title='bbox 1865 1215 2099 1281; x_wconf 83' lang='grc' dir='ltr'><strong><em>τούτου</em></strong></span> <span class='ocrx_word' id='word_1_86' title='bbox 2144 1214 2311 1280; x_wconf 85' lang='grc' dir='ltr'><strong><em>κατὰ</em></strong></span> <span class='ocrx_word' id='word_1_87' title='bbox 2355 1214 2430 1280; x_wconf 87' lang='grc' dir='ltr'><strong><em>τὸ</em></strong></span> <span class='ocrx_word' id='word_1_88' title='bbox 2477 1215 2648 1293; x_wconf 79' lang='grc' dir='ltr'><strong><em>εἰκὸς</em></strong></span> 
     </span>
     <span class='ocr_line' id='line_1_11' title="bbox 313 1314 2647 1405; baseline -0.003 -18"><span class='ocrx_word' id='word_1_89' title='bbox 313 1323 378 1387; x_wconf 75' lang='grc' dir='ltr'><strong><em>ἐν</em></strong></span> <span class='ocrx_word' id='word_1_90' title='bbox 423 1333 567 1399; x_wconf 81' lang='grc' dir='ltr'><strong><em>τοῖς</em></strong></span> <span class='ocrx_word' id='word_1_91' title='bbox 612 1321 975 1405; x_wconf 80' lang='grc' dir='ltr'><strong><em>εἰρημένοις</em></strong></span> <span class='ocrx_word' id='word_1_92' title='bbox 1006 1317 1500 1401; x_wconf 78' lang='grc' dir='ltr'><strong><em>ἐπιτάγμασιν”</em></strong></span> <span class='ocrx_word' id='word_1_93' title='bbox 1550 1317 1883 1394; x_wconf 77' lang='grc' dir='ltr'><strong><em>ἐνδέοντος</em></strong></span> <span class='ocrx_word' id='word_1_94' title='bbox 1912 1319 2027 1381; x_wconf 83' lang='grc' dir='ltr'><strong><em>τοῦ</em></strong></span> <span class='ocrx_word' id='word_1_95' title='bbox 2057 1321 2316 1401; x_wconf 83' lang='grc' dir='ltr'><strong><em>μέτρου,</em></strong></span> <span class='ocrx_word' id='word_1_96' title='bbox 2363 1314 2448 1381; x_wconf 85' lang='grc' dir='ltr'><strong><em>τὰ</em></strong></span> <span class='ocrx_word' id='word_1_97' title='bbox 2477 1315 2647 1402; x_wconf 89' lang='grc' dir='ltr'><strong><em>πρὸς</em></strong></span> 
     </span>
     <span class='ocr_line' id='line_1_12' title="bbox 307 1411 2646 1509; baseline -0.002 -21"><span class='ocrx_word' id='word_1_98' title='bbox 307 1424 512 1509; x_wconf 89' lang='grc' dir='ltr'><strong><em>μόνην</em></strong></span> <span class='ocrx_word' id='word_1_99' title='bbox 559 1420 832 1487; x_wconf 76' lang='grc' dir='ltr'><strong><em>ἑκάστου</em></strong></span> <span class='ocrx_word' id='word_1_100' title='bbox 878 1418 1128 1484; x_wconf 83' lang='grc' dir='ltr'><strong><em>τούτων</em></strong></span> <span class='ocrx_word' id='word_1_101' title='bbox 1175 1413 1643 1503; x_wconf 79' lang='grc' dir='ltr'><strong><em>ἀναπλήρωσιν</em></strong></span> <span class='ocrx_word' id='word_1_102' title='bbox 1677 1414 2023 1494; x_wconf 79' lang='grc' dir='ltr'><strong><em>ἀκωλύτως</em></strong></span> <span class='ocrx_word' id='word_1_103' title='bbox 2053 1411 2646 1503; x_wconf 82' lang='grc' dir='ltr'><strong><em>ἇντεισαχθήσεται</em></strong></span> 
     </span>
     <span class='ocr_line' id='line_1_13' title="bbox 310 1518 2645 1608; baseline -0.003 -20"><span class='ocrx_word' id='word_1_104' title='bbox 310 1524 663 1608; x_wconf 81' lang='grc' dir='ltr'><strong><em>πρόσωπα.</em></strong></span> <span class='ocrx_word' id='word_1_105' title='bbox 725 1523 831 1586; x_wconf 87' lang='grc' dir='ltr'><strong><em>καὶ</em></strong></span> <span class='ocrx_word' id='word_1_106' title='bbox 859 1522 1016 1604; x_wconf 87' lang='grc' dir='ltr'><strong><em>περὶ</em></strong></span> <span class='ocrx_word' id='word_1_107' title='bbox 1045 1522 1163 1583; x_wconf 77' lang='grc' dir='ltr'><strong><em>τοῦ</em></strong></span> <span class='ocrx_word' id='word_1_108' title='bbox 1195 1518 1262 1584; x_wconf 79' lang='grc' dir='ltr'><strong><em>ἐν</em></strong></span> <span class='ocrx_word' id='word_1_109' title='bbox 1291 1526 1337 1602; x_wconf 80' lang='grc' dir='ltr'>β</span> <span class='ocrx_word' id='word_1_110' title='bbox 1350 1519 1387 1581; x_wconf 92' lang='grc' dir='ltr'><strong><em>λ</em></strong></span> <span class='ocrx_word' id='word_1_111' title='bbox 1404 1544 1446 1583; x_wconf 93' lang='grc' dir='ltr'><strong><em>α</em></strong></span> <span class='ocrx_word' id='word_1_112' title='bbox 1459 1524 1743 1602; x_wconf 84' lang='grc' dir='ltr'><strong><em>χέρναι</em></strong></span> <span class='ocrx_word' id='word_1_113' title='bbox 1756 1544 1791 1595; x_wconf 92' lang='grc' dir='ltr'><strong><em>ς</em></strong></span> <span class='ocrx_word' id='word_1_114' title='bbox 1822 1520 1893 1583; x_wconf 80' lang='grc' dir='ltr'><strong><em>δὲ</em></strong></span> <span class='ocrx_word' id='word_1_115' title='bbox 1926 1524 2287 1602; x_wconf 83' lang='grc' dir='ltr'><strong><em>σεβασμίου</em></strong></span> <span class='ocrx_word' id='word_1_116' title='bbox 2317 1518 2500 1583; x_wconf 76' lang='grc' dir='ltr'><strong><em>οἴκου</em></strong></span> <span class='ocrx_word' id='word_1_117' title='bbox 2530 1522 2645 1604; x_wconf 84' lang='grc' dir='ltr'><strong><em>τῆς</em></strong></span> 
     </span>
     <span class='ocr_line' id='line_1_14' title="bbox 308 1613 2644 1706; baseline -0.003 -16"><span class='ocrx_word' id='word_1_118' title='bbox 308 1622 628 1706; x_wconf 83' lang='grc' dir='ltr'><strong><em>άχράντου</em></strong></span> <span class='ocrx_word' id='word_1_119' title='bbox 677 1621 1030 1706; x_wconf 82' lang='grc' dir='ltr'><strong><em>δεσποίνης</em></strong></span> <span class='ocrx_word' id='word_1_120' title='bbox 1072 1615 1257 1705; x_wconf 80' lang='grc' dir='ltr'><strong><em>ἡμῶν</em></strong></span> <span class='ocrx_word' id='word_1_121' title='bbox 1303 1618 1624 1684; x_wconf 86' lang='grc' dir='ltr'><strong><em>θεοτόκου</em></strong></span> <span class='ocrx_word' id='word_1_122' title='bbox 1670 1621 1778 1683; x_wconf 88' lang='grc' dir='ltr'><strong><em>καὶ</em></strong></span> <span class='ocrx_word' id='word_1_123' title='bbox 1841 1613 2293 1704; x_wconf 82' lang='grc' dir='ltr'><strong><em>άειπαρθένου</em></strong></span> <span class='ocrx_word' id='word_1_124' title='bbox 2337 1625 2539 1703; x_wconf 83' lang='grc' dir='ltr'><strong><em>μαρί</em></strong></span> <span class='ocrx_word' id='word_1_125' title='bbox 2552 1645 2644 1697; x_wconf 91' lang='grc' dir='ltr'><strong><em>ας</em></strong></span> 
     </span>
     <span class='ocr_line' id='line_1_15' title="bbox 310 1714 2641 1807; baseline -0.001 -18"><span class='ocrx_word' id='word_1_126' title='bbox 310 1721 556 1807; x_wconf 79' lang='grc' dir='ltr'><strong><em>ὁμοίιος</em></strong></span> <span class='ocrx_word' id='word_1_127' title='bbox 614 1721 900 1786; x_wconf 85' lang='grc' dir='ltr'><strong><em>συνιδεῖν</em></strong></span> <span class='ocrx_word' id='word_1_128' title='bbox 952 1719 1060 1785; x_wconf 82' lang='grc' dir='ltr'><strong><em>καὶ</em></strong></span> <span class='ocrx_word' id='word_1_129' title='bbox 1119 1714 1219 1786; x_wconf 71' lang='grc' dir='ltr'><strong><em>ἐπ’</em></strong></span> <span class='ocrx_word' id='word_1_130' title='bbox 1272 1719 1493 1805; x_wconf 74' lang='grc' dir='ltr'><strong><em>ἐκείνῳ</em></strong></span> <span class='ocrx_word' id='word_1_131' title='bbox 1551 1718 1634 1784; x_wconf 83' lang='grc' dir='ltr'><strong><em>τὰ</em></strong></span> <span class='ocrx_word' id='word_1_132' title='bbox 1689 1720 2129 1806; x_wconf 88' lang='grc' dir='ltr'><strong><em>παραπλήσια</em></strong></span> <span class='ocrx_word' id='word_1_133' title='bbox 2188 1721 2641 1786; x_wconf 84' lang='grc' dir='ltr'><strong><em>διατυπῶσαι·</em></strong></span> 
     </span>
     <span class='ocr_line' id='line_1_16' title="bbox 310 1810 2643 1907; baseline -0.003 -16"><span class='ocrx_word' id='word_1_134' title='bbox 310 1823 480 1891; x_wconf 76' lang='grc' dir='ltr'><strong><em>ὥστε</em></strong></span> <span class='ocrx_word' id='word_1_135' title='bbox 523 1834 666 1900; x_wconf 80' lang='grc' dir='ltr'><strong><em>τοῖς</em></strong></span> <span class='ocrx_word' id='word_1_136' title='bbox 710 1824 823 1887; x_wconf 77' lang='grc' dir='ltr'><strong><em>νῦν</em></strong></span> <span class='ocrx_word' id='word_1_137' title='bbox 869 1810 1019 1886; x_wconf 72' lang='grc' dir='ltr'><strong><em>οὖσι</em></strong></span> <span class='ocrx_word' id='word_1_138' title='bbox 1062 1819 1229 1886; x_wconf 82' lang='grc' dir='ltr'><strong><em>κατὰ</em></strong></span> <span class='ocrx_word' id='word_1_139' title='bbox 1269 1819 1385 1887; x_wconf 87' lang='grc' dir='ltr'><strong><em>τὸν</em></strong></span> <span class='ocrx_word' id='word_1_140' title='bbox 1432 1820 1767 1907; x_wconf 74' lang='grc' dir='ltr'><strong><em>εἰρημένον</em></strong></span> <span class='ocrx_word' id='word_1_141' title='bbox 1815 1821 2077 1900; x_wconf 72' lang='grc' dir='ltr'><strong><em>ἔνδοξον</em></strong></span> <span class='ocrx_word' id='word_1_142' title='bbox 2122 1815 2301 1887; x_wconf 76' lang='grc' dir='ltr'><strong><em>οἷκον</em></strong></span> <span class='ocrx_word' id='word_1_143' title='bbox 2331 1824 2461 1886; x_wconf 88' lang='grc' dir='ltr'><strong><em>τῶν</em></strong></span> <span class='ocrx_word' id='word_1_144' title='bbox 2491 1822 2643 1907; x_wconf 89' lang='grc' dir='ltr'><strong><em>κλη-</em></strong></span> 
     </span>
     <span class='ocr_line' id='line_1_17' title="bbox 306 1920 2642 2010; baseline -0.002 -18"><span class='ocrx_word' id='word_1_145' title='bbox 306 1929 505 2010; x_wconf 86' lang='grc' dir='ltr'><strong><em>ρικῶν</em></strong></span> <span class='ocrx_word' id='word_1_146' title='bbox 577 1924 865 2008; x_wconf 80' lang='grc' dir='ltr'><strong><em>τάγμασι</em></strong></span> <span class='ocrx_word' id='word_1_147' title='bbox 933 1923 1258 2009; x_wconf 88' lang='grc' dir='ltr'><strong><em>μηδεμίαν</em></strong></span> <span class='ocrx_word' id='word_1_148' title='bbox 1325 1921 1808 2006; x_wconf 73' lang='grc' dir='ltr'><strong><em>ἐπεισάγεσθαι</em></strong></span> <span class='ocrx_word' id='word_1_149' title='bbox 1872 1920 2295 2008; x_wconf 77' lang='grc' dir='ltr'><strong><em>προσθήκην·</em></strong></span> <span class='ocrx_word' id='word_1_150' title='bbox 2373 1925 2504 1987; x_wconf 89' lang='grc' dir='ltr'><strong><em>τῶν</em></strong></span> <span class='ocrx_word' id='word_1_151' title='bbox 2569 1922 2642 1987; x_wconf 75' lang='grc' dir='ltr'><strong><em>δὲ</em></strong></span> 
     </span>
     <span class='ocr_line' id='line_1_18' title="bbox 308 2018 2641 2111; baseline -0.001 -19"><span class='ocrx_word' id='word_1_152' title='bbox 308 2032 769 2111; x_wconf 67' lang='grc' dir='ltr'><strong><em>πρεσβυτέρων</em></strong></span> <span class='ocrx_word' id='word_1_153' title='bbox 817 2023 909 2101; x_wconf 78' lang='grc' dir='ltr'><strong><em>εἰς</em></strong></span> <span class='ocrx_word' id='word_1_154' title='bbox 956 2022 1061 2107; x_wconf 76' lang='grc' dir='ltr'><strong><em>ιβ’,</em></strong></span> <span class='ocrx_word' id='word_1_155' title='bbox 1110 2025 1217 2089; x_wconf 89' lang='grc' dir='ltr'><strong><em>καὶ</em></strong></span> <span class='ocrx_word' id='word_1_156' title='bbox 1254 2022 1576 2090; x_wconf 86' lang='grc' dir='ltr'><strong><em>διακόνων</em></strong></span> <span class='ocrx_word' id='word_1_157' title='bbox 1607 2018 1895 2109; x_wconf 79' lang='grc' dir='ltr'><strong><em>άῤῥένων</em></strong></span> <span class='ocrx_word' id='word_1_158' title='bbox 1923 2024 2041 2106; x_wconf 80' lang='grc' dir='ltr'><strong><em>μὲν</em></strong></span> <span class='ocrx_word' id='word_1_159' title='bbox 2075 2022 2167 2100; x_wconf 84' lang='grc' dir='ltr'><strong><em>εἷς</em></strong></span> <span class='ocrx_word' id='word_1_160' title='bbox 2198 2021 2303 2108; x_wconf 90' lang='grc' dir='ltr'><strong><em>ιη’,</em></strong></span> <span class='ocrx_word' id='word_1_161' title='bbox 2349 2024 2641 2109; x_wconf 83' lang='grc' dir='ltr'><strong><em>θηλειῶν</em></strong></span> 
     </span>
     <span class='ocr_line' id='line_1_19' title="bbox 305 2119 2637 2210; baseline -0.001 -18"><span class='ocrx_word' id='word_1_162' title='bbox 305 2129 375 2193; x_wconf 80' lang='grc' dir='ltr'><strong><em>δὲ</em></strong></span> <span class='ocrx_word' id='word_1_163' title='bbox 423 2128 857 2193; x_wconf 87' lang='grc' dir='ltr'><strong><em>διακονισσῶν</em></strong></span> <span class='ocrx_word' id='word_1_164' title='bbox 902 2125 996 2203; x_wconf 82' lang='grc' dir='ltr'><strong><em>εἷς</em></strong></span> <span class='ocrx_word' id='word_1_165' title='bbox 1040 2122 1117 2204; x_wconf 85' lang='grc' dir='ltr'><strong><em>ς’,</em></strong></span> <span class='ocrx_word' id='word_1_166' title='bbox 1168 2119 1623 2190; x_wconf 81' lang='grc' dir='ltr'><strong><em>ὖποδιακόνων</em></strong></span> <span class='ocrx_word' id='word_1_167' title='bbox 1668 2124 1761 2202; x_wconf 82' lang='grc' dir='ltr'><strong><em>εἰς</em></strong></span> <span class='ocrx_word' id='word_1_168' title='bbox 1805 2122 1881 2210; x_wconf 91' lang='grc' dir='ltr'><strong><em>η’,</em></strong></span> <span class='ocrx_word' id='word_1_169' title='bbox 1944 2119 2378 2207; x_wconf 83' lang='grc' dir='ltr'><strong><em>άναγνωστῶν</em></strong></span> <span class='ocrx_word' id='word_1_170' title='bbox 2427 2124 2520 2202; x_wconf 83' lang='grc' dir='ltr'><strong><em>εἰς</em></strong></span> <span class='ocrx_word' id='word_1_171' title='bbox 2562 2122 2637 2204; x_wconf 86' lang='grc' dir='ltr'><strong><em>κ’,</em></strong></span> 
     </span>
     <span class='ocr_line' id='line_1_20' title="bbox 308 2223 2639 2311; baseline -0.001 -17"><span class='ocrx_word' id='word_1_172' title='bbox 308 2230 583 2311; x_wconf 77' lang='grc' dir='ltr'><strong><em>ψαλτῶν</em></strong></span> <span class='ocrx_word' id='word_1_173' title='bbox 643 2226 735 2304; x_wconf 83' lang='grc' dir='ltr'><strong><em>εἷς</em></strong></span> <span class='ocrx_word' id='word_1_174' title='bbox 794 2226 868 2304; x_wconf 87' lang='grc' dir='ltr'><strong><em>δ’,</em></strong></span> <span class='ocrx_word' id='word_1_175' title='bbox 930 2227 1254 2307; x_wconf 79' lang='grc' dir='ltr'><strong><em>πυλωρῶν</em></strong></span> <span class='ocrx_word' id='word_1_176' title='bbox 1311 2224 1403 2301; x_wconf 83' lang='grc' dir='ltr'><strong><em>εἷς</em></strong></span> <span class='ocrx_word' id='word_1_177' title='bbox 1463 2224 1518 2305; x_wconf 86' lang='grc' dir='ltr'><strong><em>ς’</em></strong></span> <span class='ocrx_word' id='word_1_178' title='bbox 1564 2227 1658 2308; x_wconf 77' lang='grc' dir='ltr'><strong><em>τῷ</em></strong></span> <span class='ocrx_word' id='word_1_179' title='bbox 1698 2223 1910 2309; x_wconf 78' lang='grc' dir='ltr'><strong><em>χρόνῳ</em></strong></span> <span class='ocrx_word' id='word_1_180' title='bbox 1957 2226 2511 2308; x_wconf 84' lang='grc' dir='ltr'><strong><em>συντελουμένων,</em></strong></span> <span class='ocrx_word' id='word_1_181' title='bbox 2572 2225 2639 2291; x_wconf 79' lang='grc' dir='ltr'><strong><em>ἔν</em></strong></span> 
     </span>
     <span class='ocr_line' id='line_1_21' title="bbox 304 2325 2639 2411; baseline -0.001 -17"><span class='ocrx_word' id='word_1_182' title='bbox 304 2328 525 2411; x_wconf 75' lang='grc' dir='ltr'><strong><em>ἐκείνῳ</em></strong></span> <span class='ocrx_word' id='word_1_183' title='bbox 573 2325 812 2391; x_wconf 85' lang='grc' dir='ltr'><strong><em>λοιπὸν</em></strong></span> <span class='ocrx_word' id='word_1_184' title='bbox 856 2329 948 2410; x_wconf 75' lang='grc' dir='ltr'><strong><em>τῷ</em></strong></span> <span class='ocrx_word' id='word_1_185' title='bbox 993 2331 1208 2409; x_wconf 80' lang='grc' dir='ltr'><strong><em>μέτρῳ</em></strong></span> <span class='ocrx_word' id='word_1_186' title='bbox 1252 2330 1471 2407; x_wconf 86' lang='grc' dir='ltr'><strong><em>μένειν</em></strong></span> <span class='ocrx_word' id='word_1_187' title='bbox 1515 2351 1586 2391; x_wconf 90' lang='grc' dir='ltr'><strong><em>τε</em></strong></span> <span class='ocrx_word' id='word_1_188' title='bbox 1630 2327 1739 2390; x_wconf 88' lang='grc' dir='ltr'><strong><em>καὶ</em></strong></span> <span class='ocrx_word' id='word_1_189' title='bbox 1784 2325 2124 2391; x_wconf 83' lang='grc' dir='ltr'><strong><em>διατελεῖν.</em></strong></span> <span class='ocrx_word' id='word_1_190' title='bbox 2190 2325 2523 2404; x_wconf 73' lang='grc' dir='ltr'><strong><em>ἐνδέοντος</em></strong></span> <span class='ocrx_word' id='word_1_191' title='bbox 2568 2327 2639 2392; x_wconf 81' lang='grc' dir='ltr'><strong><em>δὲ</em></strong></span> 
     </span>
     <span class='ocr_line' id='line_1_22' title="bbox 300 2420 2639 2514; baseline 0 -21"><span class='ocrx_word' id='word_1_192' title='bbox 300 2426 537 2493; x_wconf 80' lang='grc' dir='ltr'><strong><em>τούτου</em></strong></span> <span class='ocrx_word' id='word_1_193' title='bbox 581 2421 733 2493; x_wconf 78' lang='grc' dir='ltr'><strong><em>καθ’</em></strong></span> <span class='ocrx_word' id='word_1_194' title='bbox 786 2424 1186 2510; x_wconf 79' lang='grc' dir='ltr'><strong><em>οἱανδήποτε</em></strong></span> <span class='ocrx_word' id='word_1_195' title='bbox 1228 2425 1593 2513; x_wconf 84' lang='grc' dir='ltr'><strong><em>πρόφασιν,</em></strong></span> <span class='ocrx_word' id='word_1_196' title='bbox 1641 2425 1866 2512; x_wconf 77' lang='grc' dir='ltr'><strong><em>(μόνης</em></strong></span> <span class='ocrx_word' id='word_1_197' title='bbox 1895 2420 2215 2506; x_wconf 75' lang='grc' dir='ltr'><strong><em>κάκείνοις</em></strong></span> <span class='ocrx_word' id='word_1_198' title='bbox 2244 2426 2639 2514; x_wconf 76' lang='grc' dir='ltr'><strong><em>ἐπιτετραμ-</em></strong></span> 
     </span>
     <span class='ocr_line' id='line_1_23' title="bbox 302 2524 2639 2615; baseline -0 -20"><span class='ocrx_word' id='word_1_199' title='bbox 302 2535 500 2615; x_wconf 76' lang='grc' dir='ltr'><strong><em>μένης</em></strong></span> <span class='ocrx_word' id='word_1_200' title='bbox 546 2526 657 2593; x_wconf 86' lang='grc' dir='ltr'><strong><em>διὰ</em></strong></span> <span class='ocrx_word' id='word_1_201' title='bbox 702 2525 778 2590; x_wconf 88' lang='grc' dir='ltr'><strong><em>τὸ</em></strong></span> <span class='ocrx_word' id='word_1_202' title='bbox 823 2526 1047 2609; x_wconf 81' lang='grc' dir='ltr'><strong><em>μεῖζον</em></strong></span> <span class='ocrx_word' id='word_1_203' title='bbox 1095 2524 1337 2611; x_wconf 78' lang='grc' dir='ltr'><strong><em>ὄφελος</em></strong></span> <span class='ocrx_word' id='word_1_204' title='bbox 1377 2530 1494 2612; x_wconf 88' lang='grc' dir='ltr'><strong><em>τῆς</em></strong></span> <span class='ocrx_word' id='word_1_205' title='bbox 1549 2524 1914 2613; x_wconf 79' lang='grc' dir='ltr'><strong><em>ἁγιωτάτης</em></strong></span> <span class='ocrx_word' id='word_1_206' title='bbox 1967 2528 2251 2615; x_wconf 86' lang='grc' dir='ltr'><strong><em>μεγάλης</em></strong></span> <span class='ocrx_word' id='word_1_207' title='bbox 2302 2528 2639 2615; x_wconf 79' lang='grc' dir='ltr'><strong><em>ἐκκλησίας</em></strong></span> 
     </span>
     <span class='ocr_line' id='line_1_24' title="bbox 304 2626 2639 2717; baseline 0.001 -22"><span class='ocrx_word' id='word_1_208' title='bbox 304 2629 799 2714; x_wconf 71' lang='grc' dir='ltr'><strong><em>ἓπαυξήσεως,)</em></strong></span> <span class='ocrx_word' id='word_1_209' title='bbox 866 2629 1218 2712; x_wconf 81' lang='grc' dir='ltr'><strong><em>τηνικαῦτα</em></strong></span> <span class='ocrx_word' id='word_1_210' title='bbox 1272 2626 1389 2712; x_wconf 81' lang='grc' dir='ltr'><strong><em>τὴν</em></strong></span> <span class='ocrx_word' id='word_1_211' title='bbox 1443 2627 1835 2714; x_wconf 71' lang='grc' dir='ltr'><strong><em>προσθήκην</em></strong></span> <span class='ocrx_word' id='word_1_212' title='bbox 1890 2634 2217 2712; x_wconf 83' lang='grc' dir='ltr'><strong><em>γίνεσθαι.</em></strong></span> <span class='ocrx_word' id='word_1_213' title='bbox 2304 2627 2504 2717; x_wconf 79' lang='grc' dir='ltr'><strong><em>ᾔτησέ</em></strong></span> <span class='ocrx_word' id='word_1_214' title='bbox 2565 2656 2639 2697; x_wconf 87' lang='grc' dir='ltr'><strong><em>τε</em></strong></span> 
     </span>
     <span class='ocr_line' id='line_1_25' title="bbox 297 2725 2637 2815; baseline 0.001 -21"><span class='ocrx_word' id='word_1_215' title='bbox 297 2725 470 2815; x_wconf 81' lang='grc' dir='ltr'><strong><em>ἡμᾶς</em></strong></span> <span class='ocrx_word' id='word_1_216' title='bbox 514 2725 550 2815; x_wconf 83' lang='grc' dir='ltr'>ἡ</span> <span class='ocrx_word' id='word_1_217' title='bbox 603 2728 682 2815; x_wconf 87' lang='grc' dir='ltr'><strong><em>σὴ</em></strong></span> <span class='ocrx_word' id='word_1_218' title='bbox 726 2726 1147 2810; x_wconf 88' lang='grc' dir='ltr'><strong><em>μακαριότης,</em></strong></span> <span class='ocrx_word' id='word_1_219' title='bbox 1198 2734 1367 2811; x_wconf 75' lang='grc' dir='ltr'><strong><em>θείῳ</em></strong></span> <span class='ocrx_word' id='word_1_220' title='bbox 1413 2732 1845 2814; x_wconf 76' lang='grc' dir='ltr'><strong><em>πραγματικῷ</em></strong></span> <span class='ocrx_word' id='word_1_221' title='bbox 1889 2728 2077 2815; x_wconf 78' lang='grc' dir='ltr'><strong><em>τύπῳ</em></strong></span> <span class='ocrx_word' id='word_1_222' title='bbox 2108 2730 2191 2797; x_wconf 82' lang='grc' dir='ltr'><strong><em>τὰ</em></strong></span> <span class='ocrx_word' id='word_1_223' title='bbox 2222 2727 2394 2797; x_wconf 68' lang='grc' dir='ltr'><strong><em>οὕτω</em></strong></span> <span class='ocrx_word' id='word_1_224' title='bbox 2424 2732 2637 2809; x_wconf 87' lang='grc' dir='ltr'><strong><em>καλῶς</em></strong></span> 
     </span>
     <span class='ocr_line' id='line_1_26' title="bbox 296 2824 2632 2918; baseline 0.002 -24"><span class='ocrx_word' id='word_1_225' title='bbox 296 2856 367 2896; x_wconf 86' lang='grc' dir='ltr'><strong><em>τε</em></strong></span> <span class='ocrx_word' id='word_1_226' title='bbox 410 2832 516 2894; x_wconf 84' lang='grc' dir='ltr'><strong><em>καὶ</em></strong></span> <span class='ocrx_word' id='word_1_227' title='bbox 570 2830 908 2915; x_wconf 77' lang='grc' dir='ltr'><strong><em>θεοφιλῶς</em></strong></span> <span class='ocrx_word' id='word_1_228' title='bbox 955 2829 1446 2910; x_wconf 72' lang='grc' dir='ltr'><strong><em>δοκιμασθέντα</em></strong></span> <span class='ocrx_word' id='word_1_229' title='bbox 1491 2824 1645 2914; x_wconf 76' lang='grc' dir='ltr'><strong><em>παρ’</em></strong></span> <span class='ocrx_word' id='word_1_230' title='bbox 1694 2825 1893 2916; x_wconf 78' lang='grc' dir='ltr'><strong><em>αὐτῆς</em></strong></span> <span class='ocrx_word' id='word_1_231' title='bbox 1934 2836 2174 2915; x_wconf 74' lang='grc' dir='ltr'><strong><em>βέβαια</em></strong></span> <span class='ocrx_word' id='word_1_232' title='bbox 2215 2836 2632 2918; x_wconf 83' lang='grc' dir='ltr'><strong><em>καταστῆναι.</em></strong></span> 
     </span>
    </p>

    <p class='ocr_par' dir='ltr' id='par_1_3' title="bbox 280 2926 2636 4126">
     <span class='ocr_line' id='line_1_27' title="bbox 472 2926 2636 3019; baseline 0.002 -25"><span class='ocrx_word' id='word_1_233' title='bbox 472 2929 552 2994; x_wconf 86' lang='grc' dir='ltr'><strong><em>α’.</em></strong></span> <span class='ocrx_word' id='word_1_234' title='bbox 636 2926 898 3015; x_wconf 75' lang='grc' dir='ltr'><strong><em>Ἐπειδὴ</em></strong></span> <span class='ocrx_word' id='word_1_235' title='bbox 942 2934 1163 2994; x_wconf 90' lang='grc' dir='ltr'><strong><em>τοίνυν</em></strong></span> <span class='ocrx_word' id='word_1_236' title='bbox 1209 2928 1544 3014; x_wconf 83' lang='grc' dir='ltr'><strong><em>πρόδηλόν</em></strong></span> <span class='ocrx_word' id='word_1_237' title='bbox 1591 2930 1786 3010; x_wconf 77' lang='grc' dir='ltr'><strong><em>ἔστιν,</em></strong></span> <span class='ocrx_word' id='word_1_238' title='bbox 1836 2927 1925 3010; x_wconf 78' lang='grc' dir='ltr'><strong><em>(ὃς</em></strong></span> <span class='ocrx_word' id='word_1_239' title='bbox 1971 2934 2033 2998; x_wconf 81' lang='grc' dir='ltr'><strong><em>οἱ</em></strong></span> <span class='ocrx_word' id='word_1_240' title='bbox 2077 2931 2162 2999; x_wconf 85' lang='grc' dir='ltr'><strong><em>τὰ</em></strong></span> <span class='ocrx_word' id='word_1_241' title='bbox 2201 2937 2477 3000; x_wconf 83' lang='grc' dir='ltr'><strong><em>τοιαῦτα</em></strong></span> <span class='ocrx_word' id='word_1_242' title='bbox 2505 2940 2636 3019; x_wconf 84' lang='grc' dir='ltr'><strong><em>θη-</em></strong></span> 
     </span>
     <span class='ocr_line' id='line_1_28' title="bbox 295 3025 2635 3121; baseline 0.002 -26"><span class='ocrx_word' id='word_1_243' title='bbox 295 3029 581 3113; x_wconf 82' lang='grc' dir='ltr'><strong><em>ρώμενοι</em></strong></span> <span class='ocrx_word' id='word_1_244' title='bbox 627 3025 703 3095; x_wconf 74' lang='grc' dir='ltr'><strong><em>οὗ</em></strong></span> <span class='ocrx_word' id='word_1_245' title='bbox 752 3030 918 3116; x_wconf 77' lang='grc' dir='ltr'><strong><em>ζήλῳ</em></strong></span> <span class='ocrx_word' id='word_1_246' title='bbox 965 3037 1170 3116; x_wconf 79' lang='grc' dir='ltr'><strong><em>θείῳ,</em></strong></span> <span class='ocrx_word' id='word_1_247' title='bbox 1230 3034 1347 3095; x_wconf 81' lang='grc' dir='ltr'><strong><em>τοῦ</em></strong></span> <span class='ocrx_word' id='word_1_248' title='bbox 1405 3032 1478 3097; x_wconf 78' lang='grc' dir='ltr'><strong><em>δὲ</em></strong></span> <span class='ocrx_word' id='word_1_249' title='bbox 1533 3033 1843 3110; x_wconf 88' lang='grc' dir='ltr'><strong><em>πλείονος</em></strong></span> <span class='ocrx_word' id='word_1_250' title='bbox 1888 3028 2264 3119; x_wconf 85' lang='grc' dir='ltr'><strong><em>ὀρεγόμενοι</em></strong></span> <span class='ocrx_word' id='word_1_251' title='bbox 2309 3035 2635 3121; x_wconf 73' lang='grc' dir='ltr'><strong><em>ἐπεισπη-</em></strong></span> 
     </span>
     <span class='ocr_line' id='line_1_29' title="bbox 295 3125 2636 3221; baseline 0.003 -26"><span class='ocrx_word' id='word_1_252' title='bbox 295 3132 540 3212; x_wconf 46' lang='grc' dir='ltr'><strong><em>δῶσιη,</em></strong></span> <span class='ocrx_word' id='word_1_253' title='bbox 602 3134 705 3197; x_wconf 86' lang='grc' dir='ltr'><strong><em>καὶ</em></strong></span> <span class='ocrx_word' id='word_1_254' title='bbox 755 3130 1082 3197; x_wconf 87' lang='grc' dir='ltr'><strong><em>πλειόνων</em></strong></span> <span class='ocrx_word' id='word_1_255' title='bbox 1131 3125 1480 3218; x_wconf 80' lang='grc' dir='ltr'><strong><em>εὗκτηρίων</em></strong></span> <span class='ocrx_word' id='word_1_256' title='bbox 1527 3131 1734 3200; x_wconf 80' lang='grc' dir='ltr'><strong><em>ὄντων</em></strong></span> <span class='ocrx_word' id='word_1_257' title='bbox 1788 3134 1954 3200; x_wconf 82' lang='grc' dir='ltr'><strong><em>κατὰ</em></strong></span> <span class='ocrx_word' id='word_1_258' title='bbox 1996 3134 2235 3221; x_wconf 82' lang='grc' dir='ltr'><strong><em>ταύτην</em></strong></span> <span class='ocrx_word' id='word_1_259' title='bbox 2278 3135 2394 3220; x_wconf 82' lang='grc' dir='ltr'><strong><em>τὴν</em></strong></span> <span class='ocrx_word' id='word_1_260' title='bbox 2437 3143 2636 3219; x_wconf 81' lang='grc' dir='ltr'><strong><em>βασι-</em></strong></span> 
     </span>
     <span class='ocr_line' id='line_1_30' title="bbox 290 3231 2635 3318; baseline 0.003 -22"><span class='ocrx_word' id='word_1_261' title='bbox 290 3233 443 3298; x_wconf 86' lang='grc' dir='ltr'><strong><em>λίδα</em></strong></span> <span class='ocrx_word' id='word_1_262' title='bbox 506 3232 736 3310; x_wconf 85' lang='grc' dir='ltr'><strong><em>πόλιν,</em></strong></span> <span class='ocrx_word' id='word_1_263' title='bbox 803 3232 887 3298; x_wconf 85' lang='grc' dir='ltr'><strong><em>τὰ</em></strong></span> <span class='ocrx_word' id='word_1_264' title='bbox 945 3231 1089 3316; x_wconf 81' lang='grc' dir='ltr'><strong><em>ἱερὰ</em></strong></span> <span class='ocrx_word' id='word_1_265' title='bbox 1153 3233 1639 3318; x_wconf 85' lang='grc' dir='ltr'><strong><em>καταπράττειν</em></strong></span> <span class='ocrx_word' id='word_1_266' title='bbox 1697 3232 2032 3312; x_wconf 78' lang='grc' dir='ltr'><strong><em>ἀξιοῦντες</em></strong></span> <span class='ocrx_word' id='word_1_267' title='bbox 2093 3233 2299 3316; x_wconf 90' lang='grc' dir='ltr'><strong><em>μόνου</em></strong></span> <span class='ocrx_word' id='word_1_268' title='bbox 2364 3237 2635 3318; x_wconf 81' lang='grc' dir='ltr'><strong><em>κέρδους</em></strong></span> 
     </span>
     <span class='ocr_line' id='line_1_31' title="bbox 289 3327 2628 3424; baseline 0.003 -26"><span class='ocrx_word' id='word_1_269' title='bbox 289 3327 594 3419; x_wconf 74' lang='grc' dir='ltr'><strong><em>ἀφορμὴν</em></strong></span> <span class='ocrx_word' id='word_1_270' title='bbox 641 3335 747 3398; x_wconf 85' lang='grc' dir='ltr'><strong><em>καὶ</em></strong></span> <span class='ocrx_word' id='word_1_271' title='bbox 792 3331 1137 3416; x_wconf 82' lang='grc' dir='ltr'><strong><em>πρόφασιν</em></strong></span> <span class='ocrx_word' id='word_1_272' title='bbox 1181 3333 1297 3417; x_wconf 72' lang='grc' dir='ltr'><strong><em>τὴν</em></strong></span> <span class='ocrx_word' id='word_1_273' title='bbox 1344 3334 1438 3412; x_wconf 82' lang='grc' dir='ltr'><strong><em>εἷς</em></strong></span> <span class='ocrx_word' id='word_1_274' title='bbox 1466 3333 1542 3399; x_wconf 86' lang='grc' dir='ltr'><strong><em>τὸ</em></strong></span> <span class='ocrx_word' id='word_1_275' title='bbox 1573 3341 1768 3400; x_wconf 81' lang='grc' dir='ltr'><strong><em>θεῖον</em></strong></span> <span class='ocrx_word' id='word_1_276' title='bbox 1811 3334 2218 3416; x_wconf 90' lang='grc' dir='ltr'><strong><em>λειτουργίαν</em></strong></span> <span class='ocrx_word' id='word_1_277' title='bbox 2245 3337 2352 3400; x_wconf 86' lang='grc' dir='ltr'><strong><em>καὶ</em></strong></span> <span class='ocrx_word' id='word_1_278' title='bbox 2388 3332 2628 3424; x_wconf 77' lang='grc' dir='ltr'><strong><em>ὑπηρε-</em></strong></span> 
     </span>
     <span class='ocr_line' id='line_1_32' title="bbox 287 3432 2627 3522; baseline 0.004 -26"><span class='ocrx_word' id='word_1_279' title='bbox 287 3439 439 3496; x_wconf 91' lang='grc' dir='ltr'><strong><em>σίαν</em></strong></span> <span class='ocrx_word' id='word_1_280' title='bbox 498 3437 858 3497; x_wconf 81' lang='grc' dir='ltr'><strong><em>ποιεῖσθαι</em></strong></span> <span class='ocrx_word' id='word_1_281' title='bbox 923 3432 1408 3522; x_wconf 69' lang='grc' dir='ltr'><strong><em>σπουδάζουσι·</em></strong></span> <span class='ocrx_word' id='word_1_282' title='bbox 1476 3433 1918 3514; x_wconf 86' lang='grc' dir='ltr'><strong><em>θεσπίζομεν,</em></strong></span> <span class='ocrx_word' id='word_1_283' title='bbox 1981 3432 2065 3498; x_wconf 81' lang='grc' dir='ltr'><strong><em>τὰ</em></strong></span> <span class='ocrx_word' id='word_1_284' title='bbox 2121 3436 2337 3515; x_wconf 90' lang='grc' dir='ltr'><strong><em>καλῶς</em></strong></span> <span class='ocrx_word' id='word_1_285' title='bbox 2392 3463 2465 3504; x_wconf 89' lang='grc' dir='ltr'><strong><em>τε</em></strong></span> <span class='ocrx_word' id='word_1_286' title='bbox 2518 3441 2627 3505; x_wconf 84' lang='grc' dir='ltr'><strong><em>καὶ</em></strong></span> 
     </span>
     <span class='ocr_line' id='line_1_33' title="bbox 288 3529 2622 3622; baseline 0.004 -26"><span class='ocrx_word' id='word_1_287' title='bbox 288 3531 652 3616; x_wconf 71' lang='grc' dir='ltr'><strong><em>ἕπωφελῶς</em></strong></span> <span class='ocrx_word' id='word_1_288' title='bbox 696 3529 866 3616; x_wconf 89' lang='grc' dir='ltr'><strong><em>πρός</em></strong></span> <span class='ocrx_word' id='word_1_289' title='bbox 909 3557 981 3596; x_wconf 90' lang='grc' dir='ltr'><strong><em>τε</em></strong></span> <span class='ocrx_word' id='word_1_290' title='bbox 1022 3531 1100 3595; x_wconf 87' lang='grc' dir='ltr'><strong><em>τὸ</em></strong></span> <span class='ocrx_word' id='word_1_291' title='bbox 1144 3536 1260 3618; x_wconf 82' lang='grc' dir='ltr'><strong><em>τῆς</em></strong></span> <span class='ocrx_word' id='word_1_292' title='bbox 1304 3529 1516 3620; x_wconf 80' lang='grc' dir='ltr'><strong><em>ὀρθῆς</em></strong></span> <span class='ocrx_word' id='word_1_293' title='bbox 1559 3530 1756 3619; x_wconf 36' lang='grc' dir='ltr'><strong><em>ἡμῶν,</em></strong></span> <span class='ocrx_word' id='word_1_294' title='bbox 1787 3539 2078 3612; x_wconf 88' lang='grc' dir='ltr'><strong><em>πίστεως</em></strong></span> <span class='ocrx_word' id='word_1_295' title='bbox 2110 3541 2476 3622; x_wconf 81' lang='grc' dir='ltr'><strong><em>περιφανὲς</em></strong></span> <span class='ocrx_word' id='word_1_296' title='bbox 2517 3544 2622 3606; x_wconf 77' lang='grc' dir='ltr'><strong><em>καὶ</em></strong></span> 
     </span>
     <span class='ocr_line' id='line_1_34' title="bbox 284 3625 2627 3727; baseline 0.005 -33"><span class='ocrx_word' id='word_1_297' title='bbox 284 3629 400 3717; x_wconf 66' lang='grc' dir='ltr'><strong><em>τήν</em></strong></span> <span class='ocrx_word' id='word_1_298' title='bbox 461 3625 812 3713; x_wconf 74' lang='grc' dir='ltr'><strong><em>εὐκοσμίαν</em></strong></span> <span class='ocrx_word' id='word_1_299' title='bbox 868 3633 984 3716; x_wconf 85' lang='grc' dir='ltr'><strong><em>τῆς</em></strong></span> <span class='ocrx_word' id='word_1_300' title='bbox 1039 3631 1204 3697; x_wconf 82' lang='grc' dir='ltr'><strong><em>κατὰ</em></strong></span> <span class='ocrx_word' id='word_1_301' title='bbox 1258 3632 1373 3719; x_wconf 88' lang='grc' dir='ltr'><strong><em>τὴν</em></strong></span> <span class='ocrx_word' id='word_1_302' title='bbox 1429 3631 1880 3719; x_wconf 89' lang='grc' dir='ltr'><strong><em>μακαριότητα</em></strong></span> <span class='ocrx_word' id='word_1_303' title='bbox 1934 3633 2050 3722; x_wconf 79' lang='grc' dir='ltr'><strong><em>τὴν</em></strong></span> <span class='ocrx_word' id='word_1_304' title='bbox 2096 3635 2214 3722; x_wconf 82' lang='grc' dir='ltr'><strong><em>σὴν</em></strong></span> <span class='ocrx_word' id='word_1_305' title='bbox 2259 3635 2627 3727; x_wconf 77' lang='grc' dir='ltr'><strong><em>ἁγιωτάτης</em></strong></span> 
     </span>
     <span class='ocr_line' id='line_1_35' title="bbox 280 3731 2621 3826; baseline 0.005 -30"><span class='ocrx_word' id='word_1_306' title='bbox 280 3731 564 3819; x_wconf 88' lang='grc' dir='ltr'><strong><em>μεγάλης</em></strong></span> <span class='ocrx_word' id='word_1_307' title='bbox 609 3731 946 3817; x_wconf 75' lang='grc' dir='ltr'><strong><em>ἐκκλησίας</em></strong></span> <span class='ocrx_word' id='word_1_308' title='bbox 978 3733 1469 3815; x_wconf 81' lang='grc' dir='ltr'><strong><em>δοκιμασθέντα</em></strong></span> <span class='ocrx_word' id='word_1_309' title='bbox 1500 3760 1571 3800; x_wconf 93' lang='grc' dir='ltr'><strong><em>τε</em></strong></span> <span class='ocrx_word' id='word_1_310' title='bbox 1599 3733 1708 3799; x_wconf 82' lang='grc' dir='ltr'><strong><em>καὶ</em></strong></span> <span class='ocrx_word' id='word_1_311' title='bbox 1755 3742 2190 3821; x_wconf 80' lang='grc' dir='ltr'><strong><em>ψηφισθέντα</em></strong></span> <span class='ocrx_word' id='word_1_312' title='bbox 2234 3739 2310 3805; x_wconf 88' lang='grc' dir='ltr'><strong><em>τὸ</em></strong></span> <span class='ocrx_word' id='word_1_313' title='bbox 2349 3748 2621 3826; x_wconf 72' lang='grc' dir='ltr'><strong><em>βέβαιον</em></strong></span> 
     </span>
     <span class='ocr_line' id='line_1_36' title="bbox 282 3828 2620 3921; baseline 0.005 -25"><span class='ocrx_word' id='word_1_314' title='bbox 282 3835 389 3897; x_wconf 74' lang='grc' dir='ltr'><strong><em>καὶ</em></strong></span> <span class='ocrx_word' id='word_1_315' title='bbox 457 3828 732 3917; x_wconf 79' lang='grc' dir='ltr'><strong><em>άῤῥαγὲς</em></strong></span> <span class='ocrx_word' id='word_1_316' title='bbox 803 3831 917 3897; x_wconf 71' lang='grc' dir='ltr'><strong><em>ἐπὶ</em></strong></span> <span class='ocrx_word' id='word_1_317' title='bbox 985 3833 1239 3911; x_wconf 63' lang='grc' dir='ltr'><strong><em>πάντας</em></strong></span> <span class='ocrx_word' id='word_1_318' title='bbox 1302 3832 1457 3912; x_wconf 80' lang='grc' dir='ltr'><strong><em>τοὺς</em></strong></span> <span class='ocrx_word' id='word_1_319' title='bbox 1536 3834 1769 3921; x_wconf 79' lang='grc' dir='ltr'><strong><em>ἐφεξῆς</em></strong></span> <span class='ocrx_word' id='word_1_320' title='bbox 1829 3837 2101 3921; x_wconf 89' lang='grc' dir='ltr'><strong><em>χρόνους</em></strong></span> <span class='ocrx_word' id='word_1_321' title='bbox 2165 3844 2271 3906; x_wconf 85' lang='grc' dir='ltr'><strong><em>καὶ</em></strong></span> <span class='ocrx_word' id='word_1_322' title='bbox 2353 3841 2421 3907; x_wconf 70' lang='grc' dir='ltr'><strong><em>ἐκ</em></strong></span> <span class='ocrx_word' id='word_1_323' title='bbox 2488 3846 2620 3908; x_wconf 90' lang='grc' dir='ltr'><strong><em>τῶν</em></strong></span> 
     </span>
     <span class='ocr_line' id='line_1_37' title="bbox 282 3929 2620 4027; baseline 0.006 -32"><span class='ocrx_word' id='word_1_324' title='bbox 282 3936 638 4013; x_wconf 87' lang='grc' dir='ltr'><strong><em>παρουσῶν</em></strong></span> <span class='ocrx_word' id='word_1_325' title='bbox 682 3940 891 3999; x_wconf 86' lang='grc' dir='ltr'><strong><em>θείων</em></strong></span> <span class='ocrx_word' id='word_1_326' title='bbox 939 3929 1119 4019; x_wconf 78' lang='grc' dir='ltr'><strong><em>ήμῶν</em></strong></span> <span class='ocrx_word' id='word_1_327' title='bbox 1164 3936 1508 4017; x_wconf 78' lang='grc' dir='ltr'><strong><em>συλλαβῶν</em></strong></span> <span class='ocrx_word' id='word_1_328' title='bbox 1555 3936 1752 4019; x_wconf 71' lang='grc' dir='ltr'><strong><em>ἔχειν·</em></strong></span> <span class='ocrx_word' id='word_1_329' title='bbox 1810 3942 1913 4005; x_wconf 79' lang='grc' dir='ltr'><strong><em>καὶ</em></strong></span> <span class='ocrx_word' id='word_1_330' title='bbox 1962 3945 2120 4024; x_wconf 83' lang='grc' dir='ltr'><strong><em>πρὶν</em></strong></span> <span class='ocrx_word' id='word_1_331' title='bbox 2172 3937 2252 4008; x_wconf 70' lang='grc' dir='ltr'><strong><em>ἂν</em></strong></span> <span class='ocrx_word' id='word_1_332' title='bbox 2303 3942 2457 4020; x_wconf 85' lang='grc' dir='ltr'><strong><em>τοὺς</em></strong></span> <span class='ocrx_word' id='word_1_333' title='bbox 2498 3945 2620 4027; x_wconf 75' lang='grc' dir='ltr'><strong><em>μὲν</em></strong></span> 
     </span>
     <span class='ocr_line' id='line_1_38' title="bbox 280 4034 2618 4126; baseline 0.007 -31"><span class='ocrx_word' id='word_1_334' title='bbox 280 4038 762 4116; x_wconf 73' lang='grc' dir='ltr'><strong><em>πρεσβυτέρους</em></strong></span> <span class='ocrx_word' id='word_1_335' title='bbox 807 4034 898 4111; x_wconf 80' lang='grc' dir='ltr'><strong><em>εἷς</em></strong></span> <span class='ocrx_word' id='word_1_336' title='bbox 942 4034 1035 4113; x_wconf 81' lang='grc' dir='ltr'><strong><em>π’,</em></strong></span> <span class='ocrx_word' id='word_1_337' title='bbox 1085 4034 1426 4114; x_wconf 88' lang='grc' dir='ltr'><strong><em>διακόνους</em></strong></span> <span class='ocrx_word' id='word_1_338' title='bbox 1459 4038 1530 4103; x_wconf 82' lang='grc' dir='ltr'><strong><em>δὲ</em></strong></span> <span class='ocrx_word' id='word_1_339' title='bbox 1562 4037 1654 4115; x_wconf 82' lang='grc' dir='ltr'><strong><em>εἷς</em></strong></span> <span class='ocrx_word' id='word_1_340' title='bbox 1683 4036 1797 4123; x_wconf 88' lang='grc' dir='ltr'><strong><em>ρν’,</em></strong></span> <span class='ocrx_word' id='word_1_341' title='bbox 1848 4042 2122 4126; x_wconf 87' lang='grc' dir='ltr'><strong><em>θηλείας</em></strong></span> <span class='ocrx_word' id='word_1_342' title='bbox 2169 4043 2240 4109; x_wconf 80' lang='grc' dir='ltr'><strong><em>δὲ</em></strong></span> <span class='ocrx_word' id='word_1_343' title='bbox 2285 4045 2618 4111; x_wconf 86' lang='grc' dir='ltr'><strong><em>διακονίσ-</em></strong></span> 
     </span>
    </p>
   </div>
   <div class='ocr_carea' id='block_1_3' title="bbox 278 4264 2618 4427">
    <p class='ocr_par' dir='ltr' id='par_1_4' title="bbox 278 4264 2618 4427">
     <span class='ocr_line' id='line_1_39' title="bbox 410 4264 2618 4347; baseline 0.007 -33"><span class='ocrx_word' id='word_1_344' title='bbox 410 4264 432 4291; x_wconf 79' lang='lat'>⁹</span> <span class='ocrx_word' id='word_1_345' title='bbox 468 4268 548 4316; x_wconf 88' lang='lat' dir='ltr'><strong><em>Sic</em></strong></span> <span class='ocrx_word' id='word_1_346' title='bbox 596 4270 790 4319; x_wconf 84' lang='lat' dir='ltr'>omnino</span> <span class='ocrx_word' id='word_1_347' title='bbox 840 4272 1108 4332; x_wconf 74' lang='lat' dir='ltr'>legendum.</span> <span class='ocrx_word' id='word_1_348' title='bbox 1180 4274 1374 4325; x_wconf 78' lang='lat' dir='ltr'>Leuncl.</span> <span class='ocrx_word' id='word_1_349' title='bbox 1406 4283 1462 4325; x_wconf 71' lang='grc' dir='ltr'><strong><em>ει</em></strong></span> <span class='ocrx_word' id='word_1_350' title='bbox 1495 4276 1639 4326; x_wconf 81' lang='lat' dir='ltr'><strong>Voell.</strong></span> <span class='ocrx_word' id='word_1_351' title='bbox 1680 4268 1987 4342; x_wconf 77' lang='grc' dir='ltr'><strong><em>ἀποβαλεῖν.</em></strong></span> <span class='ocrx_word' id='word_1_352' title='bbox 2165 4278 2202 4306; x_wconf 86' lang='lat'><strong><em>¹⁰</em></strong></span> <span class='ocrx_word' id='word_1_353' title='bbox 2238 4280 2433 4335; x_wconf 77' lang='lat' dir='ltr'>Leuncl.</span> <span class='ocrx_word' id='word_1_354' title='bbox 2467 4294 2618 4347; x_wconf 83' lang='grc' dir='ltr'><strong><em>περι·</em></strong></span> 
     </span>
     <span class='ocr_line' id='line_1_40' title="bbox 278 4345 2435 4427; baseline 0.004 -26"><span class='ocrx_word' id='word_1_355' title='bbox 278 4345 531 4403; x_wconf 69' lang='grc' dir='ltr'><strong><em>στάντας.</em></strong></span> <span class='ocrx_word' id='word_1_356' title='bbox 677 4350 706 4376; x_wconf 86' lang='grc'>”</span> <span class='ocrx_word' id='word_1_357' title='bbox 746 4356 889 4406; x_wconf 79' lang='lat' dir='ltr'>voell.</span> <span class='ocrx_word' id='word_1_358' title='bbox 927 4351 987 4405; x_wconf 71' lang='grc' dir='ltr'><strong><em>ἐν</em></strong></span> <span class='ocrx_word' id='word_1_359' title='bbox 1025 4357 1138 4410; x_wconf 78' lang='grc' dir='ltr'><strong><em>τοῖς</em></strong></span> <span class='ocrx_word' id='word_1_360' title='bbox 1174 4353 1443 4412; x_wconf 74' lang='grc' dir='ltr'><strong><em>τοιούτοις</em></strong></span> <span class='ocrx_word' id='word_1_361' title='bbox 1480 4352 1772 4427; x_wconf 83' lang='grc' dir='ltr'><strong><em>τάγμασιν.</em></strong></span> <span class='ocrx_word' id='word_1_362' title='bbox 1920 4361 1956 4388; x_wconf 82' lang='lat'><strong><em>&#39;²</em></strong></span> <span class='ocrx_word' id='word_1_363' title='bbox 1992 4364 2184 4414; x_wconf 84' lang='lat' dir='ltr'>Leuucl.</span> <span class='ocrx_word' id='word_1_364' title='bbox 2222 4356 2435 4424; x_wconf 76' lang='grc' dir='ltr'><strong><em>ἐπιπηδ.</em></strong></span> 
     </span>
    </p>
   </div>
  </div>
 </body>
</html>
