2900 4950
1164 264 1280 328 hnp.
1316 265 1544 314 Heraclii.
2430 258 2513 318 45

178 418 424 491 θεσίας
467 410 894 497 ποιήσασθαι
938 413 1046 477 καὶ
1079 411 1261 498 δίκην
1294 408 1596 495 άπαρχῆς
1625 418 2070 498 προσαγαγεῖν
2096 418 2190 500 τῷ
2223 417 2508 506 δεσπότῃ

176 518 286 580 καὶ
336 517 580 600 σωτῆρι
625 516 756 579 τῶν
803 509 973 579 ὅλων
1018 515 1181 597 θεῷ.
1273 513 1583 578 πλεῖστοι
1624 511 1747 597 γὰρ
1790 519 1925 579 τῶν
1969 513 2035 579 έν
2080 519 2172 601 τῷ
2204 520 2517 604 θεοφιλεῖ

174 613 395 701 κλήρῳ
439 614 677 701 ταύτης
718 610 899 701 ἡμῶν
942 616 1058 698 τῆς
1100 612 1562 700 θεοφυλάκτου
1591 617 1700 680 καὶ
1740 616 2088 700 βασιλίδος
2118 616 2379 696 πόλεως
2407 619 2517 685 καὶ
2593 698 2598 705 ·

173 719 312 780 τῶν
358 714 425 781 ἐν
470 726 610 794 τοῖς
656 711 916 800 εύαγέσι
959 722 1425 801 μοναστηρίοις
1469 714 1584 802 τὴν
1629 713 1904 802 ἄσκησιν
1934 725 2370 802 ποιουμένων,
2420 719 2518 786 ἔτι

176 817 249 882 δὲ
296 819 401 883 καὶ
451 816 792 903 διαφόρων
836 814 1099 881 πόλεων
1131 811 1485 882 ὁσιώτατοι
1525 817 1861 903 πρόεδροι,
1910 813 2208 903 εὐλαβεῖς
2251 846 2322 886 τε
2364 822 2516 907 κλη-

172 922 349 1002 ρικοὶ
393 918 502 984 καὶ
545 918 819 1000 μοναχοὶ
878 911 1012 981 κατ’
1062 911 1259 1004 αὑτὴν
1317 917 1770 1004 ἐνδημοῦντες,
1831 923 2325 1004 προσελθόντες
2381 921 2515 988 ἐδί-

174 1019 382 1098 δαξαν
444 1014 647 1105 ἡμᾶς,
715 1014 900 1093 τινὰς
960 1020 1091 1082 τῶν
1143 1013 1471 1103 ἡμετέρων
1528 1014 1811 1103 εὐσεβῶν
1865 1023 2514 1109 κατολιγωρήσαντας

171 1120 418 1203 νόμων,
464 1114 506 1205 ἢ
538 1117 709 1201 πρὸς
740 1111 971 1201 αὑτὴν*
1014 1114 1433 1196 ὑπευθύνους
1464 1114 1702 1196 αὖτοὺς
1733 1121 1992 1201 ἔχοντας
2031 1121 2147 1207 τὴν
2189 1120 2510 1209 ἀλήθειαν

170 1215 213 1306 ἢ
260 1217 663 1303 παραλόγως
708 1216 1082 1302 ἐργολαβεῖν
1126 1225 1607 1302 πειρωμένους,
1654 1221 2025 1298 πολιτικοῖς
2068 1231 2429 1306 προχείρως
2470 1224 2514 1311 ἢ

168 1327 283 1387 καὶ
335 1328 833 1401 στρατιωτικοῖς
876 1317 1327 1403 παραβάλλειν
1372 1320 1833 1406 δικαστηρίοις,
1883 1322 2399 1404 παρασκευάζειν
2442 1351 2515 1391 τε

163 1415 334 1505 μεθ’
387 1416 561 1484 ὅσων
605 1414 960 1503 ἀγομένους
1012 1422 1146 1484 τῶν
1206 1415 1456 1504 ῦβρεων
1513 1431 1837 1507 φρουραῖς
1893 1415 2360 1490 ἀποτίθεσθαι
2405 1427 2514 1491 καὶ

164 1521 296 1600 τὰς
341 1515 567 1597 αὐτοῖς
611 1520 928 1598 δοκούσας
972 1520 1136 1599 ἴσως
1178 1516 1442 1603 ὑπέχειν
1489 1522 1761 1600 ποινάς·
1807 1517 1848 1608 ἢ
1883 1518 1992 1589 ὅτε
2022 1524 2512 1610 φιλανθρωπό-

167 1647 335 1706 τερα
375 1624 528 1705 περὶ
576 1616 812 1699 αὐτοὺς
855 1621 1280 1688 διανοεῖσθαι
1323 1622 1762 1706 δοκιμάσοιεν,
1810 1624 2245 1709 προσεδρείας
2291 1627 2509 1695 ἱκανο-

171 1725 409 1789 δοσίαν
468 1722 982 1809 εἰσπράττοντας
1036 1726 1143 1789 καὶ
1201 1726 1550 1802 πλείσταις
1605 1724 1863 1810 ζημίαις
1907 1720 2144 1804 αὐτοὺς
2188 1728 2509 1813 περιβάλ-

170 1826 443 1901 λοντας·
499 1826 630 1889 τῶν
675 1818 829 1908 παρ’
880 1819 980 1902 οἷς
1023 1823 1090 1890 ἐν
1136 1818 1447 1903 εὐθύναις
1489 1831 1959 1903 καθίστανται,
2013 1828 2280 1911 κέρδους
2319 1829 2508 1913 χάριν

160 1920 213 2013 ἢ
240 1930 718 2009 προσπαθείας
740 1929 873 1989 τῶν
903 1924 1361 2010 ἐγχειρούντων
1392 1921 1620 2003 αὐτοῖς
1650 1925 2051 2012 ἐπηρεάζειν,
2099 1934 2510 2011 προϊεμένων

168 2026 252 2094 τὸ
296 2029 569 2093 δίκαιον.
657 2028 763 2092 καὶ
810 2029 1018 2091 ταῦτα
1048 2025 1469 2104 διδάσκοντες
1512 2025 1771 2092 ἐδέοντο
1804 2025 1888 2091 τὰ
1916 2021 2051 2092 κατ’
2088 2023 2304 2093 αὐτῶν
2335 2025 2510 2095 οὕτω

168 2129 775 2213 πλημμελουμένων
804 2130 920 2213 τῆς
960 2126 1419 2213 προσηκούσης
1447 2129 1556 2193 καὶ
1587 2133 2078 2213 παρισταμένης
2107 2124 2263 2213 ἡμῖν
2293 2140 2510 2211 τυχεῖν

169 2227 620 2312 διορθώσεως.
1499 2213 1510 2225 ”

342 2329 423 2395 α’.
508 2325 733 2412 Ἡμεῖς
775 2333 995 2396 τοίνυν
1037 2328 1116 2394 τὸ
1160 2334 1422 2413 πρέπον
1467 2322 1584 2394 κᾶν
1614 2327 1826 2415 τούτῳ
1856 2331 1935 2415 τῇ
1968 2331 2049 2415 σῇ
2077 2328 2511 2414 μακαριότητι

164 2437 363 2518 γέρας
407 2424 878 2514 ἀπονέμοντες,
943 2429 1369 2516 λογισάμενοί
1420 2456 1493 2497 τε
1548 2430 1664 2517 τὴν
1708 2426 1843 2497 ὑπὸ
1889 2428 2158 2498 πάντων
2205 2429 2509 2512 ἕκείνοιςὸ

166 2534 441 2610 δικαίως
486 2528 916 2618 ὀφειλομένην
961 2532 1159 2612 αἰδιὺ,
1217 2535 1324 2599 καὶ
1379 2536 1513 2599 τῶν
1558 2528 1660 2599 ἐπ’
1711 2526 1937 2611 αὑτοῖς
1983 2532 2196 2599 πάλαι
2237 2557 2502 2617 νενομο-

162 2640 548 2720 θετημένων
604 2632 689 2699 τὰ
741 2634 860 2716 μὲν
920 2633 1036 2699 ἐπὶ
1089 2633 1327 2701 τούτου
1371 2634 1875 2713 καταλιπόντες,
1935 2634 2020 2701 τὰ
2074 2636 2147 2700 δὲ
2203 2632 2376 2718 πρὸς
2429 2632 2507 2699 τὸ

162 2735 483 2813 καλλίως*
539 2735 704 2816 ἔχειν
758 2730 915 2819 ἡμῖν
972 2735 1492 2819 δεδοκιμασμένα
1547 2743 2189 2821 μεταρυθμίσαντες,
2255 2741 2507 2802 θεσπί-

163 2836 379 2921 ζομεν,
425 2835 578 2912 τοὺς
620 2837 740 2917 μὲν
787 2835 854 2900 ἐν
896 2834 1110 2922 κλήρῳ
1152 2839 1707 2920 καταλεγομένους
1745 2840 1860 2921 τῆς
1889 2835 2353 2923 θεοφυλάκτου
2397 2840 2504 2904 καὶ

156 2936 515 3022 βασιλίδος
576 2930 761 3018 ἡμῶν
822 2934 1081 3012 πόλεως
1144 2940 1251 3002 καὶ
1317 2937 1472 3013 τοὺς
1538 2937 1604 3003 ἐν
1668 2931 1832 3021 αὐτῇ
1882 2936 1996 3001 τὸν
2054 2938 2300 3024 μονήρη
2357 2944 2505 3022 βίον

161 3032 738 3118 ἆναδεδεγμένους,
784 3023 979 3115 ἦττον
1025 3033 1095 3097 δὲ
1129 3028 1317 3099 οὐδὲν
1344 3039 1452 3099 καὶ
1486 3035 1640 3112 τοὺς
1668 3030 1801 3100 κατ’
1840 3030 2038 3121 αὐτὴν
2071 3037 2506 3124 ἐνδημοῦντας

164 3134 577 3212 ὁσιωτάτους
634 3135 1031 3218 προέδρους,
1093 3131 1186 3197 ἔτι
1244 3158 1316 3217 γε
1369 3134 1497 3221 μὴν
1557 3130 1852 3219 εὐλαβεῖς
1906 3136 2245 3220 κληρικούς
2284 3162 2356 3205 τε
2397 3141 2508 3205 καὶ

160 3235 487 3323 μοναχοῦς
528 3237 662 3300 τῶν
708 3234 1040 3319 ἐπαρχιῶν
1085 3236 1190 3300 καὶ
1237 3232 1519 3313 πόλεων,
1568 3224 1658 3301 ὧν
1706 3236 1774 3301 αἱ
1818 3235 2172 3321 διοικήσεις
2215 3232 2350 3301 ὑπὸ
2393 3237 2507 3304 τὸν

164 3334 613 3425 άρχιερατικὸν
655 3340 773 3424 τῆς
816 3340 935 3425 σῆς
976 3335 1460 3422 μακαριότητος
1502 3334 1752 3422 θρόνον
1779 3337 2063 3416 τελοῦσι,
2105 3337 2508 3421 χρηματικὰς

164 3434 321 3523 παρ’
370 3434 752 3504 οὑτινοσοῦν
782 3442 915 3504 τῶν
945 3438 1213 3506 πάντων
1258 3434 1748 3525 ὑφισταμένους
1790 3437 2078 3524 κινήσεις
2119 3438 2308 3523 παρὰ
2334 3439 2504 3527 μόνῃ

161 3544 240 3628 τῇ
287 3543 370 3628 σῇ
411 3539 843 3626 μακαριότητι
889 3543 994 3605 καὶ
1040 3551 1184 3618 τοῖς
1221 3539 1333 3606 ἐπὶ
1378 3541 1628 3627 τούτῳ7
1671 3535 1829 3625 παρ’
1864 3537 2065 3628 αὑτῆς
2097 3536 2503 3626 ὁριζομένοις

162 3643 293 3721 τὰς,
337 3637 700 3726 ἀπολογίας
758 3647 1152 3720 ποιεῖσθαι,
1210 3636 1363 3707 καθ’
1414 3631 1504 3708 ὧν
1551 3643 1852 3729 ἔκκλητος
1893 3644 2505 3728 παρακολουθοῦσα

163 3744 333 3830 πρὸς
376 3741 492 3828 τὴν
538 3742 655 3829 σὴν
688 3736 1164 3826 άναδραμεῖται
1196 3743 1680 3830 μακαριότητα’
1726 3743 1890 3830 μήτε
1919 3747 2051 3809 τῶν
2083 3740 2503 3821 ὑπευθύνους

166 3841 402 3923 αὐτοὺς
447 3845 613 3927 ἔχειν
659 3843 978 3927 οἰομένων
1023 3842 1420 3927 τολμώντων
1465 3839 1703 3920 αὐτοὺς
1734 3845 1827 3921 εἷς
1857 3844 2202 3909 πολιτικὸν
2235 3838 2273 3928 ἢ
2304 3865 2503 3928 στρα-

163 3944 467 4012 τιωτικὸν
539 3943 956 4031 δικαστήριον
1030 3945 1268 4023 ἕλκειν,
1335 3943 1498 4028 μήτε
1554 3942 1681 4029 μὴν
1748 3947 1880 4010 τῶν
1950 3954 2098 4021 ταῖς
2162 3943 2502 4024 τοιαύταις

166 4042 395 4132 ἆρχαῖς
453 4044 842 4132 ἐφεστώτων
856 4095 874 4124 ,
947 4046 1011 4112 εἴ
1062 4071 1247 4123 τινας
1308 4045 1622 4121 τοιαύτας
1677 4042 1929 4126 τύχοιεν
1987 4049 2502 4131 προσαγγελίας“

296 4281 317 4310 ⁴
353 4282 500 4335 ΥοεΙΙ.
536 4277 611 4349 μὴ
649 4278 790 4349 πρὸς
823 4276 996 4342 αὐτὴν
1030 4275 1061 4343 ἢ
1100 4277 1187 4332 ὑπ.
1394 4282 1412 4309 ⁵
1451 4283 1596 4333 voell.
1631 4277 1866 4332 ἐκείνων.
2066 4283 2087 4311 ⁶
2124 4287 2268 4337 Voell,
2304 4282 2490 4341 καλῶς.

160 4366 179 4394 “’
214 4368 359 4419 Voell.
399 4361 623 4417 τούτων.
766 4365 787 4394 ⁸
824 4367 1019 4418 Leunel.
1055 4367 1103 4417 in
1140 4369 1383 4430 margine:
1422 4363 1807 4433 παραγγελίας.
