2900 4950
1023 233 1148 310 ἰωμ.
1183 246 1428 297 michaeus
1466 216 1755 309 Palaeologiss
2428 235 2555 300 585

214 397 536 477 μαχοῦσιν
575 391 728 461 οὔτε
768 397 848 481 τῇ
890 396 1201 481 βασιλείᾳ
1241 417 1370 476 μου
1415 389 1879 473 ἆντιδωοῦσιν,
1925 394 2038 460 ἵνα
2081 396 2555 482 φυλάσσωνται

215 498 322 561 καὶ
369 490 556 562 αὐτοὶ
599 498 706 563 καὶ
752 494 834 561 τὸ
875 499 1150 580 πρᾶγμα
1181 491 1397 561 αὐτῶν
1427 494 1616 579 παρὰ
1656 498 1775 561 τοῦ
1804 500 2045 579 μέρους
2071 498 2188 583 τῆς
2213 500 2556 620 βασιλείας

214 621 364 679 μου,
411 594 502 676 ὥς
544 596 654 663 καὶ
699 597 765 662 οἱ
810 597 1040 663 λοιποὶ
1082 601 1528 716 fieve‘t-tzm·
1575 596 1633 663 εἰ
1679 597 1751 663 δὲ
1794 579 2327 684 ἆντιδικήσουσιν
2371 587 2557 666 οὗτοι

215 698 382 781 μετὰ
422 702 557 764 τῶν
602 698 810 765 ἐκεῖσε
855 687 1207 765 λατίνων
1249 701 1343 783 τῷ
1386 703 1575 781 μέρει
1601 701 1720 785 τῆς
1759 699 2105 782 βασιλείας
2143 721 2274 781 μου
2304 698 2399 777 εἰς
2441 698 2556 766 τὸν

214 799 384 866 κατὰ
423 801 556 864 τῶν
602 794 1120 883 εὖριπιωτῶν
1163 799 1596 884 γενησόμενον
1632 799 2013 881 πόλεμον,
1997 799 2105 866 ι’να
2148 825 2252 865 και
2301 800 2397 878 εἷς
2440 795 2557 866 αὗ·-

217 899 374 979 τοὺς
415 901 526 966 καὶ
570 900 664 978 εἷς
705 899 783 965 τὸ
827 903 1101 986 πρᾶγμα
1144 896 1362 966 αὐτῶν
1404 904 1571 987 ποιῇ
1602 897 1641 986 ἥ
1670 902 1980 984 βασιλεία
2005 925 2154 982 μου,
2202 897 2371 986 ὅπερ
2398 901 2558 986 βού-

217 1003 422 1069 λεται.
513 996 769 1088 ἆφότου
827 1003 900 1068 δὲ
953 1007 1243 1088 βοηθείᾳ
1297 1005 1468 1069 θεοῦ
1528 1001 1927 1089 ἐπιλάβηται
1978 997 2018 1088 ἡ
2074 1003 2383 1088 βασιλεία
2425 1026 2556 1085 μου

215 1106 333 1169 τοῦ
380 1098 757 1188 εὗρίπου,
803 1103 918 1169 τὸν
961 1101 1192 1182 τόπον,
1241 1101 1316 1169 ὃν
1348 1098 1783 1187 εὖρίσκεταιῆ
1826 1109 2161 1188 βενετία
2206 1105 2443 1186 ἔχουσα
2487 1105 2556 1172 ἐν

217 1199 400 1291 αὐτῷ
437 1204 606 1272 κατὰ
648 1203 768 1291 τὴν
811 1202 1124 1290 σήμερον,
1188 1205 1301 1271 ἵνα
1356 1204 1559 1271 δώσει
1611 1208 1848 1271 τοῦτον
1902 1202 2109 1270 πάλιν
2168 1199 2203 1291 ἦ
2247 1206 2557 1289 βασιλεία

215 1329 344 1389 μου
389 1306 561 1390 πρὸς
601 1305 718 1371 τὸν
763 1300 1218 1390 εὐγενέστατον
1250 1306 1453 1372 δοῢκα
1494 1312 1882 1390 βενετίας
1921 1304 2139 1372 καὶτὸ
2169 1306 2555 1390 κουμοόνιον

218 1401 456 1493 αὐτῆς·
500 1409 606 1473 καὶ
653 1406 850 1490 ἔχωσι
892 1407 1099 1474 πάλιν
1141 1410 1395 1486 τοῦτον,
1440 1406 1674 1487 καθώς
1716 1407 1938 1490 ἔχουσι
1982 1405 2284 1494 σήμερον.

382 1504 715 1586 Ὡσαύτως
757 1509 867 1574 ἵνα
913 1509 1114 1575 δώσει
1157 1506 1385 1588 αὐτοῖς
1423 1504 1464 1594 ἦ
1494 1507 1803 1595 βασιλεία
1830 1532 1959 1593 μου
1990 1511 2097 1574 καὶ
2128 1509 2224 1587 εἰς
2251 1508 2329 1575 τὸ
2356 1513 2557 1593 μέρος

215 1612 334 1695 τῆς
378 1611 993 1697 θεσσαλονίκης
1035 1608 1189 1677 ἄνευ
1232 1614 1349 1676 τοῦ
1381 1609 1665 1694 κάστρου
1710 1609 1879 1676 ἔνθα
1908 1612 2190 1676 θέλουσι
2216 1609 2431 1676 τόπον
2464 1609 2557 1689 εἷς

213 1710 554 1795 κάθισμα·
622 1712 718 1791 εἰς
771 1711 852 1778 τὸ
906 1719 1105 1797 μέρος
1156 1715 1274 1777 τοῦ
1329 1713 1678 1796 βολεροῦ
1736 1713 1842 1777 καὶ
1888 1715 2004 1799 τῆς
2047 1712 2316 1792 α’ίνου,
2388 1712 2558 1779 ἔνθα

218 1809 742 1879 ἆναπαυθῶσιν·
802 1809 944 1879 ἀπὸ
999 1816 1133 1878 τοῦ
1176 1815 1465 1878 στενοῦ
1513 1813 1609 1890 εἰς
1648 1812 1727 1878 τὸ
1770 1818 1969 1897 μέρος
2010 1816 2128 1899 τῆς
2171 1812 2419 1890 δόσεως
2463 1812 2559 1894 εἷς

213 1913 338 1982 ’δύο
380 1913 633 1992 τόπους
677 1913 845 1980 ἔνθα
890 1909 969 1980 ἂν
1015 1910 1419 1998 ὃρεχθῶσιν·
1478 1913 1573 1991 εἰς
1614 1913 1730 1998 τὴν
1773 1912 2550 1979 κωνσταντινούπο-

216 2015 349 2081 λιν
396 2015 491 2093 εἷς
536 2010 679 2081 οἷον
720 2013 934 2080 τόπον
977 2015 1413 2101 θελήσουσιν,
1473 2009 1612 2080 ἀπὸ
1655 2017 1773 2101 τῆς
1815 2015 2113 2093 παλαιᾶς
2156 2014 2557 2101 ἒξαρτήσεως

216 2122 407 2200 μέχρι
448 2118 554 2182 καὶ
601 2119 734 2182 τῶν
778 2119 1059 2202 πηγῶν
1103 2115 1187 2187 (εἰ
1231 2109 1296 2180 δ’
1345 2115 1513 2193 ἰ’σως
1554 2116 1724 2181 ποτὲ
1766 2118 1898 2181 τῶν
1925 2118 2173 2199 καιρῶν
2201 2114 2477 2201 θελήσει
2516 2111 2555 2201 ἡ

214 2218 524 2302 βασιλεία
565 2241 694 2301 μου
725 2219 956 2283 δοῦναι
983 2215 1195 2282 τόπον
1226 2215 1410 2295 ἐντὸς
1451 2220 1570 2304 τῆς
1608 2217 2559 2296 κωνσταντινουπόλεως

219 2313 264 2406 ἢ
306 2322 423 2405 τῆς
465 2320 1075 2402 θεσσαλονίκης
1116 2322 1244 2384 τινὶ
1290 2322 1422 2384 τῶν
1472 2319 1918 2385 λατινικῶν
1962 2324 2400 2401 κουμουνίων,
2446 2318 2559 2384 ἵνα

213 2419 372 2488 τότε
412 2423 820 2509 προτιμῆται
862 2416 902 2509 ἦ
946 2421 1255 2506 βασιλεία
1294 2444 1425 2504 μου
1468 2420 1626 2500 τοὺς
1665 2426 2169 2506 βενετίκους,
2238 2423 2345 2488 καὶ
2392 2421 2557 2506 διδῷ

216 2519 448 2602 αὐτοῖς
489 2522 704 2589 τόπον
748 2522 843 2600 εἰς
883 2521 968 2589 τὰ
1009 2527 1287 2589 τοιαῦτα
1340 2522 1650 2606 κάστρα)·
1716 2523 1810 2602 εἷς
1860 2521 1978 2610 τὴν
2032 2522 2343 2610 μαύρην
2396 2522 2559 2589 θά-

214 2626 534 2692 λασσαν
567 2620 740 2691 ὅπου
771 2619 853 2690 ἂν
883 2619 1264 2709 ἆρεσθῶσι·
1297 2625 1391 2703 εἷς
1418 2623 1498 2690 τὸ
1526 2620 1914 2709 ὖρτάκιον
1941 2625 2053 2691 ἵνα
2083 2623 2282 2707 ἔχωσι
2310 2623 2556 2691 τόπον·

218 2726 316 2805 εἷς
343 2726 422 2791 τὸ
466 2721 612 2809 ἆτρ
628 2752 672 2791 α
683 2725 976 2808 μύτιον
1020 2725 1106 2792 τὰ
1136 2721 1428 2812 ὀσπήτια
1456 2726 1569 2792 καὶ
1596 2726 1674 2793 τὸ
1705 2725 1980 2810 λουτρὸν
2007 2725 2091 2792 τὰ
2123 2723 2283 2793 ὄντα
2313 2726 2525 2794 ἐκεῖσε
2538 2746 2555 2763 “·

218 2827 316 2905 εἷς
339 2826 463 2912 τὴν
505 2824 599 2892 ἄν
618 2850 808 2890 αιαν
848 2825 1063 2892 τόπον
1091 2827 1203 2893 ἵνα
1233 2826 1654 2911 εἶσέρχωνται
1679 2829 1788 2893 καὶ
1825 2827 2212 2913 ἔξέρχωνται
2240 2827 2308 2894 ἐν
2339 2823 2555 2914 αὐτῷ’

215 2925 536 3004 ὡσαύτως
574 2927 683 2992 καὶ
729 2926 824 3004 εἰς
866 2926 983 3014 τὴν
1028 2925 1406 3014 σμύρνην.

374 3025 510 3094 Ἳνα
567 3022 910 3114 ἆποδιώξῃ
965 3025 1004 3115 ἦ
1061 3029 1368 3113 βασιλεία
1423 3051 1553 3111 μου
1605 3024 1744 3093 ἀπὸ
1788 3030 1904 3115 τῆς
1941 3026 2162 3112 χώρας
2206 3022 2407 3115 αὐτῆς
2449 3030 2556 3095 καὶ

216 3129 376 3208 τοὺς
430 3127 713 3212 ἐχθροὺς
768 3123 984 3195 αὐτῶν
1038 3131 1193 3209 τοὺς
1246 3135 1677 3215 γενουίτας
1728 3131 1834 3194 καὶ
1897 3125 1974 3194 οὐ
2030 3128 2160 3215 μὴν
2202 3129 2556 3216 παραλάβῃ

220 3228 479 3311 αὐτούς.
570 3229 684 3297 ἐὰν
727 3231 802 3297 δέ
843 3253 1013 3297 ποτε
1054 3234 1188 3297 τῶν
1231 3233 1476 3315 καιρῶν
1506 3231 1982 3314 προσέλθωσιν
2028 3230 2091 3296 οἱ
2136 3240 2562 3315 γενουῒται

220 3339 304 3423 τῇ
347 3334 658 3421 βασιλείᾳ
699 3357 829 3417 μου
871 3335 978 3399 καὶ
1024 3333 1651 3418 παρακλητεύσωσιν
1694 3326 1914 3419 αὐτὴν,
1981 3331 2092 3398 ἵνα
2136 3332 2401 3417 δέξηται
2442 3325 2561 3396 αὗ-

220 3435 378 3517 τοὺς
424 3436 518 3514 εἷς
561 3430 843 3522 ἀγάπην,
891 3433 1109 3513 ἄλλως
1153 3430 1229 3500 οὐ
1272 3434 1401 3522 μὴν
1442 3433 1694 3521 ποιήσῃ
1738 3432 1978 3520 ταύτην
2012 3430 2052 3520 ἡ
2082 3434 2392 3517 βασιλεία
2429 3456 2560 3517 μου

139 3544 154 3573 “
218 3535 356 3625 μετ’
406 3533 654 3617 αὐτῶν,
725 3537 784 3604 εἰ
840 3536 929 3624 μὴ
985 3536 1154 3621 μετὰ
1214 3537 1527 3624 εἰδήσεως
1580 3539 1698 3602 τοῦ
1745 3536 1976 3614 δουκὸς
2017 3538 2397 3619 βενετίας
2449 3536 2559 3601 καὶ

218 3646 339 3708 τοῦ
384 3635 795 3724 κουμουνίου,
841 3639 1217 3722 σωζομένου
1260 3642 1378 3704 τοῦ
1422 3638 1759 3723 παρόντος
1801 3633 2245 3722 ὁρκωμοτικοῦ
2280 3639 2399 3723 τῆς
2438 3643 2561 3720 βα-

224 3744 482 3821 σιλείας
524 3766 653 3825 μου
697 3739 871 3825 πρὸς
924 3739 1041 3827 τὴν
1086 3747 1481 3827 βενετίαν.
1573 3735 1709 3807 ἄλλ’
1760 3735 1913 3806 οὐδὲ
1968 3735 2006 3827 ἡ
2063 3746 2397 3824 βενετία
2449 3738 2562 3803 ἵνα

219 3846 676 3930 παραδέξηται
707 3837 962 3932 ,αὐτοὺς
1003 3842 1098 3920 εἰς
1142 3836 1406 3928 ἀγάπην
1463 3839 1616 3908 ἄνευ
1675 3840 1987 3926 εἰδήσεως
2040 3845 2156 3929 τῆς
2219 3839 2564 3925 βασιλείας

218 3969 382 4030 μου,
441 3945 815 4029 σωζομένου
858 3945 976 4009 τοῦ
1021 3942 1194 4027 πρὸς
1234 3942 1353 4029 τὴν
1395 3940 1740 4028 βασιλείαν
1781 3967 1911 4026 μου
1958 3939 2403 4028 ὁρκωμοτικοῦ
2446 3943 2563 4027 τῆς

218 4054 492 4133 βενετί
506 4073 612 4126 ας
704 4044 817 4113 ἐὰν
864 4046 936 4112 δὲ
982 4044 1049 4111 οἱ
1091 4048 1386 4111 τοιοῦτοι
1433 4044 1664 4129 ἐχθροὶ
1709 4039 1925 4110 αὐτῶν
1956 4041 2404 4129 ἆρματώσωσι
2444 4042 2562 4109 κά-

219 4172 420 4234 τεργα
461 4149 580 4215 ἐπὶ
619 4151 713 4235 τῷ
759 4147 987 4216 ἐλθεῖν
1031 4144 1199 4213 κατὰ
1239 4149 1357 4233 τῆς
1396 4146 1616 4233 χώρας
1667 4149 1783 4232 τῆς
1836 4147 2179 4231 βασιλείας
2230 4169 2394 4228 μου,
2451 4145 2564 4212 ἵνα

223 4245 673 4335 αρματώσωσι
713 4253 822 4317 καὶ
878 4238 1064 4316 οὗτοι
1119 4247 1400 4370 κάτεργα
1451 4247 1562 4314 καὶ
1619 4248 1936 4332 ἕρχωνται
1979 4246 2149 4332 πρὸς
2192 4241 2564 4332 ἀντιπαρά-

220 4352 412 4431 ταξιν.
455 4344 670 4417 αὐτῶν
710 4356 818 4418 καὶ
862 4351 1216 4438 βοήθειαν
1231 4354 1347 4439 τῆς
1386 4349 1606 4436 χώρας
1652 4353 1774 4437 τῆς
1812 4349 2157 4435 βασιλείας
2197 4372 2346 4432 μου,
2392 4345 2565 4432 πρὸς
