2900 4950
1241 151 1357 214 Imp.
1397 152 1585 201 Leonis,
2330 188 2341 201 2
2458 144 2576 205 199

413 293 648 380 Ὁρίζει
692 285 808 361 οὖν
851 294 928 360 τὸ
972 291 1285 381 ἡμέτερον
1327 296 1565 380 κράτος
1606 299 1772 363 κατὰ
1814 301 1891 379 τρ
1937 301 2146 386 δόγμα
2189 306 2319 368 τῶν
2364 305 2575 371 πάλαι

236 395 828 482 νομοθετησάντων
870 395 987 461 τὸν
1030 394 1241 461 τύπον
1283 403 1642 483 τηρεῖσθαι
1684 402 1816 464 τῶν
1863 395 2102 485 ὅρκων,
2147 404 2254 467 καὶ
2298 404 2412 468 τὸν
2458 405 2573 470 λα-

234 505 378 581 βεῖν
423 496 803 584 ὡρμημένον
849 495 1034 579 παρὰ
1076 499 1195 561 τοῦ
1243 497 1887 585 διαμφισβητοῦντος
1933 496 2160 585 ὅρκονΩ
2192 508 2430 587 μέρους
2460 500 2575 570 αὗ-

217 598 350 663 ’τὸν
394 598 719 684 πρότερον
764 595 800 662 ὃ
848 598 1026 683 ζητεῖ
1055 608 1421 680 παρασχεῖν
1440 592 1481 631 ³⁰
1507 601 1640 664 τῶν
1671 599 1929 666 οἰκείων
1957 601 2227 686 τρόπεον
2260 603 2571 689 ἐχέγγυον,

238 694 328 777 ῶς
372 693 447 763 οὗ
478 692 1144 798 κακομηχάνως,οάλλ’
1180 692 1549 783 ἀναγκαίως
1576 706 1682 766 καὶ
1717 700 1835 768 σὺν
1868 698 2360 791 άπροφασίστῳ
2388 713 2575 793 χρείᾳ

234 799 406 883 πρὸς
448 799 565 887 τὴν
607 800 915 883 τοιαύτην
959 799 1164 884 ἦλθεν
1210 793 1589 886 ἀπαίτησιν.
1683 797 1870 885 οἶμαι
1912 802 2054 889 γὰρ,
2105 802 2315 884 οὕτως
2352 802 2573 893 ἄμφο-

232 906 439 986 τέρων
496 899 667 985 πρὸς
717 899 798 965 τὸ
844 899 1210 982 ἐπομνῦναι
1251 907 1759 984 καθισταμένων
1802 898 1843 990 ἢ
1887 904 2156 982 πάντως
2199 908 2575 994 λαμπροτέ-

232 1026 355 1086 ραν
402 1000 516 1066 ἐπὶ
558 1004 690 1066 τῶν
738 997 946 1083 ὅρκων
991 1007 1296 1085 προϊέναι
1340 1003 1457 1088 τὴν
1502 999 1846 1090 ἀλήθειαν,
1891 998 1933 1090 ἢ
1976 1004 2236 1085 τούτοις
2282 1005 2574 1075 ὑποστο-

234 1100 354 1186 λήν
397 1124 548 1167 τινα
591 1100 934 1179 δέξασθαι,
981 1104 1088 1166 καὶ
1135 1097 1249 1183 οὐχ
1296 1098 1507 1179 οὕτως
1549 1110 1917 1188 προχείρως
1946 1107 2051 1171 καὶ
2082 1107 2249 1188 μετὰ
2279 1109 2573 1194 προόδου

235 1201 674 1286 ἑτοιμοτέρας,
724 1199 950 1285 ὥσπερ
996 1205 1107 1268 νῦν
1151 1203 1500 1289 προϊόντες
1546 1200 1848 1289 ὁρῶνται,
1896 1205 2339 1291 προάγεσθαι.

1103 1418 1308 1425 ,μ--Ὗ-,φ
1365 1420 1380 1423 -
1419 1418 1709 1426 .—--——--———-

1265 1609 1432 1670 NOV.
1484 1613 1544 1670 G.

539 1725 619 1785 De
639 1711 866 1797 Ἑεννίε,
912 1726 1010 1804 qui
1057 1726 1255 1786 liberis
1299 1727 1360 1787 in
1407 1728 1840 1788 matrimonium
1882 1729 2262 1808 junguntur'.

1077 1896 1584 1971 ΔΙΑΤΑΞΙΣ
1630 1891 1716 1988 ρ’.

271 2030 455 2121 Περὶ
509 2027 1094 2120 συναπτομένων
1148 2031 1527 2101 οἰκετικῶν
1578 2035 2002 2122 προσαίπων
2054 2028 2465 2121 ἐλευθέροις
2488 2035 2538 2101 ².

751 2173 805 2227 ‘O
846 2172 1054 2234 αύτὸς
1086 2174 1418 2243 βασιλεὺς
1453 2176 1724 2242 στυλιανῷ
1760 2181 1837 2243 τῷ
1874 2175 2041 2244 αὐτῷ.

404 2277 906 2359 Ψιλανθρώπου
962 2278 1221 2364 γνώμης
1268 2274 1449 2356 ὄντες
1494 2279 1560 2343 οἱ
1604 2277 1796 2361 νόμοι
1838 2277 2233 2365 γεννήματα,
2292 2281 2370 2363 τῇ
2417 2277 2566 2342 ἑαυ-

227 2381 361 2442 τῶν
408 2371 669 2465 εὗταξίᾳ
712 2382 819 2444 καὶ
866 2379 1254 2466 διαθετήσει
1298 2382 1404 2444 καὶ
1451 2381 1603 2464 περὶ
1649 2383 1781 2445 τῶν
1809 2378 1896 2466 μὴ
1931 2378 2106 2445 πάνυ
2140 2382 2387 2461 συχνῶς
2419 2378 2567 2443 ἐπι-

223 2479 679 2564 χωριαζόντων
736 2476 1128 2566 ἀνθρώποις
1188 2475 1799 2567 ἀμφισβητημάτων
1858 2487 2246 2566 προαίρεσιν
2292 2483 2567 2546 ποιοῦν-

225 2606 343 2646 ται
396 2582 800 2667 συνεισάγειν
854 2582 1198 2669 βοήθειαν.
1287 2581 1596 2668 τοιαύτης
1653 2577 1715 2647 δ’
1783 2580 1964 2661 ὄντες
2021 2583 2561 2669 φιλανθρωπίας,

228 2684 378 2759 πῶς
421 2676 497 2746 οὗ
542 2682 713 2748 πολὺ
760 2685 964 2748 πλέον
1014 2682 1280 2759 εἰκότως
1324 2685 1478 2765 περὶ
1522 2686 1652 2748 τῶν
1699 2682 1765 2748 ἐν
1795 2687 1920 2767 βίῳ
1954 2681 2065 2748 διὰ
2096 2679 2349 2760 παντὸς
2380 2703 2566 2765 στρε-

229 2788 536 2869 φομένων
578 2783 693 2868 τὴν
736 2789 1055 2865 μέριμναν
1101 2779 1594 2868 άναλήψονται,·
1656 2779 1731 2846 5³
1770 2783 1892 2867 γὰρ
1936 2782 2013 2846 τὸ
2058 2782 2365 2876 ἐπιμελὲς
2410 2785 2563 2867 περὶ

224 2887 361 2949 τῶν
423 2883 689 2948 ἔλαττον
746 2881 1128 2947 λυπούντων
1187 2882 1279 2959 εἰς
1325 2883 1645 2967 φροντίδα
1693 2889 1940 2967 φέρων,
2001 2880 2084 2947 τά
2127 2884 2375 2964 μᾶλλον
2422 2878 2564 2948 ἀνι-

228 2987 409 3050 ῶντα
453 2983 764 3064 παρορῶν
811 2976 962 3047 οὐδὲ
1006 2981 1120 3066 τὴν
1153 2986 1302 3063 περὶ
1338 2985 1454 3045 τοῦ
1489 2982 1854 3059 λυποῦντος
1885 2982 2153 3046 ἔλαττον
2184 2982 2563 3065 ἐπιμέλειαν

228 3082 478 3163 δόξειεν
523 3076 602 3150 ἂν
649 3082 717 3149 ἐκ
757 3081 992 3148 τούτου
1038 3084 1411 3167 προμηθῶς
1447 3086 1823 3147 ποιεῖσθαι.

399 3183 536 3249 Διὰ
588 3188 785 3249 τοῦτο
846 3184 923 3269 δὴ
980 3185 1073 3268 τῷ
1129 3185 1260 3247 τῶν
1312 3180 1530 3263 νόμων
1577 3177 1899 3263 ἀξιώματι
1945 3182 2149 3247 πλέον
2195 3181 2287 3259 εἷς
2333 3182 2566 3264 σεμνό-

227 3311 392 3373 τητα
437 3281 754 3368 νέμοντες,
800 3281 878 3349 τὸ
920 3289 1108 3366 μέχρι
1153 3288 1264 3350 νῦν
1309 3279 1443 3348 ὑπὸ
1491 3288 1849 3364 συνηθείας
1880 3281 2347 3365 διοικούμενον,
2396 3285 2567 3369 φημὶ

167 3395 172 3400 ‘
231 3387 302 3453 δὲ
345 3384 423 3451 τὸ
469 3395 620 3469 περὶ
665 3391 797 3451 τῶν
842 3384 912 3464 ἐξ
956 3380 1185 3450 ἀνίσου
1229 3384 1422 3470 τύχης
1469 3381 1821 3469 ἐλευθέρου
1864 3412 1935 3451 τε
1978 3389 2083 3451 καὶ
2133 3383 2565 3470 δουλευούσης

230 3489 819 3574 νυμφαγωγοῦντος
864 3487 1105 3570 ἔρωτος
1135 3487 1305 3570 πρὸς
1335 3487 1640 3571 συζυγίαν
1673 3482 2085 3570 ἁρμόζεσθαι
2116 3484 2565 3573 φιλονεικούν-

228 3614 379 3666 των,
426 3591 503 3674 τῇ
550 3595 804 3673 νομίμῳ
849 3587 1207 3674 περιλήψει
1254 3583 1726 3671 άποδιδόαμεν,
1773 3597 1880 3654 καὶ
1928 3588 2389 3670 θεσπίζομεν·’,
2452 3586 2563 3653 ἐὰν

231 3689 576 3776 ἐλευθερίᾳ
630 3687 996 3771 τιμώμενον
1052 3685 1419 3771 πρόσωπον
1479 3690 1780 3775 δουλικῆς
1837 3689 2051 3756 ἕλοιτο
2096 3687 2306 3773 γάμον
2352 3687 2561 3772 τύχης,

231 3786 365 3856 ὑπὸ
410 3792 557 3856 δυσὶ
600 3789 860 3868 τούτοις
901 3786 1016 3853 τὸν
1059 3788 1268 3872 γάμον
1314 3790 1570 3871 ἔχουσιὸ
1598 3789 1943 3874 πράγμασι
1975 3795 2421 3854 συνίστασθαι
2448 3785 2564 3870 τὴν

363 3992 386 4019 ⁹
421 3994 517 4043 Ecl.
555 3987 757 4057 ὅρκιον.
900 3990 940 4019 ¹⁰
974 3991 1073 4042 1301.
1109 3988 1379 4058 παρέχειν.

367 4075 380 4102 ¹
429 4077 512 4126 Est
557 4078 606 4126 in
643 4077 740 4126 Ecl.
778 4077 889 4125 Nov.
927 4077 1010 4127 48.
1217 4076 1237 4103 ²
1284 4077 1380 4126 Ecl.
1427 4071 1554 4141 περὶ
1588 4075 1701 4124 τῶν
1736 4088 1962 4123 aurant.
2007 4068 2249 4137 οἰκετικῷ
2282 4066 2561 4138 προσώπῳ

229 4157 544 4225 ἐλευθέρων.
687 4159 705 4187 ³
741 4161 885 4222 Vulgo
925 4153 1002 4208 οὗ.
1082 4165 1130 4209 si
1169 4154 1196 4208 ὁ
1235 4162 1380 4223 legas,
1417 4161 1687 4224 corruptela
1727 4162 1867 4225 hujus
1904 4160 2011 4221 loci,
2052 4159 2108 4207 de
2146 4174 2237 4222 qua
2260 4159 2561 4222 Stepb.que-

232 4247 367 4309 titur,
403 4254 612 4296 sanatur.
729 4242 770 4272 ‘⁴
808 4246 904 4296 lne.
940 4245 1127 4306 Ecnoga.
1267 4242 1286 4270 ⁸
1321 4245 1418 4294 Ecl.
1458 4240 1757 4311 συνέχουσι.
1833 4243 1937 4293 Non
1974 4241 2111 4292 male.
