2900 4950
743 254 892 317 lmpp.
931 254 1144 315 Romani,
1184 252 1482 302 Constantini
1520 259 1568 301 et
1603 252 1951 316 christophori.
2395 232 2519 296 237

171 402 563 498 Ῥωμανοῦ
586 406 617 450 ²
667 400 794 475 καὶ
844 398 1405 476 κωνσταντίνου
1458 399 1585 473 καὶ
1628 393 2137 495 χριστοφόρου
2187 405 2347 471 τῶν
2399 423 2526 493 φι-

180 518 591 618 λοχρίστων
655 517 780 593 καὶ
837 514 1416 615 αὐτοκρατόρων
1467 523 1820 618 μεγάλων
1867 514 2241 610 βασιλέων
2292 511 2524 609 νεαρὰ

180 634 344 780 περὶ
411 640 846 735 ἐκποιῄσεως
895 643 1334 731 κτημάτων,
1402 636 1526 710 καὶ
1580 641 2085 732 προτιμήσεως
2138 638 2528 733 συγγενῶν

177 754 303 828 καὶ
352 782 741 829 κοινωνων
790 783 917 827 και
970 755 1596 855 ἀναμεμιγμένων
1638 750 1763 827 καὶ
1809 748 2527 849 συμπαρακειμένων

180 871 610 968 ὃμοτελων3
660 871 785 946 καὶ
829 881 1223 954 συναπτῶς
1261 871 1670 967 ἡνωμένων
1713 868 1839 944 καὶ
1885 897 2044 944 των
2089 867 2525 965 νοουιιένων

179 990 618 1087 ὅμοτελων4
661 989 967 1087 χωρίων
1019 988 1144 1063 καὶ
1195 987 1602 1088 ἅγριὸίων,
1672 988 1798 1062 καὶ
1848 987 2234 1070 κωλύσεως
2285 962 2526 1059 δυνα-

174 1138 337 1183 των
372 1108 818 1202 προσώπων,
867 1105 992 1180 καὶ
1040 1110 1477 1203 ἐκποιήσεως
1511 1112 2064 1198 στρατιωτικῶν
2097 1110 2521 1199 κτημάτων.

321 1226 917 1323 [Ἐκφωνηθεῖσα
971 1223 1151 1319 μηνὶ
1205 1222 1564 1320 ἇπριλλίῳ
1617 1221 1764 1297 lvd.
1821 1219 1866 1294 ι’
1917 1230 2055 1295 τοῦ
2106 1218 2334 1326 [guast]
2360 1223 2392 1269 ⁵

176 1407 412 1480 πρόεισι.
484 1407 578 1462 καὶ
622 1403 713 1461 ἵνα
750 1406 811 1459 τὸ
850 1408 1199 1479 σαφέστερον
1238 1404 1497 1476 εἴπωμεν,
1551 1403 1872 1477 σιγάτωσαν
1918 1402 2035 1458 ἅνω
2082 1403 2286 1475 μικρὸν
2332 1400 2411 1462 εἷς
2455 1402 2520 1457 τὸ

177 1492 306 1564 περὶ
338 1490 720 1566 προτιμήσεως
752 1493 1112 1564 νομοθέτημα
1134 1492 1226 1545 καὶ
1263 1488 1731 1562 ἀναγινώσκοντες
1764 1490 1856 1543 καὶ
1890 1487 2283 1559 ὕπερνοοῦντες
2317 1485 2524 1542 ἐκεῖθεν

175 1577 279 1643 τὴν
312 1579 412 1629 τοῦ
458 1575 622 1647 λόγου
658 1575 894 1648 δύναμιν
929 1573 1383 1641 ἀντλησάτωσαν,
1434 1573 1484 1630 εἶ
1518 1573 1574 1628 δ’
1617 1566 1714 1628 οὖν
1760 1570 1886 1646 παρ’
1929 1570 2106 1627 ἄλλων
2141 1576 2256 1625 τῶν
2291 1569 2523 1626 εἰδότων

180 1660 248 1714 τὰ
283 1661 611 1714 συνοίσοντα
649 1660 1088 1732 διδαχθήτωσαν.
1131 1662 1273 1730 λέγει
1305 1659 1415 1732 γάρ
1439 1682 1450 1694 ·
1490 1657 1547 1713 οἱ
1575 1659 1680 1732 μὲν
1713 1657 1770 1714 ἔκ
1805 1658 2139 1729 συγγενείας,
2181 1654 2236 1709 οἱ
2252 1656 2312 1709 δὲ
2339 1655 2396 1718 ἐξ
2410 1655 2521 1710 ἔπι-

149 1744 412 1808 Ᾰκτήσεως
445 1743 720 1799 ἐπίκοινον
755 1743 933 1798 οἰκίαν
968 1742 1001 1810 ἢ
1038 1741 1329 1816 ἀμπελῶνα
1366 1742 1396 1809 ἢ
1434 1742 1622 1815 ἕτερον
1657 1743 1719 1797 τὸ
1759 1741 1980 1796 οἶονοῦν
2014 1738 2273 1806 ἀκίνητον
2307 1739 2523 1812 ἔχοντες

176 1829 268 1882 καὶ
301 1829 370 1882 τὰ
415 1829 548 1894 ἑξῆς.
623 1830 715 1883 καὶ
749 1827 797 1884 εἰ
828 1830 934 1900 μὲν
969 1827 997 1893 ἦ
1038 1831 1324 1899 συγγένεια
1356 1827 1500 1899 μόνη
1539 1828 1689 1902 ἤρκει
1724 1826 1799 1886 εἰς
1832 1827 1934 1891 τὴν
1967 1826 2303 1897 προτίμησιν
2334 1825 2523 1884 καθώς

179 1910 289 1984 ἄρα
325 1914 464 1972 τινὲς
500 1919 612 1967 τῶν
649 1912 911 1985 ἀμυήτων
947 1914 1296 1974 δοξάζουσιν,
1348 1910 1613 1976 ἀνόνητος
1658 1911 1749 1964 καὶ
1783 1910 2003 1983 περιττὴ
2044 1908 2072 1975 ἢ
2112 1913 2210 1962 τοῦ
2246 1907 2522 1963 ἕπικοίνου

179 1994 500 2068 ἀνάμνησις.
576 1997 669 2051 διά
704 2018 791 2051 τοι
814 2004 979 2051 τοῦτο
1015 1997 1166 2068 παρὰ
1201 1998 1416 2050 πολλῶν
1448 1995 1540 2048 καὶ
1576 1994 1828 2048 ἐντεῦθεν
1860 1992 2212 2064 βεβαιότερον
2243 1994 2521 2064 μανθανέ-

176 2099 379 2141 τωσαν,
443 2077 527 2135 ὅτι
577 2078 632 2134 οἷ
678 2077 881 2151 ἀναμὶξ
932 2082 1269 2152 συγκείμενοι
1305 2084 1583 2149 συγγενεῖς
1619 2076 1676 2130 οἳ
1707 2078 1768 2131 τὸ
1804 2083 2036 2151 πρᾶγμα
2074 2075 2521 2148 ἀναμεμιγμένον

176 2163 414 2235 ἔχουσιν.
482 2162 532 2219 εἶ
568 2164 626 2218 δὲ
661 2165 753 2217 καὶ
786 2163 1070 2236 ἐγγύτεροι
1105 2169 1218 2217 τῶν
1253 2159 1430 2216 ἄλλων
1465 2161 1603 2216 εἰσὶν
1639 2152 1808 2224 οὗτοι,
1847 2166 1959 2214 τῶν
1992 2159 2220 2215 πάντων
2251 2159 2524 2233 προτιμά-

177 2254 425 2308 σθωσαν,
469 2246 541 2307 ὥς
574 2249 725 2320 παρὰ
761 2254 857 2303 τοῦ
892 2248 1067 2319 νόμου
1102 2249 1203 2313 τὴν
1236 2249 1514 2320 προτέραν
1549 2246 1701 2309 τάξιν
1734 2245 2017 2319 ἐσχηκότες
2048 2246 2141 2299 καὶ
2180 2246 2405 2317 βαθμὸν
2420 2246 2521 2299 τὸν

174 2331 489 2404 ἐγγύτερον.
632 2336 652 2364 ²
687 2340 755 2388 De
791 2341 1102 2403 inscriptione
1139 2340 1209 2388 sie
1247 2340 1384 2388 habe.
1443 2339 1826 2402 inscriptionem,
1862 2351 2005 2401 quam
2046 2336 2193 2399 edidi,
2229 2335 2364 2385 solus
2381 2351 2520 2399 prae-

177 2432 273 2474 stat
309 2423 452 2473 Paris.
496 2422 641 2475 1367.
714 2425 765 2473 ln
803 2425 949 2475 Paris,
991 2424 1121 2475 1384
1167 2423 1450 2488 simpliciter
1498 2430 1570 2474 est
1616 2417 1742 2490 περὶ
1774 2414 2157 2489 προτιμήσεως
2187 2415 2280 2468 καὶ
2314 2414 2519 2488 ἀγορα-

176 2504 318 2564 σίας,
357 2509 539 2572 absque
576 2510 769 2558 nomine
806 2510 1175 2572 imperatorum3
1205 2510 1275 2558 .in
1311 2510 1451 2559 Laur.
1492 2507 1656 2571 Lxxx,
1695 2509 1726 2558 6
1761 2503 1886 2576 περὶ
1920 2499 2247 2566 ἐκποιῆσεως
2279 2500 2388 2554 κτλ.
2431 2507 2517 2556 sed

173 2595 512 2656 imperatorum
551 2594 822 2642 nominibus
861 2609 955 2643 non
993 2595 1308 2657 praepositi33
1350 2595 1396 2643 in
1421 2593 1860 2655 Vind.3similiter‚
1898 2589 2158 2659 ρωμανοῦ
2194 2590 2293 2639 τοῦ
2327 2587 2517 2657 γέρον-

175 2690 270 2729 τος
303 2680 494 2726 nomine
531 2679 709 2727 addito,
763 2680 814 2727 ln
852 2679 1116 2741 appendice
1137 2681 1409 2742 synopseos
1445 2678 1626 2742 primae
1663 2678 1831 2727 elassis
1867 2671 2056 2744 Νεαρὰ
2092 2676 2190 2724 τοῦ
2227 2675 2395 2740 κυροῦ
2415 2671 2519 2742 ῥω·

173 2761 354 2828 μανοῦ
391 2760 489 2810 τοῦ
521 2757 783 2827 γέροντος·
817 2762 964 2824 audit,
1003 2776 1126 2825 quae
1160 2764 1298 2811 verba
1335 2762 1476 2811 modo
1514 2772 1644 2825 ante,·
1675 2763 1819 2811 modo
1846 2769 1958 2825 post
1981 2763 2220 2811 rubricam
2249 2775 2393 2822 supra
2415 2760 2517 2809 edi-

178 2855 280 2894 tam
326 2845 557 2894 collocata
605 2853 732 2894 sunt.
803 2846 858 2893 ln
893 2860 1001 2907 app.
1040 2848 1151 2909 Syn.
1189 2847 1251 2896 111
1287 2847 1347 2896 ci.
1384 2847 1453 2895 sic
1494 2855 1597 2896 est:
1650 2840 1839 2911 Νεαρά
1887 2841 2192 2910 νομοθεσία
2227 2844 2325 2891 τοῦ
2360 2845 2518 2906 βασι-

171 2925 307 2981 λέως
341 2924 601 2994 ρωμανοῦ
637 2926 735 2975 τοῦ
770 2921 1075 2993 πρεσβύτου
1109 2924 1235 2994 περὶ
1266 2922 1650 2994 προτιμήσεως
1682 2924 2070 2994 ἐκφωνηθεῖσα
2092 2921 2227 2992 μηνὶ
2252 2919 2514 2993 ἄπριλλίῳ

176 3006 281 3062 ἔνθ.
326 3004 360 3059 ι’
396 3008 496 3058 τοῦ
529 3004 670 3079 ,ςυλῖ
710 3038 777 3047 -
825 3012 1099 3075 Epitotnae‚
1136 3027 1278 3076 quam
1315 3013 1552 3077 appendix
1589 3014 1864 3076 synopseos
1899 3014 1918 3061 1
1956 3012 2014 3061 cl.
2053 3011 2292 3072 continet,
2341 3012 2518 3062 ibidem

173 3097 483 3147 inscribitur:
521 3089 712 3161 Νεαρᾶ
743 3091 1147 3144 κωνσταντίνου
1181 3090 1306 3162 περὶ
1338 3088 1746 3161 προτιμήσεωςε
1795 3110 1955 3144 verum
1994 3096 2041 3143 in
2091 3109 2199 3156 app.
2237 3095 2346 3157 Syn.
2380 3095 2419 3142 ΙΙ
2458 3096 2516 3144 cl.

174 3181 334 3231 eidem
374 3179 608 3242 epitomae
645 3181 892 3244 inscriptio
929 3181 1239 3244 praeponitur
1273 3194 1359 3241 per
1394 3179 1553 3227 omnia
1591 3179 1760 3226 similis
1798 3179 1855 3240 ei,
1893 3192 2036 3241 quam
2073 3191 2180 3239 app.
2220 3179 2330 3240 Syn.
2358 3177 2417 3225 ΙΙΙ
2458 3177 2518 3227 cl.

174 3266 336 3315 habet.
374 3289 437 3299 -
477 3264 727 3314 Caeterum
764 3265 822 3313 de
859 3266 947 3314 bac
984 3263 1188 3327 Novelia,
1227 3271 1278 3312 ut
1316 3269 1363 3312 et
1399 3262 1458 3328 de
1494 3263 1629 3311 Novv.
1667 3263 1717 3324 V,
1753 3262 1809 3310 vl
1848 3268 1893 3310 et
1924 3262 1997 3310 XV
2034 3261 2155 3309 inira
2193 3259 2407 3322 edendiS‚
2448 3261 2520 3309 in-

174 3349 325 3411 signis
358 3348 495 3397 locus
534 3356 605 3397 est
641 3348 769 3412 apud
807 3349 922 3398 Geo.
962 3348 1195 3397 Codinum
1234 3347 1293 3396 de
1329 3346 1446 3407 orig.
1487 3346 1572 3395 ΟΡ.
1611 3347 1685 3396 ed.
1724 3347 1867 3395 Paris·
1905 3361 1952 3408 p.
1973 3346 2037 3395 ’Π
2059 3357 2163 3408 sq.:
2205 3337 2233 3391 ὂ
2270 3343 2521 3398 τοιοῦτος

176 3426 504 3500 ρωμανὸς
549 3424 892 3498 ἀνηγορεύθη
941 3447 1076 3497 μηνι
1123 3426 1422 3496 δεκεμβρίῳ
1478 3424 1550 3478 ια’
1599 3422 1699 3477 incr.
1744 3423 1791 3490 η’
1839 3423 1994 3482 ἔτους
2027 3422 2207 3496 ςυκη’.
2282 3423 2422 3495 μετὰ
2458 3424 2520 3478 δὲ

176 3511 325 3575 διετῆ
351 3510 564 3582 χρόνον
597 3532 693 3576 της
723 3512 999 3580 βασιλείας
1032 3507 1221 3571 αυτοῦ,
1259 3509 1398 3563 κατὰ
1434 3529 1537 3575 την
1573 3508 1608 3562 ι’
1646 3508 1747 3562 tud.
1790 3515 1889 3562 τοῦ
1930 3508 2055 3584 ςυλ’
2092 3507 2262 3569 ἔτους,
2301 3507 2514 3569 ἐξέθετο

176 3595 277 3659 τὴν
307 3595 433 3664 περὶ
464 3599 844 3667 προτιμήσεως
877 3593 1115 3665 νεαράν·
1149 3594 1289 3647 κατὰ
1326 3591 1394 3648 δὲ
1419 3595 1521 3659 τὴν
1550 3594 1604 3665 β’
1642 3592 1745 3647 ι’νδ.
1787 3599 1887 3648 τοῦ
1928 3593 2139 3667 ςυλζ
2109 3613 2263 3652 ετους
2293 3593 2353 3647 τὸ
2392 3592 2518 3665 περὶ

173 3684 288 3732 ταῖν
333 3678 800 3751 ῦπεισερχομένων
848 3679 1100 3733 δυνατῶν
1146 3677 1223 3737 εἷς
1258 3675 1645 3736 ἇνακοινωσεις
1675 3677 1940 3744 πενήτων.
2019 3675 2223 3746 ἀνακλᾷ
2261 3678 2319 3732 δὲ
2352 3678 2445 3730 καὶ
2480 3676 2510 3742 ἧ

171 3762 396 3829 τοιαύτη
432 3764 601 3837 νεαρὰ
634 3784 725 3818 και
760 3763 836 3822 εἷς
868 3764 970 3829 τὴν
1004 3765 1389 3835 παρελθοῦσαν
1428 3767 1723 3827 τηνικαῦτα
1760 3761 1810 3815 α’
1849 3761 1954 3813 ἰνδ.
1994 3763 2244 3815 τουτέστι
2282 3761 2380 3813 τὸν
2414 3765 2513 3813 τοῦ

170 3850 333 3950 λιμοῦ
368 3853 466 3903 τοῦ
499 3849 739 3919 μεγάλου
773 3847 984 3917 καιρόν.
1057 3847 1197 3900 κατὰ
1246 3845 1305 3899 δὲ
1342 3864 1440 3910 την
1474 3846 1514 3900 ε’
1550 3850 1649 3898 τοῦ
1687 3842 1842 3918 ςυνέ
1878 3843 2031 3902 ἔτους
2066 3845 2368 3914 ἐπεκύρωσε
2404 3863 2516 3896 τοι-

173 3932 346 3998 αὐτην
392 3934 734 4005 νομοθεσίαν
769 3930 797 3984 ὅ
833 3930 1080 3999 βασιλεὺς
1113 3927 1297 4001 κύριος
1327 3934 1876 3985 κωνσταντῖνος.
1953 3928 2021 3979 τὰ
2058 3927 2117 3980 δὲ
2154 3927 2224 3990 ιη’
2259 3924 2382 3990 ἔτη,
2438 3946 2516 3980 ων

174 4016 204 4069 ὃ
242 4017 706 4082 δεκαπολίτης
751 4015 810 4070 ἐν
843 4019 908 4087 τῇ
943 4014 1138 4084 λὺ[σει]
1172 4014 1475 4085 μέμνηται,
1528 4009 1625 4065 οὐκ
1662 4009 1770 4064 ἀπὸ
1808 4014 1906 4062 τοῦ
1937 4014 2132 4078 καιροῦ
2170 4012 2264 4072 τῆς
2297 4027 2515 4080 πρωτης

171 4102 516 4169 ψηφίζονται
547 4101 901 4173 νομοθεσίας,
941 4096 1064 4164 ἦτοι
1098 4101 1196 4151 τοῦ
1231 4095 1389 4172 ’ςυλζ
1420 4095 1592 4158 ἔτους,
1632 4092 1739 4149 ἀλλ’
1764 4092 1873 4147 ἀπὸ
1912 4098 2006 4158 τῆς
2029 4091 2080 4146 α’
2109 4091 2214 4146 lvd.
2242 4098 2337 4146 τοῦ
2357 4096 2515 4167 ‘qviq'

170 4182 327 4242 ἔτους
371 4183 494 4249 ἤτοι
537 4192 637 4240 τοῦ
683 4187 878 4257 λιμοῦ,
931 4181 1007 4242 εἰς
1041 4179 1108 4236 ὃν
1138 4181 1230 4235 καὶ
1265 4180 1471 4250 ἀνακλᾷ
1506 4179 1536 4246 ἦ
1576 4179 1799 4245 τοιαύτη
1835 4179 2172 4249 νομοθεσία,
2221 4178 2386 4249 μέχρι
2421 4183 2516 4245 τῆς

173 4264 343 4322 αῦτοῦ
368 4267 800 4345 αὐτοκρατορίας
814 4271 914 4323 τοῦ
940 4264 1107 4323 αῦτοῦ
1123 4267 1386 4337 βασιλέως
1401 4264 1824 4319 κωνσταντίνου.
1900 4265 1919 4294 ⁸
1938 4270 2006 4318 lta
2030 4269 2172 4319 Paria.
2192 4268 2335 4320 ¹367.
2375 4269 2513 4329 Laur,

174 4358 341 4422 Lxxx,
363 4359 735 4425 fietSyn.1el.:
775 4353 1047 4412 ὁλοτελῶς.
1090 4358 1179 4408 Alii
1202 4349 1489 4425 ὄμοτελοῑς.
1563 4346 2125 4406 *ΝοιιιιιιΗίὄλοτελῶκ
2200 4348 2368 4405 ‘Haeo
2389 4354 2513 4404 addo
