2900 4950
320 233 444 295 316
1185 245 1302 296 eon.
1338 246 1418 296 m.
1489 245 1603 295 Nov.
1637 245 1790 298 xxix.

2265 295 2291 325 Ι

320 395 594 480 ἐξῆλθεν
640 392 939 478 ἐπόπτης
980 386 1023 479 ἢ
1062 392 1406 477 βασιλικὸς
1449 392 1741 480 ζητήσων
1771 392 1850 458 τὸ
1878 393 1996 458 τοῦ
2029 392 2349 478 δημοσίου
2381 392 2658 460 δίκαιον.

319 496 378 562 εἷ
436 495 507 560 δὲ
565 489 600 558 5
655 497 959 572 τοιοῦτος
1015 493 1184 579 πρὸς
1240 494 1560 561 σύστασιν
1604 497 1709 560 καὶ
1755 494 1833 559 τὸ
1880 488 2369 560 ἀνακαλεῖσθαι
2411 493 2497 562 τὰ
2538 498 2660 561 τοῦ

317 597 637 682 δημοσίου
683 590 1255 678 ἀποστελλόμενος
1297 596 1541 675 δίκαια,
1588 594 2049 681 αἰσχροκερδὴς
2092 596 2197 661 καὶ
2247 595 2517 679 δολερὸς
2552 591 2659 662 εὖ-

317 697 728 783 ρισκόμενος,
787 699 1053 784 παρορᾷ
1108 699 1228 781 μὲν
1272 696 1350 762 τὸ
1393 700 1603 764 ταῦτα
1649 696 1980 781 ἐπιζητεῖν
2024 698 2131 762 καὶ
2179 690 2657 782 ἀναῤῥὺεσθαι,

315 798 735 885 πλεονεκτικῇ
781 799 854 864 δὲ
896 800 1001 864 καὶ
1046 801 1355 884 μοχθηρᾷ
1397 796 1620 885 γνώμῃ
1668 797 2000 882 προδότης
2041 798 2293 881 μᾶλλον
2329 795 2463 863 τῶν
2493 797 2660 865 ἐκεί-

315 923 429 966 νου
476 900 746 965 δικαίων
793 895 1116 986 ἀναφανῇ,
1164 893 1352 965 οὐδὲν
1397 898 1583 985 παρὰ
1625 901 1823 964 τοῦτο
1864 896 2427 985 κατακριθήσεται
2472 895 2509 964 5
2541 900 2649 985 δη·

312 999 551 1084 μόσιος
596 996 630 1064 ὃ
674 1001 1008 1086 μηδέποτε
1051 999 1475 1084 παυσάμενος
1517 999 1595 1064 τὸ
1640 999 1875 1066 ἑαυτοῦ
1907 1000 2162 1065 δίκαιον
2193 998 2406 1085 ζητεῖν
2422 1003 2484 1065 ⁷⁰.
2546 1002 2656 1066 καὶ

312 1105 510 1167 τοῦτο
558 1095 659 1167 ἐπ’
710 1095 927 1166 αὐτῶν
969 1104 1101 1166 τῶν
1149 1101 1350 1187 ἔργων
1396 1104 1826 1186 πρακτικιῦς”’ι
1873 1089 2055 1184 εὗρεν
2097 1096 2653 1190 ἡβασιλεία-μου,

316 1198 406 1280 ὥς
447 1204 555 1268 καὶ
601 1201 666 1267 οἱ
711 1200 1007 1268 ἐπόπται
1051 1206 1166 1288 καὶ,Ι
1190 1203 1255 1268 οἱ
1286 1200 1503 1280 ἄλλως
1531 1201 2016 1287 προνοούμενοι
2043 1203 2161 1267 τοῦ
2193 1202 2515 1288 δημοσίου
2544 1203 2653 1267 καὶ

315 1302 409 1381 εἰς
466 1303 765 1381 δουλείας
824 1297 1388 1387 ἀποστελλόμενοι
1440 1310 1717 1387 μυρίους
1781 1299 1916 1370 κατ’
1978 1297 2179 1369 αὐτοῦ
2234 1303 2654 1385 τεχνάζονται

314 1403 582 1485 δόλους,
640 1407 748 1470 καὶ
808 1399 1020 1489 ὀλίγοι
1077 1401 1489 1489 εὑρίσκονται
1544 1405 1607 1471 οἱ
1662 1404 1783 1482 τὰς
1838 1403 2237 1487 προστάξεις
2301 1400 2486 1492 ἡμῶν
2552 1404 2653 1471 ἐκ·

314 1506 734 1593 πληροῦντες.

484 1607 529 1674 ε’
546 1610 608 1672 ⁷².
691 1600 838 1671 Ἐπὶ
883 1608 1056 1674 πᾶσι
1099 1608 1172 1673 δὲ
1215 1617 1359 1685 τοῖς
1410 1607 1775 1694 εἰρημένοις
1815 1608 1923 1672 καὶ
1969 1609 2165 1671 τοῦτο
2211 1606 2650 1689 θεσπίζομεν·

315 1707 375 1774 εί
428 1706 595 1789 τάχα
649 1709 758 1773 καὶ
816 1707 1016 1790 νόμος
1070 1708 1361 1786 παλαιός
1404 1708 1580 1788 ἐστι,
1638 1708 1795 1786 τοὺς
1836 1713 2496 1791 πρωτοσπαθαρίους
2540 1709 2650 1773 καὶ

311 1807 467 1887 τοὺς
511 1802 815 1892 ἀνωτέρω
857 1807 1108 1874 τούτων
1152 1813 1245 1893 τῷ
1281 1813 1535 1897 φονικῷ
1567 1815 2104 1896 περιπίπτοντας
2130 1805 2328 1892 μύσει
2354 1807 2442 1894 μὴ
2477 1802 2654 1875 ἀπο-

201 1965 210 1968 -
309 1907 655 1995 θνήσκειν,
705 1904 841 1974 ἀλλ’
892 1903 1326 1992 ἀτιμοῦσθαι,
1373 1912 1749 1979 πανθάνειν
1765 1913 1809 1945 ⁷³
1851 1935 1925 1977 τε
1967 1912 2075 1976 καὶ
2121 1907 2319 1989 ἄλλα,
2386 1905 2514 1975 ὅσα
2554 1913 2649 1996 ‘tq‘

311 2009 492 2096 νόμῳ
538 2010 758 2097 ἐκείνῳ
806 2010 1311 2096 διηγόρευταιῊ·
1360 2008 1497 2079 ἀλλ’
1533 2003 1648 2079 οὖν
1676 2010 1830 2089 τοὺς
1863 2014 2162 2098 φανερῶς
2194 2010 2650 2097 ἐλεγχομένους

312 2121 558 2198 φονεῖς,
605 2113 712 2178 καὶ
728 2115 771 2146 ⁷³
813 2111 1049 2190 δόλους
1075 2107 1119 2199 ἢ
1149 2109 1638 2203 συνωμοσίαςῆ
1670 2111 1986 2191 συσκευὰς
2030 2105 2072 2199 ἢ
2104 2111 2453 2191 ἐπιθέσεις
2480 2112 2650 2199 πρὸς

309 2212 386 2277 τὸ
415 2212 666 2296 μύσους
710 2211 895 2292 ἄξιον
938 2216 1134 2278 τοῦτο
1183 2214 1367 2308 ἔργον
1399 2219 1781 2294 ποιοῦντας,
1827 2209 1871 2302 ἢ
1898 2214 2053 2291 τοὺς
2084 2209 2651 2299 ὖπηρετουμένους

311 2307 540 2391 αὐτοῖς
562 2320 1116 2398 παραπείθοντας
1138 2315 1242 2380 καὶ
1267 2314 1344 2380 τὸ
1368 2316 1660 2404 πονηρὸν
1692 2317 2108 2394 ἐκτελοῦντας
2137 2318 2331 2381 τοῦτο
2347 2320 2407 2395 ⁷⁰,
2445 2317 2648 2402 μηδὲν

310 2408 449 2482 ἀπὸ
491 2417 609 2482 τοῦ
655 2409 1029 2499 ἀξιώματος
1073 2410 1510 2503 ὠφελεῖσθαι,
1561 2413 1695 2485 ἀλλ’
1747 2413 1836 2496 ὥς
1882 2412 2191 2497 ἀναξίους
2231 2414 2341 2484 καὶ
2374 2411 2649 2501 ἀτίμους

307 2516 713 2597 κολάζεσθαι
765 2518 872 2583 καὶ
935 2511 1405 2605 ἀποθνήσκειν.
1496 2519 1669 2606 πλὴν
1732 2523 1928 2585 τοῦτο
1989 2520 2257 2604 λέγομεν
2309 2525 2639 2603 γίνεσθαι,

311 2614 468 2683 ὅταν
523 2614 561 2702 ἡ
621 2616 894 2704 συσκευὴ
953 2617 1021 2684 ἐκ
1072 2620 1343 2705 μελέτης
1385 2622 1492 2686 καὶ
1541 2620 1737 2686 δόλου
1781 2622 1887 2687 καὶ
1935 2624 2409 2703 συνωμοσίαςΤΊ
2453 2623 2559 2687 καὶ
2602 2616 2643 2708 ἦ

310 2718 625 2796 ἐπίθεσις
669 2712 807 2785 ἀπὸ
853 2724 1140 2806 φανεροῦ
1184 2723 1289 2787 καὶ
1337 2716 1478 2787 ἀπὸ
1511 2725 1808 2808 πονηρᾶς
1834 2721 2094 2809 γνώμης
2122 2716 2491 2807 ὑπάρχωσι,
2536 2724 2643 2788 καὶ

306 2822 483 2886 πᾶσι
525 2822 897 2908 καταφανὲς
942 2823 1074 2908 εἴη,
1136 2817 1225 2900 ὥς
1281 2825 1633 2910 προτροπῇ
1678 2826 1786 2890 καὶ
1831 2828 2200 2890 συναινέσει
2243 2826 2350 2889 καὶ
2399 2822 2645 2910 εἰδήσει

308 2916 525 2989 αὐτῶν
581 2922 714 2988 εἴτε
768 2921 928 3001 λαὸς
990 2928 1263 3011 συνέστη
1319 2926 1427 2991 καὶ
1472 2921 1589 2990 τὸν
1634 2923 1981 3011 προβάντα
2024 2923 2230 3011 φόνον
2275 2923 2639 3011 ἐνήργησεν,

308 3023 441 3091 εἴτε
495 3024 560 3091 οἱ
613 3019 1132 3111 ὖπηρετούμενοι
1188 3020 1402 3092 αὐτῶν
1418 3029 1464 3061 ⁷⁸
1524 3025 1636 3092 διὰ
1689 3024 1807 3112 τὴν
1868 3025 2397 3111 προϋπάρξασαν
2439 3031 2643 3110 μέσον

306 3119 521 3192 αὐτῶν
564 3151 637 3192 τε
678 3129 784 3192 καὶ
830 3129 947 3192 τοῦ
994 3132 1435 3213 φονευθέντος
1481 3127 1803 3215 διαμάχην
1831 3130 1939 3195 καὶ
1973 3130 2380 3215 φιλονεικίαν
2408 3129 2643 3193 τοῦτον

308 3225 627 3307 ἐτέλεσαν,
675 3223 717 3306 ἢ
761 3221 951 3294 αὐτοὶ
997 3228 1232 3295 ἐκεῖνοι
1275 3228 1711 3315 οἰκειοχείρως
1753 3229 1831 3295 τὸ
1874 3233 2178 3297 τοιοῦτον
2210 3227 2508 3311 ἄθεσμον
2540 3230 2646 3313 ἔρ-

301 3352 415 3414 γον
473 3326 889 3413 εἰργάσαντο,
949 3321 991 3415 ἢ
1043 3325 1315 3408 ἄλλως’”
1356 3330 1687 3416 γνωστούς
1731 3327 1960 3412 αὐτοῖς
2002 3334 2108 3399 καὶ
2155 3331 2390 3419 φίλους
2432 3334 2644 3415 παρέ-

302 3452 545 3496 πεισαν
588 3432 783 3495 τοῦτο
830 3427 1356 3513 διαπράξασθαι.

472 3527 526 3609 ς’
546 3532 608 3594 ⁸⁰.
690 3523 834 3595 Ἐπὶ
892 3532 1065 3596 πᾶσι
1123 3532 1195 3597 δὲ
1250 3542 1394 3611 τοῖς
1442 3529 1749 3621 ἀνωτέρω
1796 3533 2161 3621 εἰρημένοις
2207 3531 2645 3617 διοριζόμεθα

299 3631 408 3696 καὶ
465 3631 680 3717 τοῦτο.
772 3630 922 3698 ἐπεὶ
977 3634 1084 3697 καὶ
1135 3633 1621 3719 χρυσοβούλλια
1663 3635 1883 3702 πολλὰ
1920 3634 2269 3722 γεγόνασιν
2315 3627 2427 3720 ἀφ’
2479 3621 2558 3699 οὗ
2600 3629 2640 3721 ἦ

298 3733 606 3818 βασιλεία
659 3727 843 3818 ἡμῶν
897 3735 1014 3812 τῒς
1068 3729 1614 3824 αὖτοκρατορικῆς
1670 3737 1872 3824 ἐπέβη
1932 3732 2131 3823 ἀρχῆς
2185 3741 2409 3823 μέχρις
2466 3722 2543 3801 οὗ
2603 3729 2641 3801 5

435 3935 476 3963 ⁷⁰
512 3938 705 3989 Leuncl.
742 3930 992 3997 ἐπιζητεῖν.
1168 3938 1200 3965 ⁷¹
1239 3941 1357 3991 ibid.
1393 3941 1802 4008 πραγματικῶς.
1953 3941 1993 3968 ⁷²
2028 3942 2147 3992 lbid.
2185 3942 2245 3992 ad
2283 3954 2446 3992 oram:
2485 3934 2643 4007 περὶ

301 4016 543 4085 φόνου.
755 4018 792 4048 ⁷³
829 4023 1023 4074 Leuncl.
1061 4025 1109 4074 in
1145 4040 1290 4087 marg.
1325 4021 1636 4075 παθαίνειν.
1716 4028 1854 4076 Basil.
1890 4027 2108 4076 παθεῖν.
2308 4023 2349 4052 ⁷⁴
2386 4025 2526 4075 Basil.
2564 4018 2645 4072 δι·

301 4100 590 4168 ἔγνωσται.
700 4104 737 4133 ⁷⁵
775 4107 915 4156 Basil.
952 4102 1041 4155 καὶ
1076 4124 1172 4157 non
1211 4110 1401 4172 habent,
1440 4117 1489 4159 et
1523 4124 1630 4159 mox
1668 4103 1831 4159 δόλον
1866 4103 1895 4171 ἢ
1935 4105 2302 4178 συνωμοσίαν.
2410 4106 2450 4134 ⁷⁸
2486 4109 2642 4158 Leun-

303 4187 414 4236 clav-
475 4181 712 4241 τούτους.
922 4189 960 4217 ’²
1011 4193 1093 4242 Sic
1138 4194 1280 4244 Basil.
1351 4193 1499 4243 Paris,
1542 4194 1666 4245 1351
1723 4204 1770 4245 et
1819 4180 2013 4247 Leundl.
2067 4191 2159 4245 καὶ
2213 4188 2241 4256 ἢ
2298 4194 2636 4258 συνωμοσία.

300 4267 340 4296 ⁷⁹
376 4270 521 4320 Basil.
556 4263 757 4328 αὐτοῖς,
797 4281 849 4323 ut
885 4283 933 4324 et
969 4276 1161 4326 Louucl.
1199 4278 1247 4326 in
1283 4292 1427 4340 marg.
1606 4275 1646 4305 ’³
1681 4279 1858 4331 Iidem:
1898 4271 2104 4335 ἄλλους.
2282 4277 2325 4305 ⁸⁰
2362 4278 2555 4330 Leuncl.
2592 4278 2641 4327 in

303 4368 416 4404 nra:
457 4349 788 4422 περὶτῶν
814 4352 1385 4425 χρυσοβοὺλλων.
