2900 4950
340 226 465 289 4¹8
1219 237 1336 286 con.
1375 237 1446 287 tv.
1519 235 1629 286 mov.
1669 235 1780 308 κιρ.

345 390 714 477 αγγέλματι.
804 378 1002 461 αὐτὸς
1043 377 1394 468 γὰρεῖπεν
1441 377 1478 448 ὃ
1532 382 1781 467 κύριος·
1841 381 2085 449 αἰτεῖτε
2131 384 2259 462 [καὶ
2310 381 2683 469 δοθήσεται

345 489 529 577 ὖμῒν·
578 489 848 572 ζητεῒτε]
895 488 1006 550 καὶ
1051 479 1383 568 εὑρήσετε·
1425 484 1692 570 κρούετε
1720 485 1830 549 καὶ
1860 478 2279 569 ἀνοιγήσεται
2308 478 2480 567 ύμῖν.
2542 487 2687 561 πᾶς

344 593 466 679 γὰρ
515 586 549 655 ὃ
595 589 797 654 αἰτῶν
843 584 1158 669 λαμβάνει
1215 588 1321 650 καὶ
1381 580 1417 650 ὃ
1481 585 1686 670 ζητῶν
1744 580 2027 669 εὑρίσκει
2084 583 2197 649 καὶ
2236 588 2331 670 τῷ
2377 583 2688 670 κρούοντι

347 689 783 778 ἀνοιγήσεται.
872 688 977 751 καὶ
1039 682 1073 751 ὃ
1129 689 1431 764 τοιοῦτος
1491 686 1633 752 ἐπεὶ
1696 685 1996 772 ἐζήτησεν
2050 675 2260 769 εὗρεν,
2317 684 2520 772 ᾔτησε
2571 687 2687 754 καὶ

351 797 607 880 ἔλαβεν,
668 791 936 873 ἔκρουσε
989 790 1097 852 καὶ
1152 783 1377 875 ἠνοίγη
1436 783 1633 873 αὐτῷ.
1722 786 1837 852 τὸν
1895 776 2010 853 ούν
2068 786 2137 853 ἐκ
2180 791 2346 853 θεοῦ
2393 787 2686 872 λαβόντα

347 895 655 978 τοιαύτην
697 888 891 974 τιμὴν
937 888 1049 954 διὰ
1090 891 1205 974 τῆς
1250 889 1497 966 οἰκείας
1541 890 1837 974 σπουδῆς
1871 869 1987 953 ’δεῖ
2028 890 2135 954 καὶ
2165 885 2282 972 τὴν
2315 884 2685 973 ἁγιωσύνην

351 1021 473 1064 σου
515 999 632 1079 τῆς
674 989 1131 1076 προσηκούσης
1187 994 1381 1076 τιμῆς
1438 984 1664 1068 ἀξιοῦν
1708 990 1814 1055 καὶ
1872 992 1950 1074 τῇ
1994 990 2301 1075 βασιλείᾳ
2344 1013 2471 1072 μου
2517 1013 2687 1073 γνω-

349 1104 531 1184 ρίσαι
575 1094 825 1178 μᾶλλον
871 1085 1087 1168 αὐτὸν,
1134 1091 1245 1157 ἵνα
1287 1094 1394 1157 καὶ
1441 1088 1602 1178 αῦτη
1636 1090 1807 1175 πρὸς
1838 1085 2034 1156 αὐτὸν
2069 1089 2185 1177 τὴν
2220 1089 2685 1176 προσήκουσαν

349 1197 517 1264 κατὰ
560 1195 635 1261 τὸ
684 1191 959 1259 δυνατὸν
997 1191 1196 1278 τιμὴν
1242 1192 1670 1278 ἐπιδείξηται.
1759 1193 1869 1256 καὶ
1923 1187 1959 1256 ὃ
2014 1196 2315 1269 τοιοῦτος
2359 1191 2688 1275 γνώριμος

349 1296 687 1385 γενήσεται
744 1293 926 1379 πάσῃ
984 1297 1062 1379 τῇ
1122 1291 1426 1380 ἐκκλησίᾳ
1481 1293 1575 1370 εἰς
1631 1287 1956 1378 ὠφέλειαν
2015 1286 2131 1375 οὐχ
2192 1294 2425 1358 ἑαυτοῦ
2479 1290 2686 1375 μόνον

351 1397 519 1466 ἀλλὰ
561 1399 666 1462 καὶ
715 1394 931 1461 ἄλλων
976 1394 1261 1459 πολλῶν.
1350 1393 1781 1476 μεταδίδοται
1822 1392 1944 1478 γὰρ
2000 1392 2078 1458 τὸ
2138 1388 2424 1478 ἀγαθὸν,
2484 1399 2687 1459 ποῖον

351 1500 592 1583 πρᾶξις
634 1496 742 1561 καὶ
789 1495 1007 1578 λόγος,
1069 1483 1159 1560 ῶν
1211 1497 1411 1577 χωρὶς
1457 1489 1672 1572 οὐδεὶς
1722 1492 1968 1579 ὄψεται
2008 1494 2123 1561 τὸν
2166 1495 2406 1578 κύριον.
2499 1494 2557 1560 εἰ
2616 1495 2689 1559 δέ

353 1627 472 1677 τις,
523 1595 688 1680 ὅπερ
735 1592 810 1661 οὗ
858 1597 1036 1661 δοκεῖ
1078 1599 1156 1681 τῇ
1200 1596 1508 1681 βασιλείᾳ
1548 1619 1698 1679 μου,
1744 1600 2063 1662 τοσοῦτον
2104 1602 2325 1681 γέγονε
2360 1594 2685 1681 ῥᾴθυμος,

355 1698 525 1765 ὥστε
566 1700 731 1781 μηδὲ
773 1696 939 1780 μετὰ
982 1698 1425 1781 παραγγελίαν
1469 1698 1637 1783 μηδὲ
1690 1696 1857 1780 μετὰ
1906 1695 2140 1780 χρόνον
2189 1695 2691 1780 καρπώσασθαί

350 1826 420 1865 τι
461 1799 676 1876 καλὸν,
722 1803 970 1880 μενέτω
1014 1801 1121 1863 καὶ
1168 1794 1365 1876 αὐτὸς
1396 1798 1803 1880 αἰτιώμενος,
1851 1801 1957 1863 καὶ
2001 1800 2255 1882 μᾶλλον
2285 1788 2488 1876 αὖθις
2518 1797 2690 1881 μετὰ

349 1899 580 1984 χρόνον
633 1897 783 1964 τινὰ
840 1897 1370 1986 ἕπιφωνηθήτω,
1433 1895 1524 1977 (ὃς
1579 1899 1636 1965 εἰ
1691 1902 1799 1964 καὶ
1857 1900 1953 1965 ἔτι
2010 1901 2089 1985 τῇ
2135 1894 2336 1968 αὐτοῦ
2383 1900 2688 1985 ῥᾳθυμίᾳ

354 1996 668 2083 ἑμμείνοι,
723 2002 829 2064 καὶ
897 2002 1014 2064 τοῦ
1062 2000 1388 2083 ἱερατικοῦ
1453 2001 1818 2085 καταλόγου
1882 2003 2224 2079 παντελῶς
2291 2003 2684 2070 ἐκπεσεῖται.

352 2104 547 2166 τοῦτο
594 2101 665 2165 δὲ
710 2093 786 2164 ού
833 2103 985 2183 περὶ
1029 2104 1162 2166 τῶν
1206 2101 1497 2183 ἐσχάταις
1538 2101 1984 2188 γεγηρακότων
2028 2106 2133 2169 καὶ
2178 2100 2297 2180 τὰς
2333 2101 2688 2186 αἰσθήσεις

351 2201 475 2289 ἤδη
523 2195 1034 2280 άσθενησάντων
1091 2204 1265 2286 λέγει
1307 2197 1344 2287 ἡ
1400 2204 1709 2286 βασιλεία
1749 2226 1897 2286 μου.
1987 2202 2140 2281 τοὺς
2181 2203 2523 2281 τοιούτους
2562 2201 2687 2287 γὰρ

356 2299 392 2366 ὃ
436 2301 668 2385 χρόνος
712 2295 892 2378 ἀξιοῖ
935 2301 1313 2389 συγγνώμης
1358 2299 1517 2368 ὅσον
1564 2303 1676 2369 ἐπὶ
1706 2308 1798 2389 τῷ
1827 2302 1916 2390 μὴ
1950 2302 2249 2371 ἐκπεσεῖν
2278 2308 2395 2370 τοῦ
2442 2304 2687 2371 οἰκείου

351 2406 625 2490 βαθμοῦ
673 2401 784 2466 διὰ
827 2400 903 2464 τὸ
945 2400 1033 2488 μὴ
1080 2397 1586 2491 ἀπαρτισθῆναι
1628 2403 1793 2470 κατὰ
1834 2405 1948 2470 τὸν
1982 2403 2441 2473 διδασκαλικὸν
2471 2405 2684 2492 λόγον.

357 2500 538 2589 ὅμως
577 2508 805 2586 μέντοι
845 2504 952 2566 καὶ
999 2496 1186 2568 αὐτοὶ
1240 2504 1540 2588 βελτίους
1591 2507 1974 2592 γενήσονται
2020 2507 2079 2575 εἰ
2130 2508 2421 2585 δυνατῶς
2465 2507 2691 2590 ἔχουσι

355 2608 628 2690 γνῶναι·
702 2608 865 2679 τέως
905 2604 1061 2686 γοῦν
1105 2597 1219 2668 οὐκ
1275 2604 1839 2693 ἕκδιωχθήσονται
1892 2612 2025 2675 τῶν
2069 2606 2327 2675 οἰκείων
2377 2612 2687 2692 βαθμῶν.

357 2706 423 2771 οἱ
468 2707 539 2770 δὲ
585 2701 935 2786 δυνάμενοι
975 2703 1080 2768 καὶ
1125 2703 1213 2789 μὴ
1260 2704 1725 2791 ἐπιμελόμενοι
1776 2709 2047 2789 ἑαυτοὺς
2092 2709 2480 2788 ἐκδιώξουσι
2519 2709 2690 2793 μετὰ

355 2806 472 2872 τὸν
515 2803 934 2891 προσήκοντα
973 2803 1207 2888 χρόνον
1254 2805 1310 2871 εἰ
1354 2802 1766 2893 ἀδιόρθωτοι
1793 2819 2089 2895 μείνωσι,
2137 2813 2241 2878 καὶ
2285 2811 2504 2877 ἔκτοτε
2534 2810 2691 2877 ἑαυ-

356 2920 512 2985 τούς
556 2900 1052 2984 αἰτιάσθωσαν’,
1112 2906 1217 2970 καὶ
1276 2905 1438 2992 μήτε
1487 2908 1603 2994 τὴν
1645 2914 1988 2995 βασιλείαν
2031 2937 2157 2996 μου
2199 2912 2365 3000 μήτε
2405 2910 2523 2998 τὴν
2568 2910 2687 2999 σὴν

358 3004 673 3095 ἆγιότητα
715 3005 879 3093 μήτε
921 3005 1037 3093 τὴν
1085 3004 1263 3088 ἱερὰν
1307 3009 1412 3072 καὶ
1461 3003 1651 3093 ἁγίαν
1697 3011 1990 3079 σύνοδον.
2079 3012 2307 3098 καιρὸς
2346 3013 2469 3098 γὰρ
2513 3009 2690 3100 ύφα-

357 3108 686 3176 πλούσθω
731 3102 958 3187 αὐτοῖς
1004 3103 1038 3172 ὃ
1084 3106 1454 3195 προσήκων,
1506 3111 1614 3174 καὶ
1659 3112 2001 3200 πρόφασιν
2047 3114 2105 3181 εἰ
2146 3114 2493 3198 βούλοιντο
2536 3116 2691 3199 βελ-

354 3214 686 3297 τιωθῆναι
730 3204 846 3275 οὐκ
891 3209 1165 3291 ἔχουσιν.

526 3311 602 3396 γ’.
693 3313 827 3375 Καὶ
881 3313 1089 3374 ταῦτα
1141 3310 1261 3390 μὲν
1318 3312 1471 3392 περὶ
1529 3314 1646 3376 τοῦ
1692 3314 1804 3377 νῦν
1848 3308 2038 3392 ὄντος
2091 3315 2528 3402 πληρώματος
2566 3317 2695 3402 τῆς

359 3411 714 3497 ἐκκλησίας.
801 3405 840 3495 ἡ
889 3410 960 3474 δὲ
1005 3408 1072 3473 ἐκ
1117 3412 1247 3474 τῶν
1292 3408 1543 3486 ἔξωθεν
1589 3412 1682 3490 εἰς
1735 3411 1849 3478 τὸν
1904 3415 2139 3498 κλῆρον
2184 3414 2497 3502 εἰσαγωγὴ
2546 3409 2691 3483 &nd

356 3534 428 3596 γε
481 3513 599 3575 τοῦ
657 3513 769 3574 νῦν
826 3508 1242 3590 σχολασάτω,
1303 3510 1427 3587 ἕως
1485 3505 1565 3578 ἂν
1624 3509 1658 3576 ὁ
1714 3515 1948 3599 κλῆρος
2003 3495 2114 3593 εἰςί
2150 3514 2266 3582 τὸν
2324 3512 2689 3601 ὡρισμένον

358 3605 651 3695 ἀριθμὸν
706 3613 1017 3696 περιστῇ·
1077 3609 1202 3675 εἰσὶ
1262 3610 1334 3675 δὲ·
1392 3605 1680 3698 όφφίκια
1736 3615 1924 3700 ἕτερα
1969 3615 2497 3704 ἕκκλησιαστικήν
2539 3643 2689 3684 τινα

356 3709 722 3796 ὑπουργίαν
795 3709 1053 3792 ἔχοντα,
1124 3712 1229 3776 καὶ
1307 3711 1363 3776 εἰ
1436 3713 1682 3781 κελεύει
1753 3711 1790 3802 ἡ
1866 3712 2192 3803 άγιωσύνη
2254 3725 2459 3797 [σου],
2528 3742 2682 3784 τασ-

359 3818 715 3879 σέσθωσαν
761 3812 853 3890 εἰς
898 3808 1064 3877 αὐτὰ
1108 3812 1174 3877 οἱ
1213 3812 1402 3897 παρά
1444 3824 1641 3881 τινων
1686 3817 2207 3902 προσαγόμενοι,
2275 3821 2381 3885 καὶ
2432 3818 2489 3885 εἰ
2530 3819 2689 3903 βού-

360 3917 586 3980 λονται
644 3913 1036 4000 ἱερωθῆναι,
1112 3910 1664 3998 άγωνιζέσθωσαν
1732 3917 1969 4003 πεῖράν
2022 3945 2096 3986 τε
2146 3919 2501 4004 λαμβάνειν
2557 3923 2693 3987 τῶν

359 4022 568 4081 θείων
614 4015 1030 4100 διδαγμάτων
1076 4014 1376 4095 πάντων,
1431 4013 1521 4095 (ὃς
1566 4019 1630 4083 οἱ
1674 4026 1861 4086 θεῖοι
1904 4022 2169 4099 κανόνες
2212 4021 2691 4107 διαγορεύουσι,

357 4118 463 4180 καὶ
508 4122 658 4199 βίου
703 4115 1178 4199 ἐπιμελεῖσθαι
1218 4122 1500 4205 χρηστοῦ
1544 4124 1649 4185 καὶ
1696 4115 2168 4209 ἆνεκτιλήπτου.
2238 4125 2347 4188 καὶ
2391 4118 2548 4188 ὅταν
2590 4126 2697 4201 τὶς

359 4213 608 4280 τούτων
655 4214 840 4294 ἄξιος
883 4216 1001 4283 σὺν
1043 4220 1187 4302 θεῷ’
1230 4226 1495 4305 γένηται
1536 4222 1758 4308 πάσης
1789 4223 2159 4309 ἱερωσύνης,
2206 4223 2360 4290 τότε
2385 4223 2495 4289 καὶ
2523 4248 2697 4308 μαρ-

359 4312 694 4400 τυρείσθω
738 4319 844 4381 καὶ
893 4316 1264 4401 εἰσαγέσθω
1312 4321 1405 4397 εἰς
1447 4319 1562 4386 τὸν
1606 4322 1841 4409 κλῆρον
1882 4327 2001 4411 τῆς
2045 4324 2385 4413 ἐκκλησίας
2426 4327 2533 4391 καὶ
2577 4327 2700 4409 τῆς
