2900 4950
1205 279 1319 341 hup.
1360 278 1550 327 Leonis
2391 219 2408 240 ‘
2433 264 2543 326 121

208 423 379 501 θοὺς
421 426 528 489 καὶ
573 424 855 502 πιστοὺς
901 420 1204 511 ὀφθῆναι
1236 421 1517 510 ἐχθροὺς
1553 418 2038 511 ἀποφανθῆναι
2068 427 2171 489 καὶ
2206 418 2550 504 ἀπίστους.

206 527 524 591 τοσοῦτον
570 525 640 590 δὲ
686 520 1073 610 ὑπέρδεινον
1115 523 1193 589 τὸ
1238 524 1434 590 κακὸν
1483 524 1594 591 ἐπὶ
1640 526 1771 590 τῶν
1818 524 2146 607 λαχόντων
2179 519 2554 610 ὀρφανικῶν

207 626 469 692 παίδων
515 625 902 712 ἐπιτροπὴν,
952 619 1125 691 εἶτα*
1172 619 1314 691 ἀντὶ
1360 627 1480 690 τοῦ
1519 622 1844 713 σωτήριον
1874 623 2199 710 πρόνοιαν
2229 629 2360 692 τῶν
2405 626 2556 695 ἐπι-

207 734 711 813 τροπευομένων
757 738 934 810 σχεῖν
980 720 1219 805 αὐτοὺς
1266 722 1568 814 ὀφθῆναι
1601 725 1852 793 τούτων
1884 725 2334 811 λυμαντικοὺς,
2384 723 2559 814 ὅσῳ5

208 832 315 895 καὶ
358 830 658 912 μείζονος
702 823 1090 914 ἠξιώθησαν
1134 834 1425 907 πίστεως
1471 826 1657 913 παρὰ
1698 830 1831 894 τῶν
1863 827 1957 907 εἷς
1999 831 2196 894 τοῦτο
2232 851 2560 915 καταστη-

211 929 466 997 σάντων
512 926 767 1007 αὐτούς.
858 929 1055 1015 δῆλον
1097 927 1238 1014 γὰρ,
1289 927 1380 1007 ὥς
1409 934 1854 1012 πεπεισμένος
1888 925 1923 994 6
1958 930 2183 1015 γονεὺς
2213 928 2328 1009 οὓς
2355 955 2557 996 κατα-

209 1033 428 1099 λείπει
494 1032 746 1109 παῖδας
810 1025 1206 1117 ὀρφανικοὺς
1272 1035 1597 1117 πατρικῆς
1665 1024 2070 1098 ἀπολαύσειν
2137 1038 2556 1117 προστασίας
2645 1079 2653 1086 -

209 1133 397 1219 παρὰ
439 1135 556 1198 τοῦ
602 1132 717 1217 τὴν
764 1131 1132 1220 ἐπιτροπὴν
1179 1131 1458 1217 ἐγχειριζ
1456 1138 1726 1216 ομένου,
1790 1133 2026 1200 δίδωσι
2068 1132 2309 1252 ταύτην
2354 1128 2551 1221 αὐτῷ.

210 1235 427 1312 καλῶς
473 1258 585 1299 ουν
632 1233 697 1299 οἱ
741 1233 874 1317 πρὸ
918 1229 1101 1319 ἡμῶν
1152 1233 1639 1318 τιμωρούμενοι
1693 1233 1808 1298 τὸν
1863 1230 2006 1299 ἀντὶ
2064 1233 2349 1317 πατρὸς,
2409 1233 2555 1303 ἀντὶ

213 1337 514 1422 σωτῆρος
583 1334 827 1412 παιδὸς
892 1328 1250 1420 ορφανικῆς
1309 1335 1719 1420 δεδειγμένον
1785 1339 2051 1422 φθορέα
2116 1334 2372 1422 (ἐξορίᾳ
2434 1336 2556 1423 γὰρ

210 1439 450 1503 τοῦτον
479 1431 954 1519 ὑποβάλλουσι,
987 1438 1093 1502 καὶ
1126 1439 1256 1502 τῶν
1288 1435 1680 1520 προσόντων
1714 1436 2016 1524 ζημιοῦσι
2045 1429 2124 1524 τῇ
2157 1431 2555 1525 ἀφαιρέσει),

213 1532 333 1604 οὔκ
376 1536 743 1624 ἐφύλαξανῦ
786 1536 899 1603 ἐπὶ
944 1538 1145 1604 καλοῦ
1189 1536 1519 1624 σχήματος
1547 1537 1624 1604 τὸ
1654 1536 1871 1617 καλὸν,
1919 1532 2065 1604 οὐδ’
2113 1534 2192 1625 ἤν
2222 1563 2372 1606 τινα
2401 1542 2558 1626 περὶ

209 1642 330 1705 τοῦ
376 1634 767 1724 ὑβρισμένου
811 1641 922 1704 καὶ
968 1637 1150 1705 δεινὰ
1194 1638 1546 1718 παθόντος
1588 1635 1857 1726 γυναίου
1889 1635 2056 1724 ὑπὲρ
2093 1643 2211 1706 τοῦ
2239 1644 2557 1729 βοηθεῖνΊ

210 1743 290 1828 τῇ
334 1739 576 1824 ταύτης
619 1740 932 1827 δυστυχίᾳ
977 1741 1420 1826 λαμβάνοντες
1468 1738 1753 1826 ὁρῶνται
1797 1741 2142 1826 πρόνοιαν,
2191 1740 2260 1808 ἐν
2309 1746 2403 1829 τῷ
2455 1743 2558 1808 δι-

214 1841 562 1927 ορίζεσθαι
588 1840 704 1928 τὴν
734 1844 851 1907 τοῦ
899 1847 1213 1928 φθορέως
1258 1839 1543 1929 ὕπαρξιν
1589 1842 1761 1927 πρὸς
1786 1841 1864 1909 τὸ
1897 1842 2214 1929 δημόσιον
2246 1842 2554 1930 ἄγεσθαι,

215 1937 291 2010 οὗ
338 1941 775 2021 συνιδόντεςῧ,
840 1939 930 2021 ὥς
990 1943 1059 2009 ἐκ
1114 1942 1350 2010 τούτου
1395 1950 1648 2030 γίνεται
1692 1938 1920 2022 αὐτοῖς
1965 1945 2251 2028 νομίζειν
2297 1940 2556 2012 ἀδικίαν

215 2040 634 2128 ἀμύνασθαι,
691 2044 779 2131 μὴ
836 2051 1066 2130 μέντοι
1120 2043 1350 2125 σώζειν
1407 2043 1486 2108 τὸ
1542 2043 1860 2134 βούλημα.
1951 2049 2085 2112 ποῦ
2130 2045 2252 2132 γὰρ
2299 2041 2560 2126 ἀδικίας

216 2172 461 2231 αμυνα,
516 2144 605 2234 μή
650 2149 768 2212 τοῦ
815 2141 1247 2231 ἀδικηθέντος
1291 2140 1885 2233 ἀπολαμβάνοντος
1928 2146 2005 2215 τὸ
2052 2141 2338 2234 ἀδίκημα
2392 2148 2559 2234 μηδὲ

214 2246 332 2335 τὴν
373 2251 826 2332 κατασχοῦσαν
871 2243 1070 2315 αὑτὸν
1116 2245 1465 2335 συμφορὰν
1496 2246 1610 2316 διὰ
1638 2250 1755 2335 τῆς
1790 2250 1908 2314 τοῦ
1920 2247 2143 2369 ..νόμου
2176 2247 2560 2334 ἐπικουρίας

217 2345 726 2489 ἀποφυγόντοςς
762 2356 933 2418 ποία
976 2343 1040 2416 δ’
1091 2344 1403 2437 ἀποφυγὴ
1449 2352 1544 2437 τῷ
1585 2355 1829 2436 γυναίῳ
1873 2353 1988 2438 τῆς
2034 2353 2399 2437 συμφορᾶς,
2448 2345 2561 2417 ὅτε

217 2447 296 2520 οὗ
351 2452 555 2539 μόνον
613 2448 726 2520 06⁹
778 2452 1214 2539 παραμύθιον
1269 2448 1556 2538 εὑρίσκει
1607 2454 1723 2539 τῆς
1777 2451 2153 2535 δυστυχίας,
2226 2445 2395 2520 ἀλλὰ
2448 2454 2556 2522 καὶ

215 2555 652 2641 ποριζόμενον
697 2556 959 2643 ἑτέρῳω
998 2555 1226 2641 κέρδος
1271 2551 1394 2641 ὃρᾷ
1451 2556 1522 2623 ἐκ
1575 2557 1693 2642 τῆς
1737 2554 1911 2634 ἰδίας
1951 2550 2202 2641 ὕβρεως
2242 2557 2407 2622 καὶ“
2453 2555 2559 2623 αἰ-

218 2679 485 2744 σχυνηςί

370 2754 507 2825 Ἵνα
551 2782 667 2825 ουν
712 2755 940 2844 ὥσπερ
983 2759 1219 2842 κηλῖδα
1258 2757 1553 2842 mvndvm
1594 2782 1745 2825 τινα
1785 2760 1880 2845 τῷ
1925 2756 2106 2845 νόμῳ
2151 2764 2558 2844 προστριβο-

215 2866 416 2946 μένην
457 2858 888 2945 καθάρωμεν,
944 2859 1022 2925 τὸ
1067 2865 1584 2947 προσφέρεσθαι
1625 2861 1718 2944 τῷ
1767 2859 2064 2946 δημοσίῳ
2108 2858 2224 2946 τὴν
2269 2855 2555 2945 ὕπαρξιν

215 2965 334 3030 τοῦ
368 2966 684 3049 φθορέως
715 2956 1284 3044 ἀποθεσπίζομεν,
1330 2960 1674 3044 κελεύομεν
1716 2959 1787 3025 δὲ
1833 2958 1966 3025 ἐκεῖ
1992 2959 2230 3045 ταύτην
2264 2957 2556 3045 ἀπιέναι,

215 3053 298 3130 οὗ
340 3062 460 3150 τὴν
505 3057 763 3129 ἀδικίαν
805 3059 918 3127 καὶ
958 3059 1036 3125 τὸ
1082 3060 1457 3147 δυστύχημα
1503 3056 1538 3126 ὃ
1583 3063 1699 3149 τῆς
1741 3055 2088 3144 ὑπάρξεως
2116 3061 2337 3147 κύριος
2371 3088 2557 3131 κατε-

211 3164 479 3251 βάλετο.

220 3328 281 3338 -ι

353 3418 551 3491 “Apud
586 3419 784 3481 Scrimg.
821 3406 939 3467 εἶτα
978 3419 1128 3469 deest.
1229 3415 1249 3445 ⁵
1284 3418 1382 3469 Ecl.
1421 3411 1572 3467 ὅσον.
1679 3415 1702 3445 ⁶
1740 3418 1939 3481 Scrimg.
1970 3412 2127 3485 ἐφύλ.
2170 3412 2245 3467 δὲ.
2355 3415 2372 3443 ⁷
2409 3419 2558 3471 eodd.

218 3501 293 3573 μὴ
329 3504 585 3569 βοηθεῖν,
636 3504 735 3554 Ecl.
772 3511 931 3554 autem
968 3504 1267 3567 negationem
1304 3519 1401 3555 non
1452 3506 1623 3568 habet,
1678 3518 1879 3568 eamque
1918 3511 2011 3554 tam
2049 3505 2214 3569 Steph.
2253 3518 2393 3569 quam
2430 3506 2559 3571 Agyl.

222 3590 469 3641 delendam
508 3604 618 3639 esse
654 3597 962 3639 censuerunt.
1063 3628 1069 3632 .
1100 3587 1121 3615 ⁸
1154 3589 1254 3640 Ecl.
1291 3583 1610 3645 συνειδότες.
1761 3586 1784 3615 ⁹
1817 3590 2014 3651 Negatio
2051 3591 2190 3640 abest
2222 3590 2281 3639 ab
2319 3592 2558 3655 omnibus„

221 3675 308 3725 sed
342 3675 619 3725 necessario
656 3675 921 3738 supplenda
957 3680 1073 3724 erat.
1177 3672 1215 3701 ¹⁰
1253 3675 1402 3725 Codd.
1423 3666 1654 3744 ὕστερον
1686 3668 1879 3725 ἔτεσιν.
1939 3674 2038 3725 Ecl.
2063 3666 2268 3741 ἕτερον.
2379 3672 2411 3701 ¹¹
2450 3677 2559 3726 Par-

222 3760 365 3809 ticula
398 3754 490 3807 καὶ
527 3759 665 3809 deest
696 3760 744 3809 in
784 3760 951 3825 Codd„
987 3759 1074 3809 sed
1110 3760 1311 3810 habetur
1346 3761 1396 3810 in
1432 3759 1532 3810 Eel.
1669 3757 1710 3786 ¹²
1745 3762 1816 3810 lta
1850 3760 1947 3809 ΕοΙ.
2020 3761 2170 3811 Codd.
2194 3754 2375 3828 μώμῳ
2412 3755 2553 3809 τινὰ.

223 3846 363 3898 Forte
395 3837 680 3913 μωμητῆν.
