2900 4950
401 221 529 288 588
1317 238 1529 288 coum
1596 239 1713 287 Nm.
1748 237 1827 287 vu.

395 388 456 455 εἰ
499 389 572 454 δὲ
612 393 1042 472 βενέτικσς
1085 385 1397 474 φονεύσει
1438 390 1897 470 βενέτικον,
1945 384 2005 451 εί
2044 385 2167 466 μὲν
2210 383 2339 462 ἔξω
2378 386 2499 471 τῆς
2542 411 2757 452 κων-

395 488 1172 567 σταντινουπόλεως
1216 485 1531 575 φονεύσει
1572 490 1841 564 τοῦτον,
1899 486 2013 551 ἵνα
2054 481 2355 570 κρίνηται
2396 485 2588 571 παρὰ
2630 491 2755 554 τοῦ

390 592 724 675 μπαΐλου·
782 591 843 658 εἰ
897 592 972 656 δὲ
1025 590 1094 656 ἐν
1148 593 1228 676 τῇ
1285 586 2176 655 κωνσταντινουπόλει
2228 592 2493 674 γένηται
2540 588 2756 675 φόνος

399 687 539 758 άπὸ
582 698 1012 776 βενετίκου
1057 692 1153 770 εἰς
1193 696 1656 774 βενέτεκον,
1702 690 1817 754 ι’να
1857 694 2157 775 κρίνηται
2194 691 2301 754 καὶ
2332 692 2532 756 τοῦτο
2560 693 2755 775 παρὰ

394 797 512 860 τοῦ
555 798 797 877 μέρους
837 796 953 879 τῆς
994 793 1340 875 βασιλείας
1381 815 1529 875 μου.

548 890 684 960 ‘Ira
727 888 1033 980 άπολύσῃ
1062 889 1101 980 ἦ
1133 895 1442 978 βασιλεία
1469 915 1601 976 μου
1628 891 1784 970 τοὺς
1823 897 2099 975 βενετί
2111 914 2329 970 κους,
2375 887 2579 970 ὅσους
2610 893 2749 976 ἔχει

395 999 935 1078 κεκρατημένους·
979 997 1087 1061 καὶ
1135 991 1337 1073 ὅσους
1365 995 1438 1060 δὲ
1482 995 1903 1078 ρωμαίους
1940 996 2293 1076 κρατοῦσιν
2323 993 2391 1059 οἱ
2418 1000 2749 1078 βενέτι-

395 1121 557 1176 κσι,
604 1097 717 1161 ι’να
759 1092 1022 1182 άπολύῃ
1066 1096 1343 1175 τούτους
1374 1091 1411 1159 ὖ
1443 1095 1603 1172 δούξ
1640 1100 2023 1178 βενετίας
2063 1119 2171 1159 και
2209 1093 2288 1159 τὸ
2316 1095 2748 1216 κρυμούνιον·

397 1194 715 1276 ὡσαύτως
774 1198 847 1264 δὲ
904 1192 1300 1263 ἀπολύσωσι
1353 1199 1463 1263 καὶ
1520 1220 1680 1274 τους
1740 1193 2207 1278 κρητικοὺς,
2273 1195 2429 1273 τοὺς
2485 1220 2751 1300 κορω-

395 1306 680 1378 ναίους
721 1324 794 1366 τε
837 1324 944 1365 και
991 1298 1146 1378 τοὺς
1186 1303 1747 1383 μεθωναίους,
1794 1295 1951 1374 τοὺς
1993 1294 2393 1380 φθάσαντας
2422 1304 2747 1421 γενέσθαι

393 1403 511 1485 τῆς
549 1401 896 1484 βασιλείας
935 1423 1066 1482 μου
1108 1403 1216 1465 καὶ
1263 1403 1791 1480 κατασχεθέντας
1834 1390 1990 1478 παρ’
2039 1391 2275 1474 αὐτῶν,
2323 1393 2533 1488 ὁπότε
2573 1402 2745 1486 ἦσαν

398 1492 589 1566 οὗτοι
640 1503 760 1587 τῆς
812 1501 1158 1584 βασιλείας
1210 1521 1375 1583 μου·
1431 1502 1541 1565 καὶ
1601 1499 1659 1565 εί
1712 1501 1835 1584 μὲν
1886 1496 2293 1584 θελήσουσιν
2334 1499 2403 1565 01
2444 1505 2745 1568 τοιοῦτοι

396 1604 772 1686 κρητικοὶ
815 1595 858 1687 ἢ
888 1601 954 1666 οἱ
997 1611 1458 1684 κορωναῖοι
1498 1594 1540 1685 ἢ
1571 1624 1636 1666 σι
1678 1606 2150 1685 μεθωναῒοι
2194 1600 2308 1666 ι’να
2334 1600 2543 1667 πάλιν
2574 1592 2741 1669 ὦσιν

391 1701 628 1793 ρκεῖσε,
675 1707 928 1785 μένωσι
971 1696 1124 1784 παρ’
1175 1697 1392 1768 αὐτῶν
1437 1696 1785 1787 άβλαβεῒς·
1844 1702 1903 1768 εί
1948 1701 2019 1767 δὲ
2064 1700 2466 1786 θελήσουσιν
2512 1703 2741 1771 ἐλθεῖν

397 1804 494 1883 είς
547 1803 664 1888 τὴν
718 1802 936 1886 χώραν
993 1807 1109 1889 τῆς
1149 1800 1496 1889 βασιλείας
1543 1826 1704 1886 μου,
1764 1803 1878 1868 ἵνα
1932 1796 2361 1870 άπολύωνται
2413 1805 2583 1886 μετὰ
2624 1809 2741 1870 τοῦ

399 1907 560 1972 λαοῦ
606 1900 843 1971 αὐτῶν.

550 2004 683 2074 Ἵνα
727 2002 804 2073 οὗ
847 2005 976 2092 μὴν
1018 2004 1465 2093 παραχωρήσῃ
1524 2002 1565 2091 ἡ
1620 2005 1930 2089 βασιλεία
1982 2027 2113 2086 μου
2168 2009 2486 2088 γενέσθαι
2529 2000 2741 2092 άρμά-

394 2133 601 2176 τωσιν
657 2103 798 2175 άπὸ
854 2112 970 2194 τῆς
1020 2106 1239 2191 χώρας
1294 2103 1496 2193 αὗτῆς
1548 2106 1715 2173 κατὰ
1764 2108 1897 2172 τῶν
1950 2110 2426 2189 βενετίκων·
2495 2107 2610 2175 ἐὰν
2666 2111 2741 2177 δὲ

393 2217 659 2298 γένηται
705 2211 917 2297 ζημία,
964 2210 1076 2275 ἵνα
1120 2209 1493 2292 διορθῶται
1537 2208 1778 2295 ταύτην
1821 2202 1861 2293 ἡ
1905 2207 2214 2290 βασιλεία
2254 2231 2405 2291 μου.

550 2309 686 2379 Ἵνα
730 2311 843 2378 ἐὰν
886 2309 1274 2394 κουρσάριοι
1312 2315 1735 2395 βενέτικοι
1778 2307 2120 2394 ποιήσωσι
2170 2334 2324 2376 τινα
2365 2310 2598 2395 ζημίαν
2644 2312 2741 2390 εἰς

394 2413 512 2504 τὴν
553 2412 772 2498 χώραν
815 2415 931 2498 τῆς
971 2412 1319 2495 βασιλείας
1359 2435 1509 2496 μου,
1558 2412 1656 2479 ἔνι
1701 2411 1924 2494 ἔνοχος
1967 2405 2005 2476 ὃ
2046 2409 2344 2493 μπάῑλος
2370 2415 2478 2479 καὶ
2510 2413 2575 2481 οἱ
2608 2413 2741 2483 ider-

393 2518 499 2581 κοὶ
541 2509 744 2579 αὐτοῦ
792 2513 1018 2580 ἐπάνω
1064 2513 1159 2592 εἰς
1200 2513 1316 2579 τὸν
1361 2510 1555 2599 ὅρκον
1578 2508 1813 2592 αὐτῶν,
1860 2508 2052 2590 ὅπως
2081 2508 2465 2597 εὑρίσκωσιν
2493 2508 2741 2595 αὐτούς

393 2618 502 2681 καὶ
545 2617 867 2699 κρατῶσι,
925 2616 1032 2681 καὶ
1079 2617 1338 2683 ποιῶσι
1377 2614 1623 2692 ποινὰς
1667 2614 1762 2692 εἰς
1806 2608 2073 2692 αὐτοὺς,
2128 2616 2237 2679 καὶ
2284 2614 2612 2698 ἐπαίρωσι
2654 2616 2738 2683 τὸ

393 2719 669 2800 πρᾶγμα
710 2719 843 2782 τῶν
873 2710 1327 2803 ἀδικηθέντων
1355 2718 1465 2782 καὶ
1504 2715 1864 2783 ἐπιδιδῶσι
1892 2713 2065 2799 πρὸς
2093 2710 2351 2796 αὖτοὺς,
2395 2713 2549 2784 ἄνευ
2575 2724 2736 2802 μέν·
2818 2759 2825 2763 ·

392 2840 500 2883 τοι
542 2820 675 2883 τῶν
717 2824 1159 2903 βενετίκων
1202 2821 1335 2884 τῶν
1364 2817 1775 2902 κρατούντων
1805 2822 1999 2903 νησία
2028 2816 2139 2882 καὶ
2164 2817 2254 2903 μὴ
2284 2814 2734 2903 ὑποκειμένων

391 2922 472 3006 τῇ
514 2925 875 3007 βενετίᾳ·
923 2919 1036 2987 ἐὰν
1081 2921 1154 2987 δὲ
1194 2923 1302 2986 καὶ
1348 2914 1490 2985 άπὸ
1533 2919 1756 3003 ἑτέρου
1799 2923 2026 3005 γένους
2068 2912 2111 3005 ἢ
2154 2914 2294 2985 άπὸ
2324 2924 2457 2987 τῶν
2487 2927 2732 3007 νησίων

391 3024 527 3088 τῶν
557 3017 649 3100 ὥς
648 3022 934 3143 ,είρηται
960 3022 1052 3108 μὴ
1082 3018 1533 3106 ὑποκειμένων
1563 3025 1642 3109 τῇ
1685 3027 1733 3106 β
1744 3026 2018 3106 ενετίᾳ
2062 3019 2321 3087 ἔλθωσι
2346 3022 2737 3107 κουρσάριοι

393 3121 560 3189 κατὰ
599 3127 717 3210 τῆς
757 3123 976 3209 χώρας
1017 3128 1135 3210 τῆς
1175 3123 1521 3209 βασιλείας
1574 3145 1738 3206 μου,
1799 3116 1876 3187 οὗ
1929 3119 2061 3208 μὴν
2118 3122 2436 3204 δέχωνται
2490 3120 2735 3204 αὐτοὺς

390 3217 434 3310 ἢ
478 3224 573 3303 εἷς
611 3224 830 3310 χώραν
875 3221 1092 3293 αὐτῶν
1133 3221 1176 3313 ἢ
1222 3224 1315 3302 εἷς
1359 3229 1620 3310 νησίον,
1680 3217 1817 3290 ἄλλ
1866 3222 1979 3287 ι’να
2019 3220 2361 3306 μάχωνται
2401 3228 2509 3291 καὶ
2555 3220 2733 3293 άπο-

393 3325 722 3394 διώκωσιν
766 3322 1024 3407 αὐτοὺς,
1069 3324 1300 3403 καθώς
1339 3328 1446 3392 καὶ
1494 3326 1560 3391 οἱ
1603 3328 1721 3391 τοῦ
1763 3330 2003 3408 μέρους
2045 3328 2160 3412 τῆς
2191 3324 2536 3410 βασιλείας
2576 3351 2731 3410 μου.

393 3423 580 3505 ὅστις
623 3430 696 3495 δὲ
741 3422 1126 3510 ἀναδέχεται
1164 3428 1470 3506 τούτους,
1530 3426 1644 3493 ἐὰν
1690 3423 1840 3512 εὕρῃ
1897 3433 2221 3510 τιμωρίαν
2267 3422 2406 3494 άπὸ
2448 3431 2565 3514 τῆς
2605 3436 2735 3514 βα-

392 3528 645 3606 σιλείας
701 3552 862 3613 μου,
925 3525 1001 3594 οὐ
1055 3528 1184 3614 μὴν
1243 3528 1529 3610 ἐνέχεται
1583 3524 1623 3614 ἥ
1679 3528 1988 3612 βασιλεία
2040 3552 2170 3612 μου
2225 3527 2320 3607 εἰς
2373 3529 2489 3596 τὸν
2527 3526 2733 3614 ὅρκον

387 3628 579 3715 χάριν
621 3632 738 3717 τῆς
781 3628 1195 3708 παιδεύσεως
1237 3632 1369 3696 τῶν
1411 3628 1755 3697 τοιούτων.

545 3727 680 3798 Ἵνα
709 3730 822 3799 ἐὰν
854 3734 1069 3819 συμβῇ
1099 3736 1415 3817 γενέσθαι
1441 3734 1509 3798 τὶ
1538 3729 1814 3819 σφάλμα
1844 3724 1984 3797 ἆπο
2012 3733 2132 3797 τοῦ
2158 3737 2400 3817 μέρους
2432 3736 2550 3820 τῆς
2592 3740 2729 3819 βε-

390 3841 668 3912 νετίας
713 3833 808 3911 εἰς
848 3832 926 3898 τὸ
968 3838 1168 3918 μέρος
1209 3836 1327 3921 τῆς
1367 3834 1712 3919 βασιλείας
1753 3857 1901 3917 μου,
1948 3826 2022 3898 ού
2053 3832 2182 3920 μὴν
2213 3828 2475 3921 ἀπολύῃ
2518 3831 2558 3922 ἦ
2604 3841 2735 3920 βα·-

389 3937 609 4002 σιλεία
649 3959 780 4020 μου
824 3935 942 4022 τὴν
986 3931 1249 4022 ἀγάπην
1278 3938 1395 4000 τοῦ
1434 3931 1895 4021 εὐγενεστάτου
1927 3934 2159 4013 δουκὸς
2199 3942 2577 4021 βενετίας
2618 3943 2734 4004 καὶ

390 4040 943 4122 τοῦ’κουμουνίου
990 4032 1206 4103 αὐτῶν
1250 4039 1357 4104 καὶ
1403 4041 1664 4124 κινῆται
1694 4035 1787 4114 εἰς
1812 4035 2043 4124 μάχην,
2090 4031 2227 4102 ἀλλ’
2262 4037 2373 4104 ἵνα
2403 4038 2733 4126 διαμηνύῃ

389 4140 483 4222 τῷ
516 4135 950 4223 εὐγενεστάτη)
984 4136 1168 4204 δουκὶ
1209 4144 1589 4223 βενετίας
1629 4140 1738 4204 καὶ
1769 4140 1862 4223 τῷ
1897 4144 2285 4225 κουμουνίῳ,
2330 4142 2441 4205 καὶ
2467 4145 2737 4226 γίνηται

390 4233 545 4321 παρ’
596 4234 812 4307 αὐτῶν
854 4234 892 4326 ἡ
947 4237 1333 4324 διόρθωσις,
1425 4236 1741 4319 ὡσαύτως
1797 4240 1909 4306 ἵνα
1968 4239 2082 4306 ἐὰν
2135 4243 2355 4328 συμβῇ
2408 4246 2738 4325 γενέσθαι

386 4341 449 4405 τὶ
497 4340 774 4425 σφάλμα
816 4339 1003 4425 παρὰ
1055 4343 1173 4406 τοῦ
1228 4346 1468 4426 μέρους
1522 4344 1639 4428 τῆς
1691 4343 2035 4426 βασιλείας
2085 4366 2216 4426 μου
2268 4343 2362 4421 εἰς
2405 4341 2483 4409 τὸ
2525 4349 2737 4429 μέρος
