2900 4950
356 293 439 354 52
1040 258 1049 275 x
1258 297 1824 348 c011.1.N0v.xxvl.

359 480 478 537 μεν
546 450 789 539 δηλαδὴ
855 452 972 534 τῆς
1037 441 1254 513 αὐτῶν
1318 444 1597 532 μητρὸς,
1666 446 1772 509 καὶ
1829 439 2164 509 κατόπιν’ι
2226 438 2706 528 τελευτήσωσιν

362 550 653 629 ἅπαντες
697 552 761 616 οἱ
807 551 1065 628 παῖδες,
1114 551 1469 635 τηνικαῦτα
1513 546 1583 612 αἱ
1625 543 1877 610 τούτων
1905 538 2222 628 ὑπάρξεις
2253 542 2347 621 εἰς
2375 542 2529 621 τοὺς
2558 542 2703 609 ἑκα-

362 659 552 773 τέρου
608 658 848 737 μέρους
904 660 1233 736 συγγενεῖς
1287 643 2028 768 παραπεμφθήσονται,
2087 649 2426 710 τουτέστιν
2483 644 2580 722 είς
2630 668 2706 711 τε

361 753 517 832 τοὺς
579 752 752 838 πρὸς
813 751 1058 836 μητρὸς
1124 753 1231 816 καὶ
1297 748 1471 834 πρὸς
1524 745 1780 830 πατρὸς
1833 745 2001 811 κατὰ
2055 744 2171 830 τὴν
2223 748 2357 811 τῶν
2414 745 2703 829 βαθμῶν

363 853 706 940 ἐγγύτητα,
768 849 866 930 ’ὥς
928 853 1377 937 προλέλεκται.
1467 847 1544 913 τὸ
1611 853 1838 931 μέντοι
1899 842 2411 929 ὖπολελειμένον
2472 870 2706 929 τετρα-

363 955 622 1040 ούγκιον
665 951 817 1037 ἤτοι
856 952 934 1018 τὸ
978 959 1200 1037 τρίτον
1241 950 1478 1035 μόριον
1520 952 1636 1035 τῆς
1691 943 2124 1026 ὑποστάσεως
2172 951 2289 1012 τοῦ
2333 945 2450 1012 τόν
2491 947 2702 1031 γάμον

365 1055 797 1132 διαλύσαντος
841 1048 1257 1139 ἀφεθήσεται
1302 1047 1481 1136 αὐτῷ
1526 1048 1697 1134 πρὸς
1736 1052 1967 1134 χρῆσιν
2013 1047 2237 1134 ψιλὴν,
2296 1052 2411 1134 τῆς
2456 1048 2705 1114 δεσπο-

361 1163 542 1234 τείας
584 1154 934 1240 προδήλως
975 1164 1120 1231 τοῖς
1164 1152 1236 1232 ἐξ
1277 1147 1478 1217 αὐτοῦ
1525 1151 2017 1237 φυλαττομένης
2059 1151 2317 1227 παισὶν,
2369 1147 2457 1234 μὴ
2503 1150 2704 1213 δυνα-

360 1262 561 1339 μένου
606 1252 807 1321 αὗτοῦ
852 1255 1017 1341 μηδὲ
1062 1252 1138 1318 τὸ
1184 1254 1559 1337 προλεχθὲν
1601 1257 1823 1334 τρίτον
1865 1255 2093 1334 μέρος,
2151 1248 2316 1334 μήτε
2372 1245 2544 1332 ὅπερ
2609 1248 2705 1327 εἷς

361 1356 440 1421 τὸ
495 1357 735 1440 μέλλον
804 1353 1319 1442 προσκτήσεται,
1386 1354 1633 1436 ἑτέροις
1698 1349 2218 1433 καταλιμπάνειν
2274 1348 2703 1435 κληρονόμοις

360 1451 512 1523 καθ’
564 1455 959 1542 οἱονδήποτε
1003 1454 1198 1540 λόγον
1240 1457 1373 1519 τῶν
1430 1453 1668 1519 ἑαυτοῦ
1716 1450 2082 1536 περιόντων
2137 1456 2406 1529 τέκνων,
2465 1449 2524 1517 εἰ
2576 1450 2702 1537 μή·

361 1580 531 1623 ποτε
575 1557 668 1634 εἰς
712 1555 990 1642 ψυχικὴν
1023 1550 1224 1621 αὐτοῦ
1261 1560 1591 1640 σωτηρίαν
1623 1552 2085 1630 συντεινούσας
2128 1546 2437 1639 ἀφορμὰς
2481 1576 2702 1636 παρα-

362 1663 636 1740 πέμψαι
676 1658 1058 1742 βουληθείη.
1151 1656 1210 1722 εἰ
1250 1655 1372 1742 γὰρ
1417 1653 1979 1740 προετελεύτησαν
2015 1654 2100 1719 vi
2157 1651 2391 1718 τούτου
2438 1651 2697 1731 παῖδες,

361 1755 592 1823 ἄδειαν
636 1757 831 1839 ἐχέτω
874 1757 990 1844 τὴν
1037 1757 1674 1842 ἐγκαταλειφθεῖσαν
1720 1750 1896 1840 αὐτῷ
1941 1754 2251 1839 τοιαύτην
2295 1749 2579 1838 ὕπαρξιν
2609 1749 2702 1832 ὥς

361 1851 442 1923 ἄν
487 1857 743 1925 ἐθέλειε
788 1859 1079 1937 διοικεῖν,
1124 1860 1236 1924 καὶ
1280 1852 1470 1923 οὐδὲν
1516 1857 1585 1935 ἐξ
1614 1852 1979 1941 ἇδιαθέτου
2012 1851 2518 1941 κωλυθήσονται
2546 1857 2703 1920 τοῦ-

364 1981 480 2024 τον
535 1960 960 2042 κληρονομεῖν
1018 1960 1083 2024 οἱ
1139 1959 1496 2043 ἐγγίζοντες
1551 1953 1728 2043 αὐτῷ
1778 1956 1945 2024 κατὰ
1997 1961 2389 2041 συγγένειαν.
2477 1955 2538 2021 εἰ
2577 1956 2701 2037 μὲν

360 2049 474 2124 οὖν
532 2061 772 2138 παῖδες
828 2056 1219 2143 ὑπάρχουσι,
1277 2064 1513 2125 τοῦτον
1561 2060 2139 2143 πρυτανευέσθω”ι
2191 2056 2308 2122 τὸν
2350 2054 2603 2140 τρόπον
2657 2052 2697 2143 ἦ

359 2154 560 2225 αὐτοῦ
606 2167 979 2242 περιουσία.
1072 2160 1131 2226 εἰ
1176 2161 1248 2225 δέ
1289 2185 1362 2244 γε
1407 2160 1475 2225 ἐν
1518 2162 1611 2243 τῷ
1654 2158 1898 2242 μεταξὺ
1939 2158 2153 2244 χρόνῳ
2197 2151 2434 2243 πρὶνῆ
2474 2156 2553 2222 τὸ
2582 2161 2700 2242 τῆς

356 2255 753 2337 ὑποθέσεως
796 2259 983 2344 παρὰ
1025 2270 1302 2344 κριταῖς·
1333 2260 1696 2346 ζητηθῆναι
1748 2262 1857 2324 καὶ
1912 2258 2029 2345 τὴν
2083 2257 2549 2345 προσήκουσαν
2595 2258 2699 2326 ἔκ-

356 2365 555 2445 βασιν
601 2361 925 2439 δέξασθαι
968 2358 1303 2446 τετύχηκεν
1344 2361 1729 2445 τελευτῆσαι
1771 2359 1849 2424 τὸ
1890 2365 2114 2426 τέκνον
2157 2354 2199 2445 ἢ
2240 2358 2324 2426 τὰ
2365 2365 2558 2425 τέκνα
2586 2360 2694 2425 καὶ

356 2458 644 2539 ἄπαιδες
685 2459 1130 2545 τυγχάνουσιν,
1176 2459 1326 2526 τότε
1368 2458 1542 2545 πρὸς
1584 2464 1662 2545 τῇ
1696 2454 2236 2528 άποκαταστάσει
2273 2464 2390 2546 τῆς
2419 2459 2697 2546 προικὸς

356 2565 462 2628 καὶ
509 2565 627 2648 τῆς
669 2567 1121 2646 προγαμιαίας
1165 2561 1416 2644 δωρεᾶς
1471 2563 1578 2627 καὶ
1637 2560 1714 2625 τὸ
1760 2562 1831 2640 ἐξ
1872 2558 2196 2640 ἀπαιδίας
2237 2562 2539 2629 κάσσον”
2583 2563 2698 2629 δο-

355 2652 645 2749 θήσετᾶι
686 2666 765 2747 τῇ
811 2664 1082 2746 γυναικὶ,
1132 2658 1299 2747 ὅπερ
1346 2657 1485 2728 άπὸ
1529 2663 1831 2747 τελευτῆς
1870 2666 1988 2728 τοῦ
2034 2658 2273 2749 ἀνδρὸς
2317 2659 2477 2750 αὐτῇ
2517 2662 2695 2730 ἕπω-

356 2764 654 2847 φείλετο,
713 2765 818 2828 καὶ
879 2757 1007 2828 εἶθ’
1070 2759 1280 2840 οὕτως
1336 2764 1738 2846 διαιρείσθω
1794 2759 1833 2849 ἦ
1894 2766 2097 2851 λοιπὴ
2155 2761 2356 2831 αὖτοῦ
2411 2761 2695 2849 ὕπαρξις

352 2862 520 2929 κατὰ
571 2862 687 2927 τὸν
752 2869 1317 2950 προῦφηγηθέντα
1382 2861 1667 2943 σκοπόν,
1735 2870 1841 2931 καὶ
1902 2865 1981 2931 τὸ
2043 2868 2163 2950 μὲν
2218 2872 2440 2951 τρίτον
2495 2870 2696 2950 μέρος

354 2963 641 3050 λήψεται
684 2959 775 3042 ὥς
818 2970 1220 3052 προέφημεν,
1266 2963 1345 3030 τὸ
1378 2965 1450 3031 δέ
1489 2989 1562 3049 γε
1592 2965 1814 3051 ἕτερον
1841 2962 2045 3053 ἥμισυ
2078 2969 2260 3034 ἕκτον
2289 2978 2433 3047 τοῖς
2463 2973 2696 3034 πενέσι

354 3064 850 3152 διαδοθήσεται.
942 3066 1114 3152 πρὸς
1156 3066 1417 3145 τούτοις
1448 3068 1520 3133 δὲ
1549 3078 1694 3146 τοῖς
1723 3068 2250 3153 ὀξγκεκριλιιέιόιξΜ
2293 3072 2692 3155 παραχρῆμα

353 3160 905 3254 ἆπελασθήσεται
959 3167 1267 3234 ἑπταετεῖ
1324 3164 1867 3253 ὑποβαλλόμενος
1922 3169 2173 3254 ἐξορίᾳ,
2231 3169 2694 3254 κωλυθήσεται

348 3268 425 3345 δὲ
470 3268 564 3346 εἷς
610 3270 951 3352 δευτέρους
994 3263 1367 3354 ἀφικέσθαι
1408 3270 1659 3353 γάμους
1713 3274 1938 3353 μέχρις
1984 3263 2063 3334 ἂν
2105 3266 2184 3331 τὸ
2226 3271 2343 3332 τοῦ
2388 3268 2691 3336 θανάτου

347 3375 557 3453 πέρας
602 3370 960 3446 εἰσδέξεται
1004 3367 1118 3432 τὸν
1165 3368 1232 3434 ἐκ
1275 3372 1391 3432 τοῦ
1448 3369 1783 3452 παρόντος
1837 3366 2041 3449 νόμου
2099 3366 2465 3454 ἐπῃρμένον
2511 3365 2689 3457 αὐτῷ

345 3463 776 3552 ὑφορώμενος
818 3467 1147 3532 κίνδυνον·
1208 3467 1266 3533 εἰ
1308 3466 1431 3551 γὰρ
1479 3477 1714 3553 φανείη
1758 3471 1954 3532 τοῦτο
2000 3468 2441 3555 τετολμηκὼς,
2490 3465 2689 3552 αὐτὸς

343 3567 465 3648 μὲν
510 3565 792 3650 διηνεκεῖ
834 3572 1405 3649 παραπεμπέσθω
1444 3566 1686 3653 ἐξορίᾳ,
1733 3566 2123 3653 παράνομος
2154 3566 2291 3637 δὲ·ί
2258 3595 2294 3635 ο
2337 3572 2547 3657 γάμος
2575 3577 2686 3642 καὶ

346 3660 499 3732 οὐδὲ
541 3664 750 3751 γάμος
795 3666 994 3745 ἐστω,
1051 3660 1472 3751 άπρόσδεκτα
1516 3668 1588 3733 δὲ
1631 3667 1717 3733 τὰ
1761 3667 1832 3747 ἐξ
1872 3665 2074 3736 αὐτοῦ
2117 3671 2310 3754 τυχὸν
2353 3674 2686 3762 προβήσε-

345 3772 518 3833 σθαι
571 3767 894 3852 μέλλοντα
948 3771 1170 3848 τέκνα,
1227 3768 1555 3854 μηδεμιᾶς
1610 3763 2039 3838 ἀπολαύοντα
2091 3780 2414 3858 προνοίας
2459 3775 2526 3842 ἐκ
2567 3803 2685 3898 της

343 3864 546 3933 αὐτοῦ
591 3873 997 3953 περιουσίας.
1086 3872 1193 3935 καὶ
1237 3872 1445 3936 ταῦτα
1487 3872 1638 3954 μὲν,
1707 3871 1895 3956 εἰπερ
1942 3867 2102 3960 ἀνὴρ
2147 3880 2439 3962 πέφυκεν
2486 3871 2522 3942 ό
2564 3877 2683 3964 τὴν

343 3961 679 4053 ἀσχήμονα
735 3967 976 4056 ταύτην
1033 3971 1396 4059 μελετήσας
1448 3976 1567 4039 τοῦ
1621 3973 1834 4059 γάμου
1893 3974 2211 4044 διάλυσιν.
2303 3978 2362 4044 εἰ
2407 3980 2479 4045 δὲ
2520 4004 2678 4067 γυνη

664 4135 705 4141 ⁶—
712 4135 881 4143 *ae-
928 4140 1033 4147 ‘-

475 4217 507 4245 ²'
546 4221 674 4270 ldem
706 4224 853 4275 ibid.:
896 4216 1143 4278 ὄπισθεν,
1357 4226 1398 4254 ²²
1432 4229 1486 4279 ln
1524 4236 1653 4280 textu
1692 4231 1808 4280 Cod.
1847 4232 2096 4282 intercnlut
2131 4233 2368 4295 glossam:
2426 4230 2675 4284 τουτέστι

337 4303 718 4370 προνοεῖσθαι,
757 4303 1098 4361 διοικεῖσθαι.
1298 4310 1339 4340 ²³
1374 4314 1492 4366 Cod.
1529 4317 1578 4365 in
1615 4316 1856 4378 margine:
1893 4311 2097 4370 κάσσος
2129 4313 2343 4381 λέγεται
2375 4317 2548 4384 μοῖρα
2583 4315 2673 4367 νό-

335 4401 505 4453 μιμος
535 4402 736 4455 μερο..
778 4389 868 4443 δυ.
891 4429 904 4442 .
1047 4395 1089 4424 ²⁴
1125 4392 1633 4467 Cod,ssveyxvpaivotc
1655 4402 1832 4451 habere
1851 4403 2109 4452 videbatur.
2165 4403 2303 4452 Forte
2322 4395 2664 4469 ἔγκειμένοις.
