2900 4950
373 227 499 288 240
890 295 902 302 ,
1228 238 1344 289 eon.
1382 240 1464 290 ιιι.
1535 240 1647 289 Nov.
1686 240 1867 290 11-1v.

370 386 538 455 κατὰ
580 384 928 473 πρόφασιν
971 389 1202 469 μέντοι
1229 389 1509 473 προικὸς
1538 382 1581 476 ἢ
1610 394 2061 474 προγαμιαίας
2091 388 2343 474 δωρεᾶς
2371 382 2415 474 ἢ
2444 384 2731 476 ‹ferti-'‘2⁹9²‘’

375 485 414 578 ἢ
455 488 756 556 θανάτου
802 483 986 574 αἰτίᾳ
1031 489 1280 571 δωρεᾶς
1322 484 1364 575 ἢ
1407 489 1477 556 ἐκ
1522 489 1846 577 διαθήκης
1888 484 1930 579 ἢ
1974 485 2381 576 ἄνταλλαγῆς
2418 483 2462 577 ἢ
2492 489 2732 557 διαλύ-

374 615 543 670 σεως
583 592 692 657 καὶ
739 589 976 656 οἰκεῖοι
1015 591 1127 655 καὶ
1170 590 1468 668 ἐξωτικοὶ
1514 587 1805 670 ἅπαντες
1850 591 2143 659 ἐκποιεῖν
2191 591 2537 658 δύνανται·
2594 591 2729 676 μό-

372 719 485 761 νον
529 694 640 759 ἵνα
682 690 772 779 μή
816 716 920 769 τις
961 690 1127 757 κατὰ
1171 696 1416 778 σκῆψιν
1461 692 1685 778 λάθρα
1728 693 2046 780 πωλήσας
2088 689 2132 781 ἢ
2173 692 2534 778 μισθώσας
2576 704 2729 772 τοῖς

372 795 460 882 μὴ
505 798 1057 880 προτιμωμένοις,
1105 791 1172 858 ἐν
1215 796 1309 879 τῷ
1357 798 1622 881 φανερῷ
1670 795 2045 881 δωρεῖσθαι
2086 789 2130 883 ἢ
2170 793 2536 881 λεγατεύειν
2581 792 2625 882 ἤ
2655 821 2729 862 τι

373 900 505 963 τῶν
552 895 905 980 εἰρημένων
959 894 1574 984 προσποιήσηται.ἧ
1615 895 1728 963 διὰ
1782 899 1990 963 ταῦτα
2042 895 2164 982 γὰρ
2207 899 2316 963 καὶ
2363 892 2555 983 ὅρκον
2598 899 2725 962 τοῦ

373 1024 447 1064 τε
503 995 804 1074 διδόντος
856 998 963 1062 καὶ
1021 1000 1138 1061 τοῦ
1186 995 1636 1080 λαμβάνοντος
1680 999 1745 1064 οἱ
1787 997 1866 1063 τὸ
1912 998 2277 1085 προνόμιον
2319 1002 2437 1085 τῆς
2481 1021 2726 1082 προτι-

373 1099 635 1185 μήσεως
691 1097 944 1179 ἔχοντες
1001 1096 1312 1163 δύνανται
1372 1093 1704 1166 ἀπαιτεῖν.
1796 1099 1856 1166 εἰ
1913 1101 1985 1165 δέ
2036 1123 2110 1185 γε
2174 1100 2240 1166 οἱ
2297 1099 2726 1178 ἐκποιοῦντες

375 1199 547 1285 πρὸς
590 1195 1004 1285 περιγραφήν
1047 1201 1163 1283 τῆς
1190 1193 1511 1286 ἡμετέρας
1541 1206 1950 1286 νομοθεσίας
1980 1198 2143 1267 ἄλλο
2186 1204 2254 1266 τὶ
2283 1203 2537 1286 πρᾶξαι
2566 1202 2726 1266 τολ-

373 1301 665 1388 μήσουσι
718 1302 824 1365 καὶ
892 1297 1053 1365 ἄλλο
1113 1302 1180 1366 τὶ
1224 1300 1293 1367 ἐκ
1335 1305 1453 1367 τοῦ
1501 1305 1790 1388 φανεροῦ
1835 1302 2448 1389 προσποιήσονται,
2498 1301 2557 1368 εἰ
2598 1304 2725 1386 μὲν

372 1400 541 1484 μετὰ
582 1399 698 1467 τὸν
746 1396 937 1486 ὅρκον
984 1400 1404 1486 ἐλεγχθῶσιν,
1453 1398 1647 1469 αὐτοί
1687 1430 1761 1469 τε
1802 1406 1911 1469 καὶ
1955 1405 2020 1481 οἱ
2066 1401 2239 1471 οὕτω
2285 1403 2573 1488 δολερῶς
2602 1400 2728 1468 αὗ-

373 1513 518 1582 τοῖς
562 1502 1078 1582 συναλλάξαντες
1120 1502 1238 1581 τάς
1280 1529 1353 1570 τε
1393 1507 1511 1592 τῆς
1556 1504 1901 1589 ἐπιορκίας
1942 1503 2184 1584 ποινάς
2225 1501 2564 1592 ὑφέξουσι,
2609 1508 2723 1571 καὶ

378 1601 412 1671 ὃ
457 1606 576 1688 μὲν
619 1608 737 1670 τοῦ
780 1603 1123 1690 κτήματος,
1174 1599 1210 1670 ὅ
1256 1606 1329 1672 δὲ
1371 1609 1491 1671 τοῦ
1537 1606 1762 1691 λάθρα
1789 1609 2325 1694 καταβληθέντος
2351 1604 2726 1693 τιμήματος

377 1705 785 1785 ἐκπεσεῖται,
844 1709 949 1772 καὶ
1009 1701 1355 1792 ἀμφότερα
1397 1710 1493 1794 τῷ
1540 1708 1836 1795 δημοσίῳ
1883 1707 2544 1793 εἰσκομισθήσονται,
2605 1707 2726 1773 ἵνα

377 1807 445 1874 ἐκ
486 1810 605 1872 τοῦ
652 1809 971 1894 δημοσίου
1018 1807 1113 1885 εἷς
1155 1807 1309 1886 τοὺς
1352 1807 1840 1893 πλησιάζοντας
1885 1811 2238 1896 διαπραθῇ
2254 1813 2313 1875 ²⁰.
2376 1809 2435 1876 εἰ
2478 1810 2551 1875 δὲ
2581 1809 2722 1894 πρὸ

373 1913 492 1975 τοῦ
538 1906 733 1992 ὅρκου
780 1915 1162 1996 φωραθεῖεν
1206 1909 1508 1977 τοιοῦτόν
1550 1936 1619 1976 τι
1663 1911 2218 1996 διαπραξάμενοι,
2264 1914 2371 1977 καὶ
2420 1908 2496 1975 τὸ
2541 1936 2722 1994 πρα-

372 2013 589 2094 χθὲν”
635 2008 874 2095 ἄκυρον
921 2010 1123 2090 ἔσται,
1170 2014 1278 2077 καὶ
1322 2011 1399 2077 τὸ
1444 2015 1656 2098 κτῆμα
1701 2010 1737 2078 ὅ
1776 2008 1961 2093 ἅπαξ
1987 2015 2343 2099 πειραθεὶς
2371 2015 2586 2090 κακῶς
2616 2012 2722 2078 ἐκ-

374 2117 659 2200 ποιῆσαι
715 2115 826 2178 καὶ
884 2109 1058 2178 ἄκων
1116 2107 1596 2200 ἀπεμπολῆσαι
1651 2108 2227 2202 ἀναγκασθήσεται
2272 2113 2367 2192 εἰς
2410 2113 2716 2194 ἐκείνους,

337 2210 479 2299 ,οἷς
523 2213 893 2298 δεδώκαμεν
938 2213 1053 2299 τὴν
1097 2221 1516 2302 προτίμησιν.
1553 2219 1556 2228 “

544 2315 626 2400 β’.
693 2324 852 2393 Τοῖς
897 2317 968 2382 δὲ
1014 2316 1373 2393 δυνατοῖς”
1418 2311 1913 2401 άπαγορεύομεν
1943 2320 2061 2383 τοῦ
2095 2319 2336 2383 λοιποῦ
2366 2316 2719 2395 υἱοθεσίας

375 2416 607 2505 τρόπῳ
662 2411 704 2505 ἢ
762 2419 1068 2503 δωρεόὶςπΩ
1125 2413 1343 2504 ἁπλῆς
1397 2411 1440 2505 ἢ
1494 2417 1793 2485 θανάτου
1852 2419 2037 2507 αἰτίᾳ
2091 2412 2134 2505 ἢ
2194 2418 2263 2486 ἐκ
2307 2418 2633 2506 διαθήκης
2677 2412 2718 2506 ἢ

373 2518 541 2586 κατὰ
582 2519 787 2606 μόνην
828 2522 1059 2605 χρῆσιν
1100 2512 1144 2606 ἢ
1188 2515 1278 2598 ὥς
1322 2518 1438 2586 ἐπί
1477 2546 1608 2586 τινι
1639 2527 2020 2609 προστασίᾳ
2047 2523 2154 2587 καὶ
2187 2522 2516 2608 συνδρομῇ
2549 2521 2718 2605 λαμ-

372 2622 597 2707 βάνειν
654 2624 717 2687 τὶ
764 2620 950 2705 παρὰ
993 2624 1126 2687 τῶν
1171 2616 1667 2707 εὐτελεστέρων,
1718 2623 1776 2689 εἰ
1817 2623 1906 2711 μὴ
1953 2620 2084 2710 ἄρα
2126 2633 2454 2708 συγγενεῖς
2497 2619 2716 2688 αὐτῶν

377 2718 521 2790 εἶεν.
614 2717 782 2788 ἀλλὰ
822 2721 988 2808 μηδὲ
1032 2728 1181 2800 νέας
1224 2717 1583 2809 άγορασίας
1627 2731 1990 2791 ποιεῖσθαι
2030 2719 2072 2809 ἢ
2112 2726 2488 2809 μισθώσεις
2528 2719 2573 2811 ἢ
2600 2718 2718 2790 άν-

372 2823 700 2910 ταλλαγάς
746 2822 813 2890 ἓν
855 2848 996 2890 τισι
1036 2830 1306 2909 χωρίοις
1347 2819 1390 2912 ἢ
1435 2819 1790 2910 άγριδίοις,
1852 2824 1920 2891 ἓν
1964 2821 2066 2903 οἷς
2109 2820 2225 2890 οὐκ
2269 2824 2526 2907 ἔχουσιν
2570 2826 2714 2892 ἰ’δια

373 2926 685 3011 κτήματα,
733 2925 801 2992 ἐκ
843 2929 975 2991 τῶν
1018 2925 1347 3013 κτητόρων
1394 2922 1627 2992 αὐτῶν.
1690 2927 1749 2994 εἰ
1795 2927 1866 2993 δὲ
1909 2926 1998 3012 μὴ
2034 2926 2291 3016 ,τούτων
2324 2927 2394 2992 αἱ
2424 2925 2709 3006 στάσεις,

375 3021 511 3093 ἀλλ’
562 3027 799 3112 ἑτέρων
844 3027 1228 3112 προσώπων
1275 3028 1402 3095 εἰσὶ
1446 3028 1531 3095 τὰ
1560 3024 2186 3113 διαπιπρασκόμενα
2215 3027 2603 3112 προάστεια,
2652 3029 2718 3095 εἴ

372 3153 446 3194 τε
489 3126 556 3195 ἐκ
598 3132 714 3194 τοῦ
762 3128 1081 3215 δημοσίου
1127 3131 1193 3195 οἱ
1235 3132 1575 3216 λεγόμενοι
1616 3129 2051 3214 κλασματικοὶ
2092 3128 2295 3195 τόποι
2337 3123 2514 3215 ἢκαὶ
2548 3128 2710 3215 ἄλλη

372 3233 597 3316 κτῆσις
642 3224 971 3316 ἀνήκουσα
1014 3224 1191 3316 αὐτῷ
1237 3230 1625 3311 ἐκποιεῖται,
1670 3237 1781 3298 καὶ
1826 3227 2140 3309 ὡσαύτως
2169 3232 2234 3296 οἱ
2264 3225 2449 3296 αὐτοὶ
2481 3229 2714 3316 κτήτο-

373 3356 483 3416 ρες
525 3331 1126 3416 προτιμάσθωσαν.
1186 3331 1437 3399 τούτων
1483 3334 1556 3398 δὲ
1586 3333 1900 3411 ἑκουσίως
1929 3326 2509 3415 άποτασσομένων,
2558 3332 2715 3400 τότε

373 3433 481 3497 καὶ
525 3441 667 3507 τοῖς
714 3432 1020 3509 δυνατοῖς
1066 3432 1280 3511 ἔξεστι
1315 3432 1779 3499 συναλλάττειν
1793 3436 1854 3498 ³⁰.
1919 3432 2158 3500 ἐκεῖνοι
2187 3435 2260 3501 δὲ
2289 3438 2711 3500 νοείσθωσαν

377 3532 671 3609 δυνατοὶ,
732 3531 974 3608 οἵτινες
1027 3525 1145 3596 κᾶν
1198 3531 1287 3617 μὴ
1349 3526 1430 3597 δι’
1481 3532 1760 3614 ἑαυτῶν,
1810 3527 1947 3600 dm?
1997 3526 2111 3601 οὖν
2157 3534 2270 3601 διὰ
2311 3538 2427 3621 τῆς
2470 3535 2710 3621 ἑτέρων

375 3633 777 3709 δυναστείας,
825 3630 997 3714 πρὸς
1040 3629 1152 3709 οὓς
1194 3635 1880 3721 πεπαῤῥησιασμένως
1921 3631 2313 3723 ᾠκείωνται,
2362 3637 2576 3703 ἱκανοί
2619 3637 2713 3704 εἷ.-

376 3758 481 3801 σιν
527 3732 894 3819 ἐκφοβῗσαι
936 3731 1090 3811 τοὺς
1132 3731 1593 3816 ἐκποιοῦντας,
1639 3730 1682 3823 ἢ
1725 3734 1897 3823 πρὸς
1941 3732 2308 3823 εὐεργεσίας
2349 3733 2711 3822 ὖπόσχεσιν

372 3862 489 3923 την
533 3836 994 3922 πληροφορίαν
1041 3828 1267 3914 αὐτοῖς
1308 3849 1693 3921 παρασχεῖν.
1785 3839 1844 3907 εἰ
1888 3840 1962 3905 δέ
2002 3863 2107 3918 τις
2151 3839 2219 3906 ἐκ
2246 3842 2379 3905 τῶν
2416 3841 2710 3906 δυνατῶν

374 3937 759 4025 προσώπων
802 3935 1107 4004 τοιοῦτόν
1148 3963 1217 4003 τι
1261 3938 1618 4028 ἐγχειρήσει
1663 3941 2189 4028 διαπράξασθαι,
2243 3944 2353 4007 καὶ
2396 3944 2515 4008 τοῦ
2558 3941 2713 4029 κτή-

508 4190 548 4217 ²⁶
584 4193 671 4241 Alii
707 4186 903 4247 ἁπλῶς.
1045 4193 1086 4223 ²⁰
1121 4196 1208 4245 Alii
1247 4189 1650 4263 διαπραθῶσιν.
1793 4197 1832 4225 ²⁷
1866 4199 1955 4249 ΑΙίἰ
1977 4194 2211 4265 upa-m.
2355 4195 2396 4224 ²⁸
2431 4197 2711 4261 Ερίι.1ιιιιιί.

374 4277 505 4327 addit
538 4269 870 4342 προσώποις.
1013 4276 1053 4305 ²⁹
1088 4279 1176 4329 Alii
1212 4270 1319 4328 ἀπὸ
1356 4275 1491 4344 δωρ.
1632 4278 1674 4309 ⁸⁰
1709 4282 1857 4332 Verba
1892 4277 1949 4332 ἐκ
1983 4282 2098 4331 τῶν
2130 4277 2414 4350 κτητόρυν
2436 4270 2625 4330 αὐτῶν
2645 4311 2712 4322 -

374 4355 756 4410 συναλλάττειν
790 4361 838 4410 in
878 4362 1000 4424 Epit.
1036 4363 1146 4412 laud
1199 4366 1481 4414 omittuntur
