2900 4950
331 167 456 229 614
1160 178 1280 227 cuu.
1317 180 1367 228 v.
1436 176 1550 226 nov.
1588 176 1681 225 xx.
1717 175 1835 225 xxv.

336 325 512 396 οὕτω
550 329 914 413 καλουμένη
933 346 947 361 ·
1006 324 1174 410 μετὰ
1217 325 1290 390 δὲ
1331 326 1530 390 τοῦτο
1573 326 1953 408 κατέρχεται
1996 320 2091 398 εἷς
2130 319 2247 385 τὸν
2292 320 2513 405 σωρὸν
2556 324 2695 407 τῆς

339 425 820 514 ὀνομαζομένης
871 426 1145 512 γραός·
1203 421 1346 493 εἶτα
1401 426 1727 509 διέρχεται
1782 427 1898 510 τῆς
1948 422 2295 507 βασιλικῆς
2352 417 2514 488 όδοῦ
2564 424 2691 488 καὶ

336 532 626 615 καταντᾷ
682 529 777 605 εἷς
828 527 983 605 τοὺς
1034 524 1663 647 xatqoio'exuo-vg·
1727 524 1962 591 ἔπειτα
2018 518 2356 609 ἀνέρχεται
2408 523 2505 601 εἷς
2560 522 2692 610 τὴν

339 629 798 716 βουλκάνην
826 630 932 693 καὶ
966 629 1288 712 διέρχεται
1317 628 1412 707 εἰς
1432 630 1551 694 τοῦ
1580 629 1880 711 βουνοῦ
1911 623 2031 712 τὴν
2053 617 2464 710 λεγομένην’
2434 623 2591 709 οπή
2614 645 2688 688 ν’

211 770 240 784 ο
343 726 472 798 εἷθ’
507 726 718 808 οῦτως
748 733 842 808 είς
869 728 946 794 τὸ
976 727 1132 813 ὄρος
1171 727 1251 793 τὸ
1296 725 1632 813 ὄρθιον,
1679 730 1786 792 καὶ
1832 731 2210 807 κατέρχεται
2238 725 2332 804 εἷς
2360 724 2477 811 τὴν
2523 723 2689 789 πύ-

341 834 511 910 λον,
557 830 673 897 τὸν
703 830 1099 913 καλούμενον
1146 855 1188 894 α
1163 824 1576 912 βαρῒνον
1625 827 1692 893 ἓν
1721 817 1777 913 ᾧ
1805 830 1912 893 καὶ
1946 827 2142 914 λιμὴν
2168 832 2388 911 μέγας.
2456 823 2689 891 πάντα

340 936 567 1010 ταῦτα,
603 935 717 1013 ,καὶ
766 927 892 997 ὅσα
938 931 1000 995 οἱ
1046 930 1374 1015 εἰρημένοι
1417 928 1622 994 τόποι
1652 929 1823 1014 πρός
1857 953 1931 1012 γε
1958 926 2043 993 τὰ
2072 926 2263 993 νότια
2288 932 2453 1013 μέρη
2484 951 2685 1010 περι-

340 1035 649 1100 κυκλοῦσι
690 1035 796 1098 καὶ
844 1032 1264 1116 διορίζουσιν,
1311 1020 1505 1107 οὗτός
1534 1027 1714 1095 ἔστιν
1743 1024 1833 1106 ὡς
1864 1029 2121 1114 εἴρηται
2149 1024 2187 1093 ό
2213 1031 2328 1116 τῆς
2359 1027 2686 1112 ἐπαρχίας

340 1132 722 1218 περιοδικὸς
774 1132 986 1211 τύπος
1041 1129 1131 1210 ὡς
1188 1133 1257 1198 ἐν
1302 1130 1584 1213 συνόψει
1623 1132 1740 1215 τῆς
1797 1124 2167 1216 ἁγιωτάτης
2206 1127 2688 1215 μητροπόλεως

341 1239 940 1320 μονεμβασίας,
1008 1231 1162 1299 ἄνευ
1216 1236 1350 1299 τῶν
1406 1232 1526 1297 δύο
1582 1229 1972 1297 ἐπισκοπῶν
2031 1233 2148 1317 τῆς
2208 1236 2682 1314 κυνουρίας,

342 1338 452 1402 καὶ
495 1338 612 1420 τῆς
656 1335 1012 1418 ζεμενᾶς.
1103 1333 1275 1418 πλὴν
1331 1333 1389 1400 εἰ
1432 1334 1538 1399 καὶ
1586 1326 1829 1415 ἆρτίως
1872 1327 2284 1416 εὑρίσκονταί
2330 1356 2506 1410 τινες
2548 1333 2684 1398 τῶν

346 1436 701 1520 εἰρημένων
745 1431 1130 1519 ἁγιωτάτων
1174 1433 1568 1499 ἐπισκοπῶν
1610 1432 1706 1510 εἰς
1744 1432 1825 1498 τὸ
1866 1439 2066 1516 μέρος
2117 1436 2252 1499 τῶν
2294 1430 2680 1513 λατίνων,

344 1531 481 1602 ἀλλ’
532 1525 648 1601 οῦν
698 1536 807 1600 καὶ
863 1537 976 1600 νῦν
1027 1536 1136 1599 καὶ
1194 1529 1480 1620 όπηνίκα
1531 1532 1698 1611 θεὸς
1755 1530 2071 1620 εύδοκήσῃ
2128 1533 2528 1601 ἐπανελθεῖν
2571 1537 2687 1600 καὶ

343 1629 782 1721 ἆνασωθ-ἧναι
822 1624 1026 1714 αὖθις
1065 1634 1310 1713 ταύτας
1353 1634 1448 1713 εἷς
1489 1633 1568 1699 τὸ
1608 1641 1812 1719 μέρος
1848 1638 1966 1722 τῆς
1991 1635 2353 1718 βασιλείας,
2399 1631 2538 1701 ὑπὸ
2562 1634 2685 1719 τὴν

339 1735 653 1819 τοιαύτην
698 1735 964 1802 ἔσονται
1018 1731 1386 1823 ἆγιωτάτην
1442 1735 1857 1822 μητρόπολιν
1911 1758 2167 1819 μονεμ
2179 1741 2380 1820 βασί
2391 1762 2515 1815 ας,
2573 1731 2680 1802 ἐπ’

345 1831 574 1915 ἇδείας
613 1863 687 1903 τε
731 1838 862 1916 ἕξει
902 1836 1070 1921 μετὰ
1111 1840 1229 1902 τοῦ
1275 1833 1630 1923 ἀνήκοντος
1671 1831 2042 1920 ἀρχιερεῦσι
2087 1834 2347 1903 δικαίου
2374 1833 2414 1902 ό
2441 1838 2686 1923 ταύτης

347 1937 425 2024 δὴ
471 1938 956 2022 προϊστάμενος
995 1948 1394 2023 χειροτονεῖν
1438 1936 1851 2015 ἐπισκόπους
1893 1937 1963 2004 ἐν
2008 1932 2274 2017 αὐταῖς,
2328 1934 2418 2017 ὦς
2458 1941 2571 2005 καὶ
2614 1940 2686 2005 ἐν

342 2049 494 2117 ταῖς
535 2039 904 2126 εἰρημέναις
946 2039 1200 2124 ἑτέραις
1244 2038 1665 2118 ἐπισκοπαῒς.

523 2137 715 2207 Οὕτω
758 2140 881 2228 γὰρ
927 2141 1004 2227 δὴ
1050 2144 1204 2226 περὶ
1249 2141 1503 2208 τούτων
1531 2143 1638 2207 καὶ
1671 2141 2093 2225 δεδοκίμακεν
2125 2138 2164 2226 ἢ
2194 2141 2503 2226 βασιλεία
2529 2165 2684 2226 μου,

343 2244 449 2309 καὶ
512 2243 624 2309 διὰ
676 2246 792 2329 τῆς
849 2243 1200 2330 δεδομένης
1253 2242 1454 2329 ταύτῃ
1509 2241 1731 2327 χάριτι
1786 2245 1904 2308 τοῦ
1956 2246 2295 2326 χριστοῦ
2350 2245 2505 2326 περὶ
2550 2246 2687 2309 τῶν

343 2342 665 2409 τοιούτων
709 2342 985 2426 ἐννόμου
1028 2345 1135 2409 καὶ
1167 2350 1365 2422 θείας
1397 2341 1606 2421 ὄντως
1648 2339 1876 2422 άδείας
1903 2368 1977 2411 τε
2002 2343 2113 2409 καὶ
2146 2342 2445 2423 ἐξουσίας
2473 2369 2687 2428 παρε-

344 2444 723 2523 κελεύσατο,
788 2450 1297 2528 προηγουμένως
1336 2447 1457 2530 μὲν
1504 2444 1783 2532 δηλαδὴ,
1845 2439 1937 2524 ὥς
1980 2445 2266 2532 εἴρηται,
2311 2445 2428 2512 τὸν
2468 2444 2685 2513 τόπον

348 2545 514 2626 ἔχειν
556 2548 672 2630 τῆς
715 2552 1244 2634 προεσβεσμένης
1286 2549 1392 2613 καὶ
1440 2546 1576 2631 πρὸ
1616 2546 1868 2632 χρόνων
1894 2540 2314 2633 ἀπολομένης
2345 2546 2692 2633 ἐκκλησίας

348 2645 586 2731 σίδης
627 2644 742 2711 τὸν
783 2646 1022 2734 ταύτης
1067 2647 1145 2735 δὴ
1188 2653 1304 2736 τῆς
1347 2645 1716 2735 ἁγιωτάτης
1754 2647 2229 2735 μητροπόλεως
2267 2656 2687 2732 μονεμβα-

348 2751 535 2824 σίας
556 2740 1021 2832 άρχιερατικιῦς
1043 2748 1551 2835 προϊστάμενον,
1575 2752 1680 2816 καὶ
1705 2753 1821 2836 τῆς
1842 2752 1936 2835 τῷ
1957 2749 2238 2836 τοιούτῳ
2265 2748 2493 2836 θρόνῳ
2525 2744 2685 2838 ἆνη-

345 2845 582 2933 κούσης
625 2844 717 2927 ιῦς
759 2843 1124 2936 δεδήλωται
1167 2850 1384 2935 πάντη
1427 2875 1502 2918 τε
1530 2854 1634 2916 καὶ
1666 2849 1891 2936 πάσης
1922 2852 2031 2917 καὶ
2063 2850 2177 2917 διὰ
2204 2850 2476 2918 πάντων
2504 2845 2685 2918 ἀπο-

347 2946 568 3014 λαύειν
624 2953 855 3036 τιμῆς·
923 2951 1021 3016 ἔτι
1076 2975 1149 3035 γε
1200 2951 1329 3036 μὴν
1384 2955 1491 3017 καὶ
1550 2951 1914 3037 ἐξαρχεύειν
1959 2947 2227 3035 ἁπάσης
2267 2955 2386 3039 τῆς
2429 2954 2687 3020 πελο-

346 3072 499 3114 πον
516 3076 602 3136 νη
622 3072 798 3115 σου·
845 3050 1015 3173 πρὸς
1057 3047 1122 3116 δ’
1173 3049 1303 3136 άρα
1331 3052 1544 3140 τούτῳ
1577 3054 1744 3136 ἐχειν
1772 3055 1877 3120 καὶ
1909 3051 2029 3131 τὰς
2058 3050 2262 3131 ἄλλας
2292 3047 2683 3138 εὐεργεσίας,

349 3145 439 3228 ὥς
468 3144 831 3234 άνωτέρω”
861 3152 1136 3239 εἴρηται,
1183 3150 1500 3234 ὡσαύτως
1526 3154 1638 3223 καὶ
1666 3153 1787 3234 τὰς
1815 3148 1925 3221 ὑπ’
1959 3148 2160 3220 αὐτὸν
2190 3156 2689 3242 διαληφθείσας

348 3249 739 3329 ἐπισκοπὰς,
786 3247 866 3331 ἅς
905 3278 979 3320 τε
1022 3252 1269 3341 δηλαδη
1314 3255 1639 3340 πρότερον
1683 3252 2215 3341 ὑποτεταγμένας
2258 3250 2405 3339 εἶχε,
2450 3260 2557 3323 και
2600 3256 2688 3337 ἃς

346 3354 460 3419 νῦν
504 3350 901 3429 ἐπιλοίπους
941 3354 1442 3439 προσεκύρωσεν
1485 3352 1524 3442 ἦ
1569 3360 1878 3441 βασιλεία
1917 3382 2081 3442 μου,
2131 3360 2242 3424 καὶ
2283 3352 2420 3424 κατ’
2468 3355 2685 3443 ὄνομα

346 3454 457 3517 καὶ
500 3455 996 3537 περιγραφικῶς
1037 3459 1256 3521 πᾶσαι
1301 3457 1722 3543 δεδήλωνται.
1784 3459 1879 3536 εἷς
1918 3483 2041 3542 γαρ
2082 3457 2200 3546 τὴν
2226 3463 2384 3543 περὶ
2429 3460 2687 3527 τούτων

347 3548 663 3618 ἁπάντων
691 3557 1071 3674 βεβαίωσιν,
1119 3550 1491 3641 ἀσφάλειάν
1520 3583 1593 3625 τε
1624 3562 1734 3625 καὶ
1766 3558 2083 3643 διαμονὴν
2114 3557 2463 3644 ἄτρεπτον,
2511 3557 2687 3629 ὥστε

348 3651 463 3720 διὰ
504 3651 816 3731 παντὸς.
851 3703 866 3718 .
914 3648 1087 3719 ου’τω
1134 3662 1478 3743 στέργειν”
1519 3663 1627 3727 καὶ
1669 3659 1759 3747 μὴ
1802 3661 1971 3745 μετὰ
2010 3659 2218 3747 βραχὺ
2257 3667 2689 3750 μετατραπῆ-

346 3781 458 3823 ναι
498 3757 606 3822 καὶ
648 3754 1018 3842 μεταβολὴν
1061 3752 1407 3841 ἡντιναοῦν
1451 3758 1554 3828 ἐπ’
1590 3757 1819 3840 αὐτοῖς
1849 3765 2194 3849 συμβῆναι,
2240 3758 2413 3828 καὶ(
2380 3787 2416 3828 ο
2442 3765 2688 3849 παρὼν

342 3857 825 3942 χρυσόβουλλος
880 3854 1069 3941 λόγος
1123 3861 1240 3945 τῆς
1292 3864 1638 3944 βασιλείας
1694 3887 1825 3945 μου
1869 3861 2330 3983 ἐπεβραβεύθη
2373 3866 2482 3930 καὶ
2530 3863 2689 3933 ἐπε·

342 3957 680 4045 χορηγήθη
725 3960 818 4044 τῶ
863 3982 936 4025 τε
978 3961 1092 4025 νῦν
1137 3960 1470 4048 ἱερωτάτῳ
1513 3964 1968 4051 μητροπολίτῃ
1997 3968 2115 4051 τῆς
2143 3963 2452 4051 τοιαύτης
2480 3959 2690 4050 ἁγιω-

347 4057 546 4145 τάτης
590 4059 927 4146 ἐκκλησίας
967 4067 1569 4146 μονεμβασίας,
1633 4061 1974 4153 ῦπερτίμῳ
2016 4069 2126 4132 καὶ
2171 4064 2416 4151 ἒξάρχῳ
2462 4066 2690 4155 πάσης

347 4203 484 4214 ..ι’-

482 4273 520 4304 ⁸⁸
554 4277 783 4328 Buchon:
822 4270 1055 4329 ἄνωθεν.
1261 4280 1301 4310 ⁸⁴
1335 4285 1567 4337 Buchon:
1606 4281 1907 4351 διαπαντὸς
1942 4320 1989 4335 ..
2010 4321 2023 4335 .
2066 4279 2210 4337 οὕτω
2246 4285 2408 4354 φέρει
2445 4321 2491 4335 ..
2517 4324 2529 4336 .
2569 4287 2683 4340 καί.
