2900 4950
289 233 416 298 334
1190 249 1309 300 con.
1347 245 1418 299 ιν.
1489 247 1603 299 mov.
1639 248 1737 299 χιι.

288 398 547 484 φρουρᾷ
590 395 761 481 πρὸς
803 390 1140 482 ἀκρίβειαν
1183 391 1698 484 φυλαττόμενον.
1755 395 1867 462 καὶ
1910 394 1972 462 εἰ
2010 396 2130 481 μὲν
2171 396 2297 462 τοῦ
2322 419 2630 483 τριακον-

286 503 585 585 θημέρου
630 497 815 576 ἐντὸς
859 495 1303 584 διαστήματος
1342 495 1688 582 μεταμέλῳ
1721 495 2009 583 ληφθεὶς
2038 493 2075 561 ὃ
2103 497 2359 582 κρατῶν
2390 493 2633 582 φιλάν-

285 595 573 682 θρωπόν
615 624 684 665 τι
726 601 881 684 περὶ
924 596 1041 665 τὸν
1086 594 1454 681 ἄνθρωπον
1498 588 1929 682 άποφήνηται
1969 597 2080 661 καὶ
2106 595 2629 683 καταπράξηται,

284 697 480 787 ἤρεσε
533 703 730 766 τοῦτο
785 702 880 786 τῷ
922 701 1098 784 θεῷ,
1144 700 1251 764 καὶ
1294 700 1411 784 τῆς
1453 690 1539 762 δι’
1588 697 1869 780 αἵματος
1908 696 2258 784 καταδίκης
2301 691 2633 763 ἀπολελύ-

288 820 507 867 σεται·
566 801 627 868 εἰ
684 795 748 866 δ’
799 800 912 867 ἐπὶ
965 803 1083 886 τῆς
1124 793 1325 885 αὐτῆς
1366 802 1820 883 προαιρέσεως
1861 796 2131 864 ἵσταται
2170 801 2281 864 καὶ
2324 796 2629 864 θανάτου

285 908 492 987 κρίνει
532 900 648 968 τὸν
691 899 1057 984 ἄνθρωπον
1102 897 1291 980 ἄξιον
1333 892 1376 986 ἢ
1415 901 1533 985 τῆς
1576 896 1778 984 ἄλλης
1821 897 1915 976 εἷς
1959 901 2154 981 σῶμα
2197 898 2311 968 διὰ
2354 897 2628 985 σιδήρου

285 1001 542 1090 πληγῆς
595 1001 762 1087 μετὰ
814 1000 932 1088 τὴν
985 998 1550 1086 τριακονθήμερον
1604 994 2294 1086 ὑπομιμνησκόμενος,
2362 999 2443 1065 τὸ
2506 1002 2629 1084 μὲν

288 1102 542 1170 ἔνδικον
588 1098 722 1171 εἶδέ
761 1128 834 1170 τε
875 1104 982 1168 καὶ
1029 1097 1205 1169 οἶδεν
1251 1097 1290 1186 ἦ
1337 1101 1512 1187 δίκη,
1570 1096 1610 1187 ἦ
1654 1105 1883 1185 μέντοι
1922 1100 2231 1188 βασιλικὴ
2275 1097 2629 1189 ἀπόφασις

285 1203 364 1271 τὸ
420 1204 492 1285 ἐξ
544 1204 789 1272 ἐκείνου
847 1203 1298 1288 ἐκβιβαζέσθω
1353 1204 1463 1268 καὶ
1520 1205 1730 1285 πέρας
1786 1200 2084 1284 δεχέσθω
2138 1201 2224 1269 τὰ
2268 1198 2625 1288 ὡρισμένα.

290 1304 472 1392 ἱκανὴ
528 1305 650 1391 γὰρ
704 1300 745 1391 ἦ
799 1308 932 1371 τῶν
991 1303 1044 1369 λ’
1102 1300 1360 1392 ἡμερῶν
1416 1308 1809 1388 προθεσμία
1862 1301 1941 1368 τὸ
1997 1301 2173 1369 πολὺ
2226 1306 2345 1371 τοῦ
2400 1306 2626 1387 θυμοῦ

286 1403 683 1473 κατευνάσαι
733 1408 841 1473 καὶ
898 1409 991 1491 τῷ
1049 1407 1394 1491 λογιστικῷ
1450 1402 1568 1491 τὴν
1609 1409 1824 1488 κρίσιν
1863 1409 2308 1490 χαρίσασθαι,
2369 1393 2448 1471 οῦ
2488 1410 2629 1490 κρί-

289 1529 519 1586 νοντος
573 1503 775 1593 ὑγιῶς
827 1509 936 1573 καὶ
989 1503 1028 1593 ἦ
1094 1501 1444 1592 ἀπόφασις
1502 1500 1691 1582 ὅπως
1743 1498 1822 1570 ἂν
1880 1504 1988 1593 ἔχῃ
2048 1500 2366 1592 εύσθενής
2422 1505 2623 1573 ἐστιν.

288 1603 396 1673 ὅτι
435 1608 602 1695 μηδὲ
646 1607 764 1686 τὰς
803 1611 938 1674 τῶν
985 1607 1235 1694 δημίων
1273 1617 1499 1692 χεῖρας
1557 1601 1937 1685 άσυντελεῖς
1980 1601 2150 1674 εἶναι
2190 1610 2270 1693 τῇ
2312 1608 2627 1693 πολιτείᾳ

289 1703 543 1792 ὁρῶμεν
584 1707 752 1775 κατὰ
791 1711 924 1774 τῶν
968 1703 1171 1788 ἀξίων
1200 1706 1547 1786 κολάσεως.
1596 1701 1764 1773 ἀλλὰ
1792 1711 2000 1773 ταῦτα
2026 1710 2146 1792 μὲν
2175 1707 2362 1775 ἔσται
2389 1702 2643 1785 aguas:

219 1859 228 1866 -
286 1808 399 1876 καὶ
439 1806 480 1895 ἦ
525 1812 837 1895 παροῦσα
869 1812 986 1897 τῆς
1011 1805 1218 1897 ἦμῶῖ
1228 1804 1562 1894 εὐσεβείας
1592 1807 1885 1896 διαταγὴ,
1934 1803 2264 1901 ἀφ’ᾗμῶν
2295 1802 2621 1895 ἄρξαμένη

287 1904 380 1989 ὥς
423 1910 678 1997 εἴρηται
717 1909 796 1977 τὸ
838 1909 1075 1997 κράτος
1117 1911 1415 1994 λαβοῦσα
1456 1912 1575 1995 τῆς
1616 1908 1896 1996 ἐνεργοῦ,
1939 1909 2058 1997 τὴν
2102 1911 2253 1997 ἴσην
2280 1913 2389 1976 καὶ
2420 1910 2515 1988 εἰς
2541 1907 2623 1975 τὸ

287 2010 434 2096 ἑξῆς
487 2017 858 2097 προνομίαν
913 2007 1005 2090 ὥς
1047 2010 1446 2094 πιστεύομεν
1491 2006 1751 2098 εὑρήσει
1793 2009 1980 2096 παρὰ
2022 2013 2232 2077 πᾶσιν
2272 2021 2419 2089 τοῖς
2456 2004 2613 2096 μεθ’

283 2107 457 2199 ἡμᾶς
500 2107 1045 2199 αὐτοκράτορσιν,
1095 2108 1281 2191 ὅσοις
1323 2111 1630 2199 δηλονότι
1674 2114 1839 2179 θεοῦ
1882 2137 1955 2179 τε
1999 2111 2211 2199 φόβος
2256 2111 2617 2198 ἒγκατοικεῒ

282 2217 363 2300 τῇ
422 2218 596 2302 ψυχῇ
651 2222 759 2281 καὶ
814 2213 893 2281 τὸ
939 2210 1296 2280 ἀδέκαστον
1342 2212 1549 2279 ἐκεῖνο
1592 2212 1979 2280 πιστεύεταί
2018 2238 2091 2279 τε
2130 2215 2242 2280 καὶ
2285 2212 2622 2302 έλπίζεται

285 2314 722 2401 δικαστήριον.
814 2314 873 2381 εἰ
929 2314 1002 2381 δέ
1054 2338 1228 2392 τινες
1284 2313 1448 2392 ἰ’σως
1504 2311 1637 2380 τῶν
1691 2309 1844 2399 μεθ’
1891 2310 2093 2401 ἡμᾶς,
2139 2312 2227 2401 μὴ
2270 2315 2617 2402 βασιλικὴν

285 2415 538 2500 ἔχοντες
594 2410 763 2483 ἀλλὰ
802 2414 1182 2504 μαγειρικὴν
1224 2413 1341 2503 τὴν
1385 2414 1631 2503 ψυχὴν,
1689 2415 1985 2502 αἱμάτων
2031 2410 2622 2506 άνθρώπωνέφή-

284 2519 516 2585 δονται
557 2528 896 2602 προχοαῖς,
942 2520 1048 2585 καὶ
1097 2520 1293 2602 θυμῷ
1338 2517 1421 2584 τὰ
1465 2523 1804 2604 πρεσβεῖα,
1854 2521 1996 2606 θειῖ
2042 2519 2115 2584 δὲ
2156 2520 2241 2585 τὰ
2287 2518 2619 2604 δευτερεῖα

281 2617 712 2705 βραβεύοντες
755 2621 887 2684 τῶν
930 2614 1086 2706 ἡμῖν
1132 2618 1535 2705 δεδογμένων
1576 2621 1733 2707 τῇδε
1774 2621 1991 2699 καλῶς
2055 2618 2444 2705 παραβάται
2487 2644 2619 2707 φα-

284 2724 470 2799 νεῖεν,
516 2721 623 2786 καὶ
670 2714 1052 2808 άδιαίτητον
1093 2721 1260 2787 κατὰ
1288 2724 1405 2786 τοῦ
1436 2727 1825 2807 κατακρίτου
1854 2720 1972 2808 τὴν
1994 2726 2321 2806 τιμωρίαν
2349 2727 2615 2806 προθυ-

279 2824 594 2908 μηθῶσιν
640 2820 1010 2906 ἐπαγαγεῖν,
1054 2821 1144 2908 μὴ
1187 2825 1281 2909 τῷ
1326 2825 1644 2906 διαμέσου
1678 2826 1810 2888 τῶν
1841 2821 1894 2887 λ’
1926 2818 2186 2909 ἡμερῶν
2216 2820 2614 2908 διαστήματι

280 2920 360 2988 τὸ
415 2921 843 3007 γενησόμενον
900 2917 1448 3009 άναλογισάμενοί
1500 2949 1574 2989 τε
1626 2926 1736 2989 καὶ
1790 2928 2121 3009 κρίναντες
2161 2925 2268 2989 καὶ
2317 2920 2491 2989 οὕτω
2534 2922 2613 2989 τὸ

280 3029 595 3110 ποιητέον
639 3029 1052 3109 συνθέμενοι,
1097 3024 1185 3111 μὴ
1233 3019 1523 3091 ἀναίτιοι
1563 3030 1856 3110 γένοιντο
1899 3027 1995 3111 τῷ
2039 3028 2212 3111 θεῷ,
2255 3024 2425 3112 μηδὲ
2469 3028 2616 3112 φῶς

176 3154 185 3164 ·
280 3119 510 3205 αὗτοῖς
564 3125 632 3192 ἐν
675 3122 884 3213 ἡμέρᾳ
927 3127 1109 3213 δίκης
1152 3125 1533 3212 ἒπιλάμψοι
1575 3125 1932 3213 σωτήριον,
1991 3121 2335 3212 άντιλάβοι
2380 3127 2453 3193 δὲ
2497 3119 2617 3192 αὖ·-

277 3226 433 3304 τοὺς
489 3226 744 3295 ἐκεῖθεν
802 3226 1035 3306 σκότος
1089 3226 1360 3294 αἰώνιον
1372 3276 1390 3306 ,
1447 3230 1556 3294 καὶ
1615 3227 1885 3313 ἄγγελος
1938 3233 2163 3313 κυρίου
2205 3226 2612 3305 καταδιώξαι

279 3322 517 3405 αὐτοὺς
571 3332 895 3395 συνωθῶν
940 3329 1031 3406 εἰς
1075 3327 1190 3394 τὸν
1232 3327 1588 3414 τάρταρον,
1647 3328 2041 3415 ἐπιλάβοιτο
2085 3329 2158 3395 δὲ
2200 3322 2413 3395 αὐτῶν
2454 3321 2612 3392 κάν-

277 3432 504 3494 ταῦθα
560 3427 793 3507 σκότος
833 3432 940 3495 καὶ
988 3423 1355 3516 ὀλίσθημα,
1412 3430 1520 3495 καὶ
1565 3428 1652 3516 μή
1701 3430 1909 3498 ἰ’δοιεν
1954 3428 2297 3517 ἑωσφόρον
2341 3422 2615 3495 ἀνατέλ-

278 3530 518 3608 λοντα,
562 3524 719 3616 μηδ’
771 3528 1104 3617 ἑπισκοπὴ
1164 3533 1331 3597 θεοῦ
1388 3524 1625 3610 αὖτοὺς
1669 3531 2139 3617 ἐπισκέψοιτο,
2199 3526 2306 3597 ὅτι
2349 3528 2612 3617 λογικὸν

279 3630 835 3716 ἐμπιστευθέντες
868 3636 1181 3715 ποίμνιον
1226 3630 1293 3697 ἐκ
1340 3635 1506 3699 θεοῦ
1552 3627 2001 3717 ἀνθρωπίνως
2045 3627 2223 3719 αὐτῷ
2270 3625 2386 3699 οὗκ
2430 3629 2618 3718 ἐχρή-

279 3756 516 3813 σαντο,
557 3726 713 3799 ’ἀλλ’
764 3732 1001 3818 ἱερεῖον
1055 3729 1365 3818 καθάπερ
1410 3734 1963 3818 καταδαιτρεῦσαι
2002 3736 2199 3800 τοῦτο
2242 3728 2615 3820 ἠνέσχοντο.

275 3831 395 3905 κᾶν
438 3834 562 3921 γὰρ
603 3829 642 3922 ἡ
686 3838 802 3900 τοῦ
848 3832 1235 3920 πράγματος
1276 3839 1491 3918 κρίσις
1535 3831 1689 3915 ἀξία
1729 3838 1837 3902 καὶ
1884 3831 1918 3902 ὃ
1957 3833 2232 3918 πάσχων
2261 3836 2430 3915 ἰ’σως
2457 3858 2615 3903 κατ-

279 3936 558 4024 άλληλος
598 3939 678 4024 τῇ
726 3929 900 4023 ὀργῇ,
948 3931 1115 4004 ἄλλά
1156 3960 1228 4022 γε
1270 3938 1467 4002 τοῦτο
1511 3940 1643 4002 τῶν
1686 3940 1804 4003 τοῦ
1851 3939 2015 4004 θεοῦ
2058 3940 2295 4022 χειρῶν
2336 3935 2616 4014 τούτους

278 4033 394 4104 ούκ
437 4037 868 4125 ἐξαιρήσεται,
916 4034 1021 4104 ὅτι
1062 4038 1229 4125 μηδὲ
1259 4038 1473 4115 καλῶς
1502 4035 1855 4127 ἐχρήσαντο
1882 4042 1977 4126 τῷ
2006 4040 2203 4125 καλῷ,
2249 4038 2417 4126 μηδὲ
2446 4036 2616 4105 κατὰ

275 4141 500 4224 τέχνην
555 4135 826 4224 ἀρίστης
882 4139 1287 4223 οἰκονομίας,
1347 4133 1518 4206 ἀλλὰ
1558 4137 1726 4206 κατὰ
1771 4144 1982 4226 ψυχῆς
2026 4137 2306 4207 ἄτακτον
2350 4145 2611 4227 θηριω-

277 4240 428 4310 δίαν
471 4261 587 4304 τον
628 4238 796 4317 ἰ’σως
839 4236 1024 4335 ἄξιον
1066 4243 1184 4327 τῆς
1228 4239 1342 4307 διὰ
1369 4239 1642 4326 σιδήρου
1674 4242 1926 4329 πληγῆς
1952 4240 2466 4328 κατειργάσαντο
2499 4238 2617 4307 ἄν·

275 4345 583 4425 θρωπον.
