2900 4950
921 1164 1546 1270 ‘commo
1604 1166 2102 1277 mmm.

737 1340 1009 1445 Novellae
1052 1344 1502 1408 constitutiones
1546 1362 1837 1405 annorum
1888 1345 2327 1408 1204—1453.

1346 1558 1424 1565 —.-.
1449 1558 1551 1565 ---
1620 1558 1716 1565 ..-

1402 1746 1574 1808 Nov,
1622 1747 1667 1808 1.

1040 1866 1190 1947 Imp.
1235 1865 1612 1927 Theodori
1655 1864 2013 1927 Laenatis

961 1967 1156 2047 pactio
1199 1987 1332 2029 eum
1378 1966 1614 2029 Venetis
1632 1966 1673 2026 ¹.
1757 1966 1847 2039 (A.
1897 1969 2107 2042 1220.)

532 2128 878 2196 Theodorus
921 2135 981 2196 in
1031 2135 1262 2197 Christo
1305 2132 1430 2195 Deo
1475 2132 1665 2195 fidelis
1709 2133 2038 2213 Imperator
2092 2142 2150 2196 et
2206 2132 2548 2195 moderator
2592 2133 2706 2195 Ro·

364 2250 631 2295 meorum
677 2243 737 2295 et
780 2254 1017 2315 semper
1059 2245 1342 2316 augustus
1387 2236 1725 2297 Comnanus
1770 2235 2078 2297 Lascarus.

535 2336 829 2397 Convenio
894 2356 1095 2417 pacem
1163 2355 1370 2416 puram
1429 2338 1777 2416 firmamque
1833 2344 1893 2397 et
1948 2336 2076 2397 sine
2140 2334 2420 2397 seandalo
2481 2334 2708 2398 habere

366 2444 579 2512 tecum,
625 2436 960 2499 felicissimo
1007 2444 1063 2500 et
1108 2437 1474 2502 nobilissimo
1518 2437 1759 2500 domino
1811 2430 2228 2517 Ja.“1'eupu10‚
2274 2437 2347 2498 de
2393 2432 2711 2499 mandato*

367 2537 632 2599 altissimi
663 2538 840 2600 Ducis
869 2539 1118 2602 Venecie
1161 2542 1453 2603 Potestate
1485 2540 1839 2602 Venetorum
1884 2538 1942 2600 in
1974 2537 2313 2619 R[omania]
2356 2545 2413 2600 et
2445 2537 2705 2619 Despote

366 2638 602 2718 Imperii
647 2639 931 2702 Romanie
988 2651 1047 2704 et
1102 2651 1306 2723 quarte
1350 2642 1540 2703 Partis
1596 2649 1655 2702 et
1705 2640 1942 2702 dimidie
1988 2639 2117 2720 ejus
2159 2639 2398 2720 Imperii
2442 2640 2564 2701 viee
2610 2639 2703 2702 sui

368 2737 753 2816 dominatore,
799 2761 830 2803 a
877 2744 1028 2804 festo
1071 2743 1505 2823 Assumptiouis
1550 2751 1932 2822 supersancte
1966 2739 2070 2803 Dei
2116 2740 2415 2820 genitricis
2459 2749 2518 2802 et
2548 2759 2706 2803 sem-

317 2890 324 2900 .
366 2839 713 2920 pel-virginis
768 2841 948 2906 Mal-ie
1010 2864 1202 2925 nuper
1255 2842 1537 2905 venturo’
1591 2841 1885 2924 presentis
1949 2843 2171 2904 mensis
2224 2843 2465 2921 Augusti
2522 2841 2705 2923 hujus

368 2942 657 3005 currentis
702 2945 950 3025 septime
993 2944 1331 3007 indictionis
1377 2961 1535 3005 anno
1580 2963 1611 3004 a
1656 2943 1946 3024 principio
1994 2943 2198 3004 mundi
2243 2961 2346 3004 sex
2388 2941 2703 3005 millesimo

366 3042 510 3105 DCC
553 3045 830 3124 vigesimo
876 3054 1105 3120 octavo,
1161 3056 1224 3109 ut
1266 3063 1475 3108 omnes
1519 3045 1722 3107 Veneti
1765 3053 1823 3107 et
1865 3044 2136 3106 homines
2178 3041 2427 3106 Venecie
2469 3051 2701 3119 eunteS,

366 3153 589 3207 stantes
635 3155 692 3207 et
736 3145 1091 3209 reddeuntes
1135 3147 1196 3207 in
1243 3147 1519 3208 omnibus
1563 3146 1734 3208 terris
1779 3141 1893 3207 mei
1931 3145 2186 3226 Imperii,
2232 3156 2289 3207 et
2334 3146 2393 3206 in
2423 3144 2704 3207 omnibus

367 3245 611 3308 diversis
668 3247 795 3307 aliis
850 3247 993 3310 iocis
1049 3266 1157 3328 per
1209 3256 1426 3309 terram
1485 3255 1544 3309 et
1586 3266 1695 3326 per
1736 3265 1917 3320 mare,
1964 3266 2098 3308 cum
2145 3248 2386 3308 navibus
2428 3246 2694 3325 ipsorum

367 3355 426 3416 et
469 3367 599 3410 eum
644 3348 981 3409 hominibus
1025 3356 1084 3408 et
1126 3348 1302 3410 rebus
1347 3348 1622 3409 omnibus
1664 3348 1813 3409 infra
1867 3347 2226 3408 astantibus⁴
2271 3347 2488 3408 eisdem
2532 3346 2700 3406 navi-

365 3447 508 3521 bus»,
566 3448 638 3508 ab
695 3448 948 3528 Imperio
1006 3457 1138 3509 meo
1183 3456 1242 3509 et
1298 3448 1634 3510 hominibus
1679 3448 1943 3529 ejusdem
1988 3446 2118 3508 sine
2164 3448 2420 3527 dampno
2464 3457 2523 3508 et
2564 3446 2701 3509 sine

365 3547 650 3610 mollestia
684 3559 741 3611 et
772 3550 899 3610 sine
929 3549 1119 3628 aliqua
1161 3549 1621 3629 inquietatione⁸
1664 3549 2186 3610 conservabuntur.
2247 3549 2323 3612 Et
2364 3548 2462 3610 isti
2493 3549 2699 3611 Veneti

368 3668 500 3710 cum
547 3650 820 3711 omnibus
863 3650 1041 3711 rebus
1086 3650 1347 3729 ipsorum
1392 3651 1452 3711 in
1500 3651 1659 3711 omni
1706 3650 2069 3730 subjectione
2114 3660 2402 3711 terrarum
2441 3649 2555 3710 mei
2585 3650 2705 3711 lm·

365 3750 518 3831 perii
559 3769 668 3832 per
710 3763 925 3813 terram
972 3759 1030 3812 et
1073 3769 1180 3829 per
1225 3770 1385 3814 mare
1431 3751 1649 3814 debent
1692 3771 1823 3814 esse
1867 3749 2032 3812 liberi
2080 3760 2140 3813 et
2180 3751 2309 3813 sine
2340 3750 2704 3813 commerkio

2526 3883 2555 3894 α

502 4020 516 4047 ·
554 4022 618 4071 Ex
657 4023 797 4072 Libro
833 4020 942 4071 anm
975 4000 1140 4072 inm
1180 4030 1226 4070 en
1264 4022 1416 4071 umis
1451 4022 1745 4084 paenorum}
1780 4022 1863 4072 rol.
1885 4021 1984 4072 242
2020 4030 2065 4070 et
2096 4021 2134 4071 n
2172 4021 2373 4072 τουπ
2410 4035 2564 4084 nuper
2599 4022 2709 4070 eds-

368 4105 542 4154 derunt
575 4105 686 4154 Taf
694 4106 748 4155 el
787 4114 834 4155 et
868 4107 1131 4155 Thomas
1169 4107 1425 4156 Urkunden
1465 4120 1550 4155 zur
1572 4107 1754 4156 alten-en
1780 4107 2015 4157 nandeis·
2049 4107 2144 4155 und
2167 4107 2489 4168 Staatagesch.
2512 4106 2560 4156 d.
2582 4106 2706 4167 Rep.

367 4189 591 4250 Venedig.
617 4190 657 4239 11
694 4190 851 4248 (Wien
883 4191 1029 4249 1857)
1064 4206 1109 4254 p.
1130 4190 1414 4240 205-207.
1554 4187 1574 4215 ²
1610 4192 1709 4240 Lib.
1736 4191 1873 4240 albus
1903 4198 2127 4253 corrupte
2150 4190 2313 4239 addit:
2354 4193 2521 4251 tocius,
2562 4192 2702 4253 quod

367 4270 414 4318 in
452 4274 626 4321 domini
661 4274 937 4321 mutandum
974 4281 1172 4323 censent
1209 4265 1433 4323 editores.
1621 4270 1640 4299 ³
1677 4275 1825 4323 Verba
1858 4291 2005 4340 nuper
2036 4282 2224 4325 vennam
2264 4274 2365 4324 Lib.
2402 4287 2499 4322 non
2538 4274 2705 4324 babet.

368 4350 390 4379 ⁴
423 4353 613 4403 unum:
650 4358 1020 4407 fantasmatibus.
1158 4354 1178 4384 ⁸
1214 4358 1314 4406 Lib.
1350 4356 1519 4406 albus:
1559 4360 1875 4423 inquisitione.
