2900 4950
373 250 497 311 218
1162 259 1277 308 eon.
1319 259 1373 307 ΙΙ.
1445 260 1558 308 Νον.
1598 258 1732 307 exn.
1771 258 1929 309 exul.

372 436 475 487 τις
519 404 864 491 ἀπαλλαγὴ
894 409 1009 492 τῆς
1041 401 1403 486 δυστυχίας,
1451 406 1618 489 μηδὲ
1656 403 1828 489 πρὸς
1857 399 2409 490 άνασωφρόνησιν
2442 402 2478 471 ὃ
2506 430 2719 496 μεμη-

373 510 503 588 νώς
531 512 910 592 κατασταίη,
955 508 1309 589 τηνικαῦτα
1341 506 1821 589 διατέμνεσθαι
1848 504 1964 591 τὴν
1992 503 2312 592 γαμήλιον
2342 506 2712 591 κοινωνίαν,

371 611 696 697 μηδεμιᾶς
717 604 873 694 μηδ’
902 607 1100 693 ἑτέρῳ
1122 613 1306 691 μέρει
1331 612 1851 693 προσγινομένης
1872 603 2311 690 καινοτομίας.
2374 612 2478 675 καὶ
2505 614 2715 678 ταῦτα

372 714 492 796 μὲν
539 706 910 793 διορίζομεν
957 703 1034 774 οὗ
1080 706 1251 791 πρὸς
1296 708 1611 795 διαβολὴν
1653 711 1785 774 τῶν
1816 706 1965 791 πρὸ
2006 705 2190 793 ἡμῶν
2221 712 2718 799 νομοθετησάμ-

372 838 536 892 των,
599 805 734 877 ἀλλ’
786 810 878 888 εἷς
924 805 1408 896 ἀποπλήρωσιν
1464 814 1580 897 τῆς
1624 812 1780 894 περὶ
1823 808 1900 874 τὸ
1942 804 2235 896 ὑπήκοον
2282 805 2717 901 ὀφειλομένης

373 910 530 1001 ἡμῖν
576 908 917 996 προνοίας.
979 907 1017 998 ἦ
1067 914 1138 977 δέ
1180 936 1252 994 γε
1277 905 1411 976 κατ’
1449 906 1649 997 αὐτὴν
1682 911 2183 997 ἕπιγνωσθεῖσα
2209 911 2327 998 τὴν
2356 918 2474 979 τοῦ
2502 916 2716 999 γάμου

253 1053 264 1057 -
372 1012 619 1101 ἡμέραν
663 1011 867 1095 μανιά
913 1008 1102 1078 οὐδὲν
1145 1008 1741 1097 ὑπεναντιούμενον
1773 1012 1902 1094 ἔχει
1931 1011 2103 1097 πρὸς
2143 1013 2260 1100 τὴν
2291 1009 2525 1082 αὐτίκα
2569 1017 2718 1084 διά-

377 1118 582 1193 λυσιν,
633 1114 691 1181 εἰ
733 1116 839 1180 καὶ
887 1115 1287 1200 προῆλθεν12
1329 1110 1367 1201 ἦ
1415 1118 1842 1197 νενομισμένη
1889 1108 2117 1191 αὐτοῖς
2162 1113 2522 1201 ἱερολογιά,
2575 1112 2713 1183 ἀλλ’

381 1213 630 1300 ὁμοίως
671 1218 750 1301 τῇ
797 1213 932 1298 πρὸ
974 1217 1090 1301 τῆς
1131 1221 1486 1302 μνηστείας
1531 1214 1897 1300 ἕγνωσμένῃ
1944 1214 2116 1299 πρὸς
2157 1214 2235 1280 τὸ
2279 1212 2716 1305 ἀκοινώνητον

375 1315 854 1401 καταστήσεται
895 1319 1001 1381 καὶ
1051 1310 1483 1399 ἀνάρμοστον.
1544 1316 1710 1394 ἰ’σως
1750 1316 1869 1399 μὲν
1900 1306 2015 1382 οὖν
2044 1338 2185 1382 τισι
2223 1315 2400 1396 δόξει
2441 1318 2518 1383 τὸ
2547 1320 2716 1403 μετὰ

374 1417 492 1505 τὴν
539 1419 904 1503 ἱερολογίαν
951 1414 1463 1501 διαζεύγνυσθαι
1506 1423 1780 1500 κρίσεως
1814 1410 2024 1504 ὀρθῆς
2054 1413 2575 1499 ἀπολείπεσθαι,
2625 1417 2716 1499 ὥς

376 1521 555 1599 δέον,
619 1518 766 1585 ἐπεὶ
825 1516 938 1583 διά
991 1521 1107 1602 τῆς
1160 1521 1679 1603 συναρμοστικῆς
1736 1519 1996 1604 τελετῆς
2040 1522 2107 1586 ἓν
2153 1523 2346 1603 σῶμα
2387 1521 2711 1605 γεγόνασι,

373 1620 462 1707 μὴ
510 1621 877 1703 διατέμνειν
922 1613 1178 1696 αὐτοὺς,
1227 1612 1362 1683 ἀλλ’
1410 1613 1785 1705 ἡνωμένους
1829 1619 1959 1697 ἐᾶν,
2006 1622 2112 1686 καὶ
2157 1620 2448 1704 μάλιστά
2472 1644 2561 1707 “γε
2602 1646 2717 1690 zw-³

376 1726 692 1807 ριωτέρου
754 1720 994 1804 μέλους
1057 1722 1165 1785 καὶ
1220 1722 1511 1807 κεφαλῆς
1567 1716 1978 1805 ὑπάρχοντος
2031 1726 2148 1786 τοῦ
2217 1718 2470 1806 ἀνδρός.
2560 1719 2715 1792 οὐδὲ

373 1823 497 1908 γὰρ
543 1823 609 1890 ἐν
657 1819 917 1905 σώματι
957 1820 1042 1886 τὰ
1083 1824 1216 1891 τῶν
1260 1823 1477 1905 μελῶν
1506 1822 1867 1907 κυριώτερα
1903 1817 2039 1888 ὑπό
2067 1846 2249 1900 τινος
2275 1831 2720 1911 κατεσχημένα

375 1924 647 2002 πάθους
694 1921 1097 1989 ἐκκόπτεται.
1188 1919 1325 1987 ἀλλ’
1376 1912 1569 2001 οὗτος
1613 1919 1649 1988 ὁ
1694 1922 1887 2009 λόγος
1931 1924 2140 1989 δοκῶν
2184 1919 2353 2010 ὑπὲρ
2395 1929 2513 2012 τῆς
2557 1926 2719 1993 ἑνώ-

377 2050 546 2103 σεως
600 2025 960 2102 ἵστασθαι,
1021 2018 1280 2108 ἀγνοεῖν
1343 2023 1516 2091 ἔοικε
1569 2027 1685 2111 τῆς
1743 2026 2107 2109 ἱερολογίας
2148 2023 2225 2089 τό
2268 2023 2585 2113 βούλημα.
2674 2023 2716 2113 ἦ

373 2130 492 2210 μὲν
533 2125 676 2212 γὰρ,
721 2125 805 2191 τὰ
848 2124 1166 2191 κάλλιστα
1208 2128 1288 2211 τῇ
1317 2131 1637 2212 μνηστείᾳ
1665 2125 2058 2208 χαρίζεσθαι
2088 2127 2536 2214 διανοουμένη,
2583 2151 2719 2194 σω-

377 2227 787 2316 φροσύνηνη,
834 2222 1131 2313 άρῤήκτῳ
1160 2229 1290 2292 τινὶ
1324 2229 1543 2312 δεσμῷ
1578 2228 1855 2313 φίλτρου
1888 2228 2250 2292 συνδέουσα
2279 2220 2715 2314 ἀμφοτέρους,

374 2336 599 2415 γένους
657 2327 966 2415 διαδοχὴν
1021 2330 1130 2393 καὶ
1188 2327 1252 2394 εἴ
1295 2352 1360 2394 τι
1419 2328 1640 2412 ἕτερον
1694 2323 1918 2416 ἡδύνει
1973 2328 2090 2394 τὸν
2143 2328 2351 2412 γάμον
2395 2331 2716 2397 τελεῖται·

374 2438 580 2516 μανία
626 2431 696 2496 δὲ
740 2432 888 2507 πῶς
932 2422 1011 2496 ἂν
1055 2432 1149 2515 τῷ
1197 2432 1424 2516 σκοπῷ
1486 2430 1850 2515 συνδράμοι
1901 2432 2016 2515 τῆς
2069 2428 2375 2513 τοιαύτης
2418 2431 2716 2519 τελετῆςς

378 2536 513 2599 ποῦ’
558 2531 680 2618 γὰρ
727 2529 1162 2618 σωφροσύνης
1202 2530 1280 2596 τὸ
1319 2531 1639 2617 καθαρὸν,
1686 2530 1774 2619 μὴ
1805 2533 1923 2596 τοῦ
1958 2534 2071 2596 νοῦ
2100 2529 2534 2616 γινώσκοντος
2564 2531 2719 2598 ἑαυ-

374 2634 522 2714 τὸν,
584 2630 722 2700 ἀλλ’
774 2631 1041 2717 ἄγνοιαν
1099 2631 1380 2718 ἐλεεινὴν
1427 2635 1897 2716 δυστυχοῦντος
1911 2661 1932 2714 ,-
1986 2637 2211 2716 γένους
2268 2631 2342 2698 δὲ
2397 2632 2618 2699 πόθεν
2674 2628 2715 2720 ἦ

380 2733 670 2821 διαδοχὴ,
727 2733 1001 2820 φρικτὸν
1045 2739 1273 2819 θέαμα
1315 2737 1422 2800 καὶ
1467 2734 1670 2818 μόνον
1718 2734 1882 2800 ἰδεῖν
1925 2736 2004 2820 τῇ
2051 2728 2262 2820 άθλίᾳ
2303 2737 2554 2821 μνηστῇ
2597 2733 2717 2800 τὸν

385 2832 797 2922 ἀθλιώτερον
839 2840 1178 2924 μνηστῆρα
1221 2839 1336 2924 τῆς
1377 2843 1619 2920 μανίας
1673 2834 2309 2922 παρεσκευαζούσης,
2359 2836 2446 2923 μὴ
2495 2831 2599 2901 ὅτι
2642 2859 2716 2919 γε

379 2940 727 3005 συνελθεῖν
773 2934 949 3025 αὐτῷ
995 2939 1167 3024 πρὸς
1213 2934 1479 3023 ὁμιλίαν
1524 2942 2099 3024 προτρεπομένης,·
2143 2933 2325 3022 ποίῳ
2355 2932 2418 3002 δ’
2454 2931 2536 3003 ἂν
2562 2938 2718 3024 φίλ-

377 3063 536 3125 τρου
581 3041 800 3125 δεσμῷ
847 3041 1260 3118 συνδεθεῒεν,
1318 3042 1435 3104 τοῦ
1493 3038 1767 3116 πάθους
1811 3033 1966 3104 ὅλον
2018 3033 2555 3123 άποθηριοῦντος
2597 3037 2717 3103 τὸν

378 3141 763 3228 ἄνθρωπον,
810 3145 916 3208 καὶ
964 3141 1186 3208 πάντα
1214 3142 1466 3224 μᾶλλον
1496 3134 1537 3227 ἢ
1574 3128 1941 3224 ἄνθρωπόν
1973 3136 2539 3222 ἐπιγινιόσκεσθαι
2568 3138 2719 3203 δια-

376 3250 720 3324 τιθέντος;
780 3242 837 3309 εἰ
883 3237 945 3307 δ’
998 3239 1127 3324 ἄρα
1171 3244 1339 3307 ποτὲ
1383 3243 1489 3306 καὶ
1535 3240 1728 3324 γονὴν
1775 3239 1846 3318 ἐξ
1887 3234 2060 3304 οὕτω
2104 3236 2316 3322 γάμου
2362 3239 2720 3320 δυστυχοῦς

382 3344 626 3430 ὄψεται
667 3341 883 3430 ἥλιος,
932 3346 1080 3420 πῶς
1125 3337 1199 3407 οὗ
1244 3341 1426 3424 κοινὴ
1472 3340 1683 3427 βλάβη
1726 3344 1821 3426 τῷ
1869 3334 2277 3426 ἀνθρωπίνῳ
2320 3334 2445 3425 βίῳ
2490 3333 2529 3424 ἦ
2573 3361 2720 3404 τοι-

377 3447 537 3530 αύτη
583 3442 776 3529 γονῆς
838 3441 1015 3514 διότι
1062 3445 1527 3526 συνεξομοιοῦν
1583 3436 1759 3509 οἶδεν
1804 3437 1843 3529 ἡ
1891 3440 2091 3529 φύσις
2145 3449 2291 3518 τοῖς
2333 3438 2718 3525 πράγμασιν

381 3542 470 3621 ὥς
515 3543 631 3609 ἐπὶ
676 3542 849 3607 πολὺ
894 3542 1049 3620 τοὺς
1092 3542 1404 3627 καρπούς.
1496 3543 1641 3628 ἐμοὶ
1698 3544 1819 3628 μὲν
1876 3532 1988 3608 οὖν
2033 3545 2139 3609 καὶ
2198 3541 2313 3607 διὰ
2364 3544 2575 3608 ταῦτα
2618 3538 2722 3607 δι’-

375 3667 563 3711 καιον
609 3638 925 3730 ἐλογίσθη
971 3646 1078 3708 καὶ
1126 3642 1422 3728 εὔλογον,
1472 3648 1577 3710 καὶ
1627 3641 1779 3712 οὔτε
1821 3643 1993 3728 πρὸς
2038 3639 2360 3728 ἀθέτησιν
2404 3646 2521 3729 τῆς
2565 3664 2722 3708 συν-

377 3751 706 3833 απτηρίου
752 3740 1051 3830 εὐλογίας
1108 3742 1259 3812 οὕτε
1309 3744 1481 3830 πρὸς
1536 3745 1699 3812 ἄλλο
1756 3744 1824 3811 τὶ
1880 3744 2189 3831 ἔγκλημα,
2247 3742 2325 3808 τὸ
2385 3748 2747 3824 θεσπίσαι,

373 3848 489 3936 τὴν
533 3851 652 3915 τοῦ
696 3846 909 3934 γάμου
953 3845 1121 3931 μετὰ
1163 3846 1281 3934 τὴν
1323 3849 1439 3933 τῆς
1482 3854 1721 3930 μανίας
1769 3847 1975 3934 λῆψιν
2021 3844 2341 3912 διάλυσιν.
2410 3843 2470 3910 εἰ
2515 3845 2588 3911 δέ
2616 3868 2720 3921 τις

375 3949 592 4029 αἰτίας
638 3945 754 4016 οὐκ
798 3944 1081 4017 άπολύει
1123 3950 1200 4015 τὸ
1232 3954 1606 4032 θέσπισμα,
1656 3938 1848 4026 οὗτος
1875 3942 2027 4014 καθ’
2064 3945 2299 4014 ἑαυτὸν
2330 3943 2717 4028 ἐπιστήσας,

376 4053 478 4117 καὶ
528 4050 643 4138 τὴν
690 4051 759 4117 ἐκ
800 4054 920 4116 τοῦ
963 4049 1327 4137 μεμηνότος
1370 4048 1582 4134 γάμου
1628 4047 2038 4136 κατανοήσας
2069 4043 2417 4134 ὠφέλειαν,
2466 4045 2722 4112 εἵσεται

369 4149 489 4237 τὴν
537 4151 784 4218 οἰκείαν
827 4160 1042 4238 κρίσιν
1091 4147 1333 4228 ὁποίας
1376 4151 1572 4234 τιμῆς
1616 4145 1768 4229 άξία
1812 4154 2231 4235 καθέστηκεν.

375 4296 438 4304 ...-
477 4297 674 4306 ..ο-’,η

509 4368 545 4395 ¹²
581 4372 661 4420 Sic
698 4373 917 4420 emendo,
978 4372 1128 4421 codd.
1168 4367 1495 4436 προσῆλθεν-
1640 4369 1675 4398 ¹⁸
1712 4373 1913 4433 Scrimg.
1950 4367 2304 4436 σωφροσύνη.
2374 4369 2569 4419 Emend.
2592 4368 2724 4432 Agyl.
