2900 4950
381 236 504 296 474
1235 248 1353 298 Con.
1391 248 1464 298 W.
1535 247 1647 299 Nov.
1687 248 1858 298 vau.

544 392 629 462 ‘H
651 396 736 464 κε’
769 398 888 462 τοῦ
916 421 962 479 μ
981 402 1304 482 αρτίου,
1353 395 1473 462 διὰ
1495 392 1612 462 τόν
1642 399 1763 483 τῆς
1790 394 2207 481 θεομήτορος
2229 390 2739 480 εόαγγελισμόν.

382 500 452 565 αἱ
495 500 863 581 πασχαλίαι
905 522 1038 565 των
1079 490 1357 585 ήμερῶν,
1405 491 1521 562 ἀπ’
1573 490 1773 583 αὖτῆς
1823 499 1941 582 τῆς
1982 499 2100 562 τοῦ
2147 497 2499 582 λαζάρου
2548 498 2733 583 ἐγέρ

381 622 549 678 σεως
589 606 778 720 μέχρι
820 602 932 666 καὶ
976 600 1070 682 εἰς
1113 594 1315 684 αὐτὴν
1357 598 1476 684 τὴν
1517 597 1684 682 μετὰ
1724 598 1804 663 τὸ
1849 594 2037 682 άγιον
2080 597 2308 681 πάσχα
2353 593 2614 686 ὀγδόην.

542 696 630 767 Ἡ
643 701 729 767 κε’
757 703 873 766 τοῦ
900 696 1064 787 ἀπρ
1083 700 1250 768 ιλλί
1263 722 1383 779 ου,
1434 700 1548 766 διὰ
1568 699 1687 766 τὸν
1713 695 2092 766 ἀπόστολον
2122 700 2232 766 καὶ
2265 696 2533 786 εὖαγγελ
2539 702 2738 788 ιστὴν

379 801 637 885 μάρκο
658 828 711 867 ν.
799 803 906 867 καὶ
961 798 1002 887 ἢ
1061 801 1136 880 λ’,
1200 800 1314 868 διὰ
1367 801 1489 867 τὸν
1541 797 1921 869 ἀπόστολον
1981 801 2364 886 ἰάκωβον,
2429 801 2552 868 τὸν
2608 807 2737 869 τοῦ

382 903 791 988 θεολόγου
834 905 940 968 καὶ
989 897 1445 989 εὐαγγελιστοῦ
1492 897 1800 988 ἀδελφόν.

545 999 629 1068 Ἡ
652 1003 707 1089 η’
757 1007 874 1069 τοῦ
916 1008 1197 1084 μαΐου,
1247 1003 1360 1070 διὰ
1387 1003 1505 1091 τὴν
1533 1004 1790 1090 μνήμην
1829 1006 1947 1070 τοῦ
1980 998 2441 1089 εὖαγγελιποῦ
2487 1005 2512 1070 ί
2526 1031 2583 1070 ω
2602 1004 2733 1071 άν·

383 1128 520 1170 νου
564 1109 683 1171 τοῦ
728 1103 1156 1190 θεολόγον.
1245 1101 1285 1191 ἡ
1341 1103 1403 1183 ι’,
1453 1106 1569 1171 διὰ
1610 1104 1727 1191 τὴν
1768 1107 1887 1169 τοῦ
1934 1100 2315 1171 ἀποστόλου
2362 1101 2734 1188 σίμωνος

381 1210 499 1272 τοῦ
547 1207 920 1293 ζηλωτοῦ.
1011 1202 1050 1293 ἢ
1093 1205 1214 1286 κα’,
1275 1205 1390 1272 διὰ
1429 1206 1547 1293 τὴν
1589 1205 1845 1292 μνήμην
1896 1209 2028 1272 τῶν
2073 1202 2278 1291 ἁγίων
2320 1209 2427 1272 καὶ
2478 1207 2733 1273 ὶσαπο-

383 1307 638 1374 στόλων
690 1307 990 1392 μεγάλων
1042 1302 1404 1390 βασιλέων,
1464 1313 2074 1373 κωνσταντίνου
2128 1309 2234 1373 καὶ
2292 1307 2597 1394 ἑλένης.
2692 1305 2729 1395 ἦ

381 1408 499 1489 κς’,
548 1409 660 1475 διὰ
702 1407 818 1496 τὴν
862 1412 982 1474 τοῦ
1023 1404 1406 1474 ἀποστόλου
1453 1402 1715 1494 ἀλφαί
1730 1431 1819 1473 ου
1862 1410 1980 1472 τοῦ
2027 1404 2052 1472 ἶ
2064 1406 2208 1472 οὐδ
2222 1434 2281 1473 α.

547 1507 633 1573 Ἡ
671 1510 757 1575 ια’
790 1513 912 1575 τοῦ
954 1510 1302 1588 ἰουνίου,
1353 1509 1467 1575 διὰ
1495 1508 1610 1573 τὸν
1650 1504 2030 1575 ἀπόστολον
2056 1509 2728 1592 βαρθολομαῖον.

382 1606 421 1696 ἦ
471 1609 590 1688 ιθᾏ
653 1611 766 1676 διὰ
822 1610 938 1676 τὸν
993 1606 1370 1676 ἀπόστολον
1430 1609 1719 1676 ἰούδαν
1774 1608 1889 1675 τὸν
1947 1612 2051 1675 καὶ
2098 1610 2463 1676 θαδδαῖο
2482 1637 2546 1689 ν,
2616 1616 2732 1678 καὶ

384 1712 806 1796 λεββαῒον,
841 1714 949 1778 καὶ
983 1711 1354 1796 ἷάκωβον.
1415 1708 1604 1798 ἦκδ’,
1654 1709 1767 1776 διὰ
1787 1709 1865 1775 τὸ
1894 1715 2012 1776 τοῦ
2040 1711 2520 1796 προδρόμου
2546 1719 2732 1797 γενέ-

382 1814 602 1878 θλιον.
691 1809 730 1899 ἡ
786 1813 917 1893 κθ’,
982 1813 1092 1880 διὰ
1145 1813 1262 1900 τὴν
1322 1813 1435 1879 ἐπὶ
1493 1823 1639 1890 τοῖς
1690 1819 2089 1899 κορυφαίοις
2137 1816 2271 1878 τῶν
2322 1807 2731 1880 ἀποστόλων

385 1919 687 1997 πέτρου
731 1916 839 1981 καὶ
886 1915 1211 1981 παύλου
1255 1915 1638 2002 πανήγυριν.
1727 1916 1833 1979 καὶ
1882 1910 1917 2000 ἦ
1964 1913 2041 1993 λ’,
2100 1913 2214 1980 διὰ
2254 1912 2371 1999 τὴν
2417 1915 2535 1981 ἐπὶ
2582 1927 2732 1995 τοῖς

386 2015 657 2082 δώδεκα.

546 2113 634 2182 Ἡ
668 2116 755 2184 κε’
802 2120 919 2183 τοῦ
968 2118 1320 2196 ἷουλίου,
1368 2115 1482 2182 διά
1509 2117 1627 2203 τὴν
1655 2119 1773 2202 τῆς
1808 2110 1999 2201 ἀγίας
2042 2113 2291 2203 ἄννης
2329 2120 2446 2202 τῆς
2474 2118 2731 2203 μητρὸς

384 2221 501 2305 τῆς
544 2219 956 2305 θεομήτορος
993 2226 1320 2304 κοίμησιν.

550 2315 634 2384 Ἠ
673 2318 728 2400 ς’
759 2323 879 2385 τοῦ
925 2315 1417 2403 αὖγούστου,
1467 2317 1579 2383 διὰ
1621 2316 1739 2404 τὴν
1780 2320 1899 2383 τοῦ
1930 2320 2227 2405 σωτῆρος
2255 2314 2440 2403 ἡμῶν
2487 2319 2730 2404 introi?

382 2425 723 2506 χριστοῦ
777 2418 1313 2507 μεταμόρφωσιν.
1415 2415 1457 2507 ἦ
1515 2419 1620 2498 θ’,
1689 2417 1802 2485 διὰ
1857 2418 1975 2507 τὴν
2027 2418 2283 2507 μνήμην
2346 2423 2463 2486 τοῦ
2531 2416 2727 2506 ἁγίου

388 2517 772 2589 ἀποστόλου
825 2527 1208 2604 ματθίου.
1297 2518 1336 2607 ἦ
1385 2521 1482 2599 ιε’,
1544 2519 1657 2586 διὰ
1711 2520 1827 2606 τὴν
1884 2517 2324 2606 ὖπερένδοξον
2374 2527 2492 2608 τῆς
2536 2519 2732 2608 ἁγίας

384 2622 709 2690 θεοτόκου
764 2621 1186 2704 μετάστασιν.
1275 2624 1384 2689 καὶ.
1439 2618 1479 2708 ἦ
1538 2620 1612 2700 κ’,
1684 2620 1797 2687 διὰ
1856 2620 1975 2706 τὴν
2038 2626 2295 2710 μνήμην
2357 2626 2481 2689 τοῦ
2534 2621 2730 2709 ἆγίου

386 2720 769 2791 ἀποστόλου
824 2724 1264 2789 θαόδαίου.
1354 2726 1461 2789 καὶ
1518 2720 1561 2810 ἡ
1617 2722 1710 2788 κδ’
1729 2774 1745 2800 ,
1805 2721 1918 2788 διὰ
1971 2722 2089 2809 τὴν
2151 2728 2271 2790 τοῦ
2337 2721 2729 2792 ἀποστόλου

383 2827 1041 2911 βαρθολομαίου.
1107 2823 1220 2890 καὶ
1259 2821 1296 2890 r‘
1342 2823 1475 2905 κδ’,
1524 2824 1638 2890 διὰ
1680 2824 1801 2910 τὴν
1825 2827 1943 2890 τοῦ
1972 2834 2201 2911 τιμίου
2245 2825 2730 2912 προδρόμου

386 2920 751 3014 ἀποτομήν.

559 3028 852 3107 Ταυταις
903 3024 996 3108 ὡς
1047 3029 1270 3096 τέλεον
1325 3023 1693 3113 ἀπράκτοις
1753 3027 2435 3114 mongum-mamas
2486 3031 2597 3095 καὶ
2658 3030 2733 3097 αἱ

384 3130 741 3218 μεσότητες
793 3134 911 3217 τῆς
965 3135 1671 3216 τεσσαρακονθημέρου
1728 3129 2033 3217 νηστείας
2084 3132 2191 3196 καὶ
2247 3132 2364 3217 τῆς
2407 3153 2733 3218 πεντηκο-

388 3236 562 3320 στῆς,
609 3236 720 3298 καὶ
760 3227 804 3318 ἦ
843 3235 964 3297 τοῦ
1007 3235 1303 3318 σωτῆρος
1354 3226 1717 3315 ἀνάληψις,
1777 3229 1888 3296 καὶ
1945 3230 2015 3296 αἱ
2068 3234 2288 3297 πᾶσαι
2341 3229 2476 3297 τῶν
2520 3231 2590 3298 ἐν
2634 3236 2732 3319 τῷ·

388 3334 666 3419 ἐνιαυτῷ
696 3329 953 3419 ἡμερῶν
979 3332 1412 3417 κυριώνυμοι·
1460 3330 1553 3410 ὥς
1583 3332 1651 3398 ἐν
1681 3327 1917 3412 αὐταῖς
1946 3328 2471 3399 ἀποκεκλεῖσθαι
2498 3335 2734 3400 πᾶσαν

388 3434 688 3518 πάροδον
735 3435 829 3511 εἰς
871 3433 948 3498 τὸ
994 3432 1432 3517 δικαστήριον,
1481 3435 1589 3498 καὶ
1632 3433 1834 3519 μηδέν
1879 3459 1949 3500 τι
1987 3435 2241 3521 μηδένα
2277 3437 2412 3501 τῶν
2444 3434 2733 3514 δικάζειν

388 3534 719 3630 λαχόντων
764 3533 1138 3600 δικαστικὸν
1182 3532 1740 3617 διαπράττεσθαι.

556 3634 639 3721 β’.
727 3635 837 3702 Αἵ
885 3659 957 3721 γε
1010 3632 1141 3721 μὴν
1194 3633 1273 3699 τὸ
1331 3634 1751 3723 δικαστήριον
1797 3631 1939 3704 ἀπό
1978 3641 2223 3722 μέρους
2262 3633 2729 3719 σχολάζουσαι,

386 3741 497 3805 καὶ
554 3736 643 3826 μὴ
699 3731 849 3804 καθ’
915 3733 1267 3824 ὁλόκληρον
1327 3732 1442 3816 (ιῦς
1498 3737 2110 3825 προδιειλήφαμεν)
2160 3731 2731 3824 ἀπρακτήσουσαι,

387 3837 517 3909 εἷεν
563 3834 642 3906 ἂν
688 3828 899 3906 αὗται.

548 3938 636 4008 Ἡ
660 3940 713 4022 ς’
748 3945 864 4007 τοῦ
910 3935 1478 4025 σεπτεμβρίου
1521 3940 1742 4027 μηνὸς,
1792 3936 1898 4007 ὅτι
1928 3941 1997 4008 ἐν
2027 3936 2193 4063 αὐτῇ
2218 3939 2299 4005 τὸ
2329 3939 2398 4007 ἐν
2424 3938 2741 4023 χώναις

386 4048 508 4111 τοῦ
549 4039 1063 4129 ἀρχιστρατήγου
1107 4041 1410 4127 μιχαὴλ
1447 4045 1684 4125 θαῦμα
1725 4043 2386 4129 τετερατοόργηται’·”.

557 4144 760 4228 Η’κγ
807 4145 924 4209 τοῦ
970 4138 1460 4228 ὃκτωβρίου,
1528 4139 1636 4210 ὅτι
1676 4142 1792 4231 τήν
1834 4143 2090 4231 μνήμην
2132 4146 2252 4210 τοῦ
2299 4138 2736 4231 ἀδελφοθέου

521 4362 559 4391 ¹⁶
595 4367 662 4414 {ta
698 4365 822 4415 Bals.
895 4365 1040 4414 Labb.
1078 4333 1542 4432 τερατουργεῖται.
