2900 4950
1151 258 1268 323 Imp.
1305 257 1457 309 Alexii
1493 259 1739 310 Comneni.
2483 245 2609 310 349

274 404 407 471 εἴτε
447 402 635 490 παρά
676 430 877 472 τινων
907 404 1252 493 σύμφωνα,
1299 406 1379 472 τὸ
1420 410 1617 494 κῦρος
1648 406 1815 490 ἔχειν
1847 405 2026 474 ἐσαεὶ
2052 405 2165 472 ’καὶ
2193 405 2280 494 μὴ
2314 406 2382 473 ἐκ
2410 433 2609 491 μετα-

268 507 469 591 μέλου
512 506 695 586 τινὸς
738 500 1273 592 ἀνατρέπεσθαι·
1316 509 1425 574 καὶ
1474 503 1565 586 ὥς
1608 509 1673 575 εἴ
1712 533 1815 587 τις
1858 502 1997 574 ἀπό
2041 533 2113 594 γε
2155 512 2272 574 τοῦ
2318 511 2432 576 νῦν
2468 533 2609 576 τοι-

271 609 463 674 οῦτον
506 607 823 695 τολμήσει
865 612 1170 695 ποιῆσαι,
1217 605 1628 676 ὑποκεῖσθαι
1684 603 1883 676 αυτὸν
1938 612 2017 696 τῇ
2071 611 2188 675 τοῦ
2229 617 2608 730 προστίμου

270 706 531 776 ἐκτίσει.
619 713 732 776 καὶ
770 707 894 796 γὰρ
941 706 1057 778 οὐκ
1100 710 1367 796 ευ’λογον
1412 737 1493 777 αν
1539 712 1638 797 ειή
1671 709 1822 779 ου’τε
1851 712 2126 791 δίκαιον,
2172 709 2256 778 τὰ
2285 710 2609 797 πρότερον

268 811 484 889 καλῶς
528 810 813 891 δόξαντα
853 815 962 879 καὶ
1007 812 1173 879 κατὰ
1215 812 1475 899 γνώμην
1516 815 1648 879 τῶν
1695 811 2234 893 συναλλαξάντων
2280 813 2611 880 συστάντα

267 919 713 997 παραβαίνειν
760 914 828 980 ἔκ
871 915 1321 998 μεταμελείας.
1408 916 1516 980 καὶ
1560 914 1807 982 κελεύει
1858 938 1968 982 σοι
2010 913 2128 1001 τὴν
2171 938 2322 999 περι
2371 913 2607 980 τούτου

271 1014 526 1099 ε’ίδησιν
572 1014 803 1098 ἔχοντι,
852 1014 926 1082 ὃν
971 1009 1052 1083 ἂν
1096 1011 1287 1103 εῧρῃς
1330 1009 1471 1081 ἀπὸ
1512 1018 1631 1099 τῆς
1686 1015 1968 1104 σήμερον
2012 1014 2183 1101 πρὸς
2227 1011 2606 1104 ἀνατροπὴν

260 1116 602 1196 χωροῦντα
643 1119 777 1183 τῶν
831 1114 953 1205 ἤδη
1015 1115 1181 1186 κατὰ
1238 1115 1481 1202 νόμους
1535 1123 2117 1205 συμφωνηθέντων
2167 1119 2273 1184 καὶ
2319 1117 2485 1184 κατὰ
2526 1117 2605 1184 τὸ

267 1207 545 1298 ἀρεστὸν
608 1219 717 1284 καὶ
771 1222 1070 1307 θυμῆρες
1136 1214 1346 1304 αὐτῷ,
1417 1212 1732 1286 ἀπαιτεῖν
1792 1222 2027 1285 τοῦτον
2087 1217 2166 1284 τὸ
2230 1216 2604 1303 πρόστιμον

267 1309 693 1400 ἀσυμπαθῶς
734 1320 843 1385 καὶ
889 1312 1324 1406 ἀποταμίζειν
1368 1321 1462 1405 τῷ
1510 1321 1824 1406 δημοσίῳ.
1914 1318 2155 1387 λοιπὸν
2202 1322 2316 1386 οὖν
2355 1317 2605 1386 ἐπανά-

261 1422 482 1502 γνωθι
535 1416 653 1505 τὴν
707 1423 1055 1506 παροῦσαν
1111 1420 1479 1507 πρόσταξιν
1533 1423 1650 1508 τῆς
1702 1421 2047 1506 βασιλείας
2101 1415 2286 1507 ἤμων
2344 1420 2410 1487 ἐν
2460 1430 2606 1501 τοῖς

262 1523 640 1603 καθίσμασι
682 1525 800 1588 τοῦ
843 1517 982 1589 ὗπό
1028 1545 1104 1590 σε
1145 1527 1477 1606 θέματος,
1528 1518 1619 1602 ὥς
1661 1516 1741 1589 ἀν
1772 1519 2147 1608 διαγνόντες
2192 1518 2482 1602 ἅπαντες
2512 1519 2604 1602 ὥς

264 1614 381 1687 οὔκ
424 1619 814 1708 ἐκφεύξουσι
854 1622 973 1711 τὴν
1015 1617 1378 1712 ἀπαίτησιν
1422 1627 1556 1691 τῶν
1611 1631 2001 1711 προστίμων
2055 1624 2302 1691 δίκαιοι
2343 1626 2455 1691 καὶ
2497 1618 2603 1691 εὗ-

260 1726 415 1801 θεῖς
458 1746 587 1790 ωσι
625 1724 815 1810 παρὰ
855 1728 949 1810 τῷ
996 1725 1504 1811 συναλλάγματι.

428 1821 510 1908 β’.
594 1820 773 1893 Ἐπεὶ
819 1827 892 1893 δὲ
936 1822 1233 1911 ἀνέμαθε
1275 1828 1386 1893 καὶ
1427 1827 1625 1892 τοῦτο
1654 1820 1692 1912 ἦ
1723 1821 2099 1911 βασιλεία’
2060 1828 2265 1912 ημῶν,
2313 1821 2404 1905 ὥς
2432 1827 2603 1892 πολ-

263 1923 365 1990 λοὶ
414 1921 700 2006 ἄπαιδες
741 1930 851 1994 καὶ
897 1921 1255 1995 ἀδιάθετοι
1295 1925 1683 2014 θνήσκουσι,
1729 1927 1978 2012 μηδένα
2020 1926 2273 2010 ἔχοντες
2314 1926 2481 1992 κατὰ
2521 1925 2599 1992 τὸ

260 2023 333 2104 ἐξ
374 2018 742 2093 ἀδιαθέτου
801 2028 1057 2095 δίκαιον
1112 2027 1513 2113 καλούμενον
1570 2027 1665 2106 εἷς
1716 2025 1833 2113 τὴν
1874 2028 2311 2113 κληρονομίαν
2361 2021 2597 2107 αὗτῶν,

261 2126 476 2212 ἕτεροι
518 2128 592 2195 δὲ
635 2124 1017 2213 αὖτονόμως
1048 2128 1441 2208 ἑξιδιοῧντες
1482 2130 1589 2194 καὶ
1622 2128 2112 2214 σφετερίζοντες
2153 2126 2269 2214 τὴν
2296 2126 2601 2214 μηδόλως

259 2223 629 2315 ἀνήκουσαν
672 2229 935 2309 τούτοις
980 2230 1239 2300 ἐκείνων
1285 2226 1604 2315 ὕπαρξιν,
1662 2232 1769 2295 καὶ
1827 2239 2155 2315 στερεῒται
2202 2223 2237 2294 ὃ
2284 2228 2601 2316 δημόσιος

256 2332 390 2396 τῶν
436 2327 668 2418 δικαίῳ
715 2331 886 2420 λόγῳ
931 2328 1351 2418 ἁρμοζόντων
1382 2326 1590 2418 αὗτῷ·
1634 2330 1881 2398 κελεύει
1911 2354 2023 2398 σοι
2065 2330 2231 2413 ἔχειν
2261 2329 2599 2419 προσοχὴν

253 2433 362 2498 καὶ
405 2434 565 2520 περὶ
606 2433 864 2515 τούτου,
913 2432 1388 2522 διαλαλήσαντι
1434 2433 1504 2501 δὲ
1546 2436 1653 2501 καὶ
1701 2433 1769 2501 ἐν
1801 2429 1917 2521 ὅλῃ
1964 2436 2043 2521 τῇ
2087 2431 2435 2525 περιχώρῳ
2479 2435 2597 2500 τοῦ

254 2529 390 2601 ὖπό
436 2558 513 2604 σε
556 2542 885 2621 θέματος,
947 2532 1037 2617 (ὃς
1081 2537 1140 2604 εἰ
1182 2537 1383 2604 κατά7
1427 2562 1496 2603 τι
1536 2542 1862 2624 μηνυθείη
1919 2530 2057 2601 ὖπό
2099 2558 2279 2614 τινος
2325 2529 2416 2616 ὥς
2456 2558 2600 2603 τοι-

253 2639 478 2718 οῦτον,
538 2637 828 2725 λήψεται
884 2639 1001 2727 τὴν
1061 2638 1332 2727 δεκάτην
1386 2640 1626 2724 μερίδα
1679 2640 1812 2703 τῶν
1868 2630 2503 2722 προσαγγελθέντων
2561 2632 2597 2702 ὃ

250 2737 368 2824 τὴν
425 2741 911 2826 προσαγγελίαν
968 2740 1438 2827 ποιησάμενος.
1531 2735 1824 2827 ὀφείλεις
1877 2740 2361 2824 προσαγγελίας
2413 2762 2598 2825 γενο-

249 2844 450 2924 μένης
494 2834 1026 2927 ἀπογράφεσθαι
1066 2841 1183 2928 τὴν
1227 2838 1513 2926 ὕπαρξιν
1564 2844 1681 2906 τοῦ
1726 2838 2230 2927 τελευτήσαντος
2275 2840 2341 2906 ἓν
2386 2842 2595 2928 λεπτῇ

252 2934 635 3028 ἀπογραφῇ,
685 2941 752 3008 εἴ
791 2966 860 3007 τι
905 2940 973 3009 ἐν
1003 2945 1294 3028 κινητοῖς
1335 2943 1442 3009 καὶ
1475 2934 1807 3026 ἀκινήτοις
1839 2940 1959 3027 εἰἠ,
2005 2942 2112 3006 καὶ
2143 2947 2597 3025 παρατιθέναι

249 3040 492 3128 ταύτην
548 3045 682 3108 τῶν
741 3038 1037 3128 εὖλαβῶν
1096 3042 1451 3129 ἐγχωρίων,
1510 3047 1734 3126 μέχρις
1790 3036 1870 3108 ἀν
1922 3040 2000 3107 σὺ
2047 3035 2444 3129 ἀναδιδάξῃς
2485 3045 2597 3108 καὶ

249 3141 516 3231 γράψῃς
571 3142 743 3231 πρὸς
794 3144 873 3211 τὸ
928 3147 1047 3211 τοῦ
1099 3149 1484 3231 βεστιαρίου
1552 3147 1853 3227 σεκρέτον
1916 3144 2028 3209 καὶ
2082 3141 2197 3230 τὴν
2251 3143 2595 3228 βασιλείαν

249 3242 436 3331 ἡμῶν
481 3240 573 3325 ιῦς
617 3238 697 3313 ἀν
740 3245 818 3313 τὸ
863 3246 1097 3314 δοκοῦν
1141 3240 1304 3334 αὐτῇ
1347 3252 1628 3332 γένηται.

415 3340 764 3435 Ἀπελύθη
808 3350 963 3436 μηνὶ
1010 3348 1173 3415 ἷουλ.
1223 3348 1343 3415 ivd.
1393 3347 1437 3416 ε’
1487 3340 1626 3414 ἀπὸ
1670 3348 1787 3434 τῆς
1824 3343 2288 3432 θεοφυλάκτου
2332 3343 2596 3425 πόλεως

251 3447 364 3515 διὰ
386 3448 770 3534 γράμματος
788 3453 908 3517 τοῦ
930 3450 1497 3539 πρωτοπροέδρου
1518 3451 1715 3536 κυροῦ
1741 3470 1784 3515 σ
1798 3473 1876 3533 ερ
1889 3470 1929 3534 γ
1944 3452 1970 3514 ί
1985 3471 2020 3514 ο
2036 3474 2074 3513 υ
2094 3449 2202 3514 καὶ
2227 3448 2592 3534 λογοθέτου

247 3552 379 3617 τῶν
412 3556 731 3636 σεκρέτων
759 3555 877 3618 τοῢ
925 3550 1304 3636 ἐξαμι...ει
1345 3555 1452 3619 καὶ
1497 3548 1536 3617 ²5
1572 3548 1682 3618 διὰ
1725 3552 1924 3638 κηροῦ
1957 3549 2264 3637 βασιλικὴ
2311 3554 2594 3639 σφραγὶς

246 3653 342 3737 ‘ug‘
384 3652 852 3741 βουλλωτηρίῳ
898 3652 1014 3740 τὴς
1057 3649 1248 3740 ἆγίας
1293 3654 1650 3742 δεσποίνης
1686 3654 1794 3719 καὶ
1824 3652 2070 3740 μητρὸς
2098 3656 2227 3773 τοῦι
2242 3655 2588 3740 βασιλέως.

383 3906 402 3934 ⁷
439 3911 653 3972 Legerim
687 3903 796 3959 καὶ.
939 3906 1140 3997 “Forte
1175 3903 1530 3977 ἑξαμιλιώτου
1564 3909 1632 3959 vel
1670 3902 1961 3975 ἑξαμιλίου.

1118 4172 1720 4181 *mo—-
