2900 4950
302 234 428 300 332
503 240 510 247 “
885 202 890 219 ’
1203 248 1322 300 con.
1359 248 1433 301 ιν.
1502 250 1617 300 nov.
1653 250 1752 301 m

302 396 766 499 τετράμηνον
817 396 953 473 τὸν
1001 397 1192 472 κατὰ
1241 398 1383 495 τὴν
1429 397 1718 495 ἡμέραν
1759 404 2226 496 πατριάρχην
2282 407 2441 475 τῶν
2486 403 2653 487 ἆξο-

881 534 890 547 “
999 516 1278 613 ρίστων
1327 515 1939 613 ὑπομιμνήσκειν.

449 662 735 735 Ὥπλισε
775 669 883 734 καὶ
921 668 1231 752 μελίττας
1271 663 1311 756 ἦ
1344 666 1551 756 φύσις
1575 672 1818 755 κέντρῳ
1830 670 1870 749 ⁸,
1917 671 2027 735 καὶ
2057 667 2223 735 κατὰ
2249 670 2382 735 τῶν
2412 667 2650 736 &mdv-

295 792 428 837 των
470 769 714 849 ταύτας
758 767 1150 854 ἐστόμωσεν,
1201 765 1316 835 οὐκ
1360 768 1612 849 ἔξωθέν
1646 776 1869 836 ποθεν
1899 769 2317 853 ἒνισχύσασα,
2364 766 2403 835 ὃ
2430 771 2505 837 δὲ
2535 770 2649 837 λέ·-

292 897 479 959 γεται
535 866 648 960 ἀφ’
699 872 921 951 ἑστίας
968 876 1372 959 χαρισαμένη
1427 870 1546 958 τὴν
1590 868 1876 954 ἄμυναν·
1934 866 2072 939 ἀλλ’
2123 865 2263 954 οὐχὶ
2307 874 2425 957 τῆς
2468 896 2647 940 παν-

292 981 553 1056 τευχίας
605 973 846 1062 ταύτης
886 981 994 1041 καὶ
1042 968 1078 1039 ὁ
1121 970 1372 1039 τούτων
1409 973 1752 1060 μετείληχε
1792 972 2134 1059 βασιλεὺς,
2188 982 2338 1053 ταῖς
2382 973 2455 1040 δὲ
2497 997 2647 1039 κεν·-

293 1074 654 1162 τροφόροις
724 1075 997 1155 ταύταις
1070 1069 1160 1153 ὥς
1234 1074 1634 1162 δορυφόροις
1704 1073 2297 1162 περικυκλούμενος
2359 1073 2639 1154 ἔξωθεν,

295 1171 494 1256 αὐτὸς
544 1180 661 1264 τῆς
712 1179 831 1243 τοῦ
887 1183 1153 1261 κέντρου
1205 1176 1478 1261 βολίδος
1518 1177 1761 1262 γυμνὸς
1805 1175 1871 1243 ἐν
1914 1181 2151 1260 μέσαις
2191 1169 2428 1254 αύταῖς
2472 1170 2638 1241 ἀνα-

294 1284 681 1366 στρέφεται·
727 1280 1082 1365 δηλοῦντος
1126 1272 1315 1360 οἶμαι
1356 1281 1476 1343 τοῦ
1520 1278 1736 1364 λόγου,
1802 1275 1891 1367 μὴ
1938 1278 2075 1345 δεῖν
2119 1280 2274 1362 περὶ
2319 1275 2437 1343 τὸν
2478 1301 2645 1363 κρα-

291 1383 533 1447 τοῦντα
590 1386 962 1468 φαίνεσθαι
1003 1378 1083 1445 τὸ
1127 1380 1399 1459 λυποῦν,
1444 1376 1606 1466 μηδ’
1657 1377 1933 1448 εὔθετον
1979 1373 2151 1446 εἶναι
2189 1380 2424 1445 τοῦτον
2468 1376 2649 1463 πρὸς

291 1479 369 1547 τὸ
413 1481 726 1568 πλήττειν
771 1480 1052 1563 ἑτοίμως
1094 1482 1202 1547 καὶ
1245 1482 1473 1548 κεντᾶν
1515 1479 1595 1547 τὸ
1638 1476 1948 1569 ὑπήκοον.
2017 1484 2155 1547 νυνὶ
2203 1480 2274 1547 δὲ
2317 1481 2646 1545 τοσοῦτον

295 1581 463 1670 ξνιοι
515 1584 649 1648 τῶν
704 1575 1088 1667 ἀνθρώπων
1143 1580 1689 1669 κατεστράφησαν
1745 1585 1839 1670 τῷ
1884 1584 2084 1668 θυμῷ
2127 1580 2239 1648 καὶ
2279 1583 2374 1667 τῷ
2419 1574 2643 1667 ἀλόγῳ

290 1688 478 1768 μέρει
531 1688 1038 1767 κατεχαρίσαντο
1081 1686 1199 1773 τῆς
1247 1686 1486 1770 ψυχῆς,
1546 1680 1719 1751 ὥστε
1762 1682 2322 1770 παρεμπεσούσης
2366 1680 2644 1769 προφά-

293 1804 479 1864 σεως,’
528 1778 640 1850 οἷα
682 1782 904 1851 πολλὰ
949 1785 1135 1872 φιλεῖ
1168 1792 1553 1871 συμβαίνειν
1584 1784 1912 1866 ἑκάστοτε,
1959 1780 2115 1853 οὐδὲ
2141 1783 2438 1868 μαλακὸν
2469 1805 2643 1870 φρο-

290 1888 553 1965 νοῦντες
607 1880 762 1953 οὐδὲ
817 1889 1175 1971 συμπαθὲς
1228 1888 1334 1953 καὶ
1394 1886 1918 1976 φιλάνθρωπον,
1985 1890 2081 1973 τῷ
2138 1886 2210 1953 δὲ
2262 1888 2380 1973 τῆς
2436 1879 2640 1973 ἀρχῆς

291 1981 829 2075 ἀποχρησάμενοι
872 1986 1095 2074 κράτει
1136 1991 1248 2056 καὶ
1292 1988 1360 2056 ἐκ
1401 1993 1521 2056 τοῦ
1567 1991 1949 2075 παθητικοῦ
1993 1991 2110 2076 τῆς
2156 1990 2369 2073 ψυχῆς
2396 1989 2639 2074 κρατῆ-

289 2111 405 2177 ρος
447 2088 620 2155 πολὺ
664 2090 743 2155 τὸ
786 2093 903 2156 τοῦ
947 2093 1171 2175 θυμοῦ
1220 2086 1622 2178 ἀρυσάμενοι
1663 2097 1861 2175 μέθυ,
1910 2084 2076 2158 εύθὺ
2118 2086 2287 2156 κατὰ
2306 2091 2439 2155 τῶν
2471 2083 2639 2172 ὃμο-

290 2190 517 2278 φύλων
561 2191 1036 2271 νεανιεύονται,
1103 2190 1212 2258 καὶ
1259 2187 1602 2281 ἀποτομία
1644 2190 2079 2278 κερασάμενοι
2120 2189 2237 2278 τὴν
2282 2185 2638 2276 ἀπόφασιν

289 2286 367 2358 οὗ
411 2294 490 2380 τῇ
536 2291 882 2379 ἐσύστερον
938 2299 1174 2377 σκέψει
1216 2292 1294 2359 τὸ
1338 2297 1615 2380 πρᾶγμα
1660 2292 1998 2373 διδόασιν,
2059 2286 2213 2358 οὐδὲ
2255 2293 2636 2377 παλιμβου-

290 2394 403 2486 λίᾳ
456 2392 568 2460 καὶ
618 2390 942 2481 κρείττονι
996 2395 1290 2482 λογισμῷ
1346 2399 1712 2479 μεταθέσει
1765 2395 2098 2461 κλίνουσιν
2143 2392 2212 2460 ἐκ
2252 2391 2491 2459 τούτου
2537 2392 2636 2471 εἷς

286 2497 503 2576 τοῦτο,
552 2495 620 2563 ἐκ
662 2498 780 2564 τοῦ
827 2490 1122 2584 ἀπηνοῦς
1166 2497 1411 2585 δηλαδὴ
1447 2497 1577 2564 ἐπὶ
1620 2496 1698 2563 τὸ
1743 2495 2257 2584 φιλάνθρωπον,
2309 2491 2478 2563 ἀλλὰ
2517 2518 2639 2561 κα-

285 2600 579 2685 θαπερεὶ
631 2601 747 2685 τῆς
802 2604 1125 2684 τιμωρίας
1169 2595 1575 2685 ἁρπάζοντες
1617 2598 1733 2665 τὸν
1774 2596 2003 2684 καιρὸν
2046 2598 2153 2664 καὶ
2201 2590 2637 2681 ἀνθρωπείας

287 2698 532 2788 σάρκας
572 2699 851 2786 μονονοὺ
900 2700 1456 2788 διαμασήσασθαι
1502 2699 1918 2779 σπεύδοντες,
1968 2692 2172 2777 εὐθὺς
2199 2696 2417 2765 καὶτὸ
2447 2698 2639 2778 τέλος

284 2804 366 2890 τῇ
412 2796 758 2889 ἀποφάσει
803 2800 1427 2888 συναναμιγνύουσι,
1494 2804 1603 2868 καὶ
1646 2804 1781 2867 τῶν
1823 2803 2062 2885 θυμῶν
2107 2797 2383 2881 ζεόντων
2429 2797 2634 2867 εἰσέτι

285 2902 542 2989 θερμὸν
596 2906 728 2969 τῶν
783 2904 1145 2990 βασιλικῶν
1204 2898 1241 2968 ὅ
1302 2903 1538 2990 δήμιος
1589 2900 1668 2968 τὸ
1725 2902 1920 2990 ξίφος
1977 2900 2480 2969 ἐπανατείνεται
2521 2902 2633 2968 καὶ

285 3009 643 3092 καταφέρει
706 3003 823 3091 τὴν
888 3003 1174 3093 πληγήν·
1237 3007 1513 3089 πρᾶγμα
1574 3003 1813 3090 κομιδῇ
1873 2997 2344 3089 ἀπάνθρωπόν
2399 3027 2475 3071 τε
2524 3002 2637 3069 καὶ

286 3100 844 3194 ἀφιλάνθρωπον.
932 3100 975 3193 ἢ
1029 3105 1151 3193 γὰρ
1208 3102 1643 3192 ὖπερζέοντος
1684 3107 1803 3172 τοῦ
1848 3107 2072 3189 θυμοῦ
2116 3103 2195 3171 τὸ
2240 3103 2639 3186 δικάζεσθαι

283 3211 394 3277 καὶ
446 3211 544 3295 τῷ
599 3211 866 3295 θυμικῷ
927 3214 1115 3295 μέρει
1180 3209 1910 3289 καταδυναστευομένου
1967 3208 2086 3272 τοῦ
2142 3208 2536 3291 κρατοῦντος
2588 3200 2632 3294 ἦ

285 3304 558 3400 ἀκριβής
619 3308 1016 3398 περιῄρηται
1077 3313 1348 3395 γνῶσις,
1417 3304 1775 3377 κάντεῦθεν
1842 3302 2075 3375 ἀθῶον
2134 3302 2302 3392 αἷμα
2356 3307 2467 3374 ἐπὶ
2509 3309 2631 3393 γῆς

285 3406 509 3500 ἀφορᾷ
567 3410 943 3494 ἐκχεόμενον
998 3408 1215 3498 ἥλιος·
1273 3403 1315 3499 ἢ
1368 3415 1487 3477 τοῦ
1532 3410 1805 3488 πάθους
1850 3409 2015 3487 ἰ’σως
2055 3401 2629 3496 ύπολωφήσαντος

283 3510 844 3598 μετεβουλεύσατο
900 3516 1020 3595 μέν
1064 3537 1132 3578 τι
1182 3511 1465 3599 χρηστὸν
1513 3508 1549 3577 ὅ
1593 3510 1905 3597 βασιλεὺς
1945 3511 2052 3576 καὶ
2101 3507 2459 3596 σωτήριον,
2516 3510 2628 3576 καὶ

282 3611 362 3678 τὸ
420 3606 980 3698 αύστηρευόμενον
1037 3608 1313 3694 ὖπανεὶς
1369 3608 1646 3702 ἀφεῖναι
1686 3614 1780 3697 τῷ
1826 3614 2191 3697 κατακρίτῳ
2236 3609 2632 3697 παρεκελεύ-

284 3737 449 3782 σατο
492 3713 609 3802 τὴν
654 3711 947 3801 σφαγὴν,
997 3709 1032 3781 ὅ
1080 3716 1152 3783 δὲ
1197 3725 1339 3794 τοῖς
1384 3716 1649 3802 δημίοις
1691 3713 2362 3799 προκαταλειφθεὶς*
2402 3714 2512 3780 καὶ
2556 3711 2636 3778 τὸ

280 3817 480 3904 τραχὺ
526 3814 885 3894 δουλεύσας
926 3818 1043 3903 τῆς
1073 3809 1488 3904 ἀποφάσεως
1517 3811 1834 3902 ἀνόνητον
1863 3816 1957 3902 τῷ
1990 3816 2337 3900 κρατοῦντι
2367 3811 2484 3879 τὸν
2516 3812 2636 3880 ἐπὶ

284 3914 462 4007 αύτιῖ
503 3918 871 4004 μετάμελον
913 3919 1401 4005 περιλέλοιπεν.
1481 3914 1647 4004 ὅπερ
1694 3912 1785 3996 ὥς
1824 3917 1947 4001 μὲν
1990 3914 2397 4002 τυραννικὸν,
2447 3910 2537 3994 ὥς
2568 3914 2641 3982 δὲ

284 4020 585 4105 ἕκνομον,
654 4013 824 4085 ἀλλὰ
883 4019 963 4106 δὴ
1028 4020 1142 4089 καὶ
1197 4014 1398 4108 αὐτῆς
1452 4023 1570 4106 τῆς
1610 4015 2238 4105 χριστιανικωτάτης
2281 4018 2633 4094 πολιτείας

284 4116 552 4202 ἀνάξιον
594 4118 708 4188 καὶ
749 4120 883 4208 πρὸ
925 4118 1113 4211 ἡμῶν
1158 4118 1194 4189 ὃ
1236 4127 1438 4209 μέγας
1483 4120 1550 4188 ἐν
1593 4120 1944 4205 βασιλεῦσι
1975 4118 2088 4187 καὶ
2115 4113 2639 4206 ἀξιομνημόνευ-

414 4373 433 4403 ⁸
471 4378 538 4427 lta
576 4378 733 4429 wine.
807 4379 926 4428 Cod.
960 4375 1202 4444 κέντρον.
1409 4376 1440 4412 *
1478 4380 1617 4429 Forte
1650 4371 2152 4442 προκαταληφθείς.
