2900 4950
369 248 489 309 106
1145 261 1264 310 Con.
1304 261 1360 310 ΙΙ.
1428 261 1544 310 Nov,
1580 261 1708 311 XXV.
1744 261 1894 311 XXVI.

361 408 816 492 ἐναντιουμένη
863 400 1032 472 ἀλλὰ
1074 406 1616 493 παραχωρήσασα
1655 402 1809 474 καθ’
1858 406 2092 474 ἑαυτὸν
2137 405 2443 491 διάγειν),
2487 398 2607 472 κᾶν
2649 433 2692 493 ῃ

358 511 633 593 γαμικῆς
689 502 952 589 ὁμιλίας
996 506 1149 586 ἔξω,
1211 501 1382 574 εἶναι
1424 502 1602 594 αύτῷ
1646 512 2083 592 κεκυρωμένον
2126 504 2205 572 τὸ
2249 500 2692 586 αύτεξούσιον.

359 609 418 674 εἰ
461 608 585 693 γὰρ
629 608 856 674 δοῦλοι
900 603 1086 687 ἅπαξ
1127 602 1477 694 ’ἀφειμένοι
1523 610 1710 693 ζυγοῦ
1754 607 1842 695 μὴ
1875 610 2154 694 πονηροὶ
2189 601 2518 693 ὀφθέντες
2548 602 2694 689 οὐχὶ

358 708 564 775 πάλιν
610 710 816 775 ἕλκειν
861 703 1059 774 αὐτὸν
1097 703 1586 793 ἀναγκάζονται,
1632 712 1780 787 πῶς
1812 703 1927 800 οὔτε
1957 706 2232 786 ἄτοπον,
2281 705 2694 792 ἀπολελυμέ-

360 832 513 888 νους
554 809 709 888 τοὺς
753 811 1005 888 παῖδας
1049 809 1254 878 πάλιν
1298 808 1478 896 ἄγειν
1523 805 1657 875 ὑπὸ
1706 808 1911 895 ζυγὸν,
1957 812 2065 876 καὶ
2109 809 2198 896 μὴ
2242 821 2538 893 μετεῖναι
2573 805 2694 876 αὗ·-

357 921 500 989 τοῒς
552 905 771 977 ἀϊδίου
832 910 1242 996 ἐλευθερίας,
1300 901 1378 997 ἧς
1436 907 1661 996 ὥσπερ
1724 912 1887 998 ἔφην
1936 913 2048 977 καὶ
2106 911 2336 977 δοῦλοι
2393 905 2693 977 ἀπολαύ-

364 1035 586 1094 ουσιν,·

1224 1159 1287 1167 -—-
1306 1157 1838 1168 -----—-——-——---—-—-

1310 1349 1484 1411 NOV.
1529 1349 1723 1410 xxvl.

1004 1468 1080 1530 Ut
1122 1468 1403 1549 adoptare
1446 1467 1678 1547 possint
1722 1465 2027 1528 eunncffi'.

638 1729 653 1736 -
1188 1637 1692 1709 ΔΙΑΤΑΞΙΣ
1735 1628 1861 1718 κς’.

506 1764 690 1862 Περὶ
740 1774 874 1840 τοῦ
925 1767 1423 1841 υἱοποιεῖσθαι
1479 1767 1882 1859 εὐνούχους
1931 1762 2058 1838 καὶ
2105 1769 2464 1862 γυναῖκας
2489 1769 2540 1835 ².

350 1913 409 1968 Ὀ
459 1912 669 1973 αὐτὸς
717 1913 1048 1983 βασιλεὺς
1099 1916 1367 1986 στυλιανῷ
1417 1919 1494 1985 ²²13
1539 1911 1969 1988 ὖπερφυεστάτῳ
2015 1911 2309 1984 μαγίσιρῳ
2355 1915 2470 1964 τῶν
2515 1912 2690 1964 θείων

1356 1996 1665 2072 ὀφφικίων.
2535 2031 2572 2048 f

526 2106 724 2185 Μέγα
779 2103 885 2167 καὶ
943 2107 1164 2185 τίμιον
1220 2096 1615 2185 ἀνθρώποις
1669 2098 1855 2184 παρὰ
1909 2100 2026 2163 τοῦ
2084 2096 2463 2175 πλάσαντος
2516 2101 2686 2164 θεοῦ

358 2202 570 2286 δῶρον
618 2197 652 2267 ὃ
696 2201 935 2288 γάμος·
985 2198 1060 2268 οὗ
1104 2201 1225 2287 γὰρ
1268 2202 1472 2284 μόνον
1518 2203 1957 2285 δαπανωμένῃ
2004 2197 2281 2284 θανάτῳ
2323 2202 2567 2285 βοηθεῖ
2605 2201 2687 2285 τῇ

358 2301 575 2388 φύσει,
620 2305 729 2367 καὶ
773 2302 889 2387 τὴν
935 2301 1288 2388 διαμονὴν3
1330 2307 1422 2388 τῷ
1469 2308 1641 2388 γένει
1679 2300 2014 2384 χαρίζεται
2059 2295 2176 2365 οὐκ
2219 2299 2344 2365 ἐῶν
2378 2294 2488 2364 ὑπ’
2525 2298 2688 2365 ἐκεί-

358 2424 473 2466 νου
516 2402 1037 2486 κατανεμόμενον
1080 2404 1421 2481 παντελῶς
1466 2402 1883 2489 διαῤῥυῆναι,
1951 2394 2119 2465 ἀλλὰ
2161 2401 2268 2466 καὶ
2316 2396 2531 2479 ἄλλως
2575 2399 2689 2466 διὰ

356 2505 473 2590 τῆς
528 2503 974 2581 παιδοποιΐας
1024 2505 1275 2588 μεγάλα
1330 2508 1423 2590 τῷ
1470 2499 1881 2588 ἀνθρωπίνῳ
1923 2499 2345 2586 χαριζόμενος
2385 2508 2532 2587 βίῳ.
2620 2507 2689 2568 τί

353 2602 476 2687 γὰρ
534 2599 843 2688 ἡδύτερον
903 2604 997 2682 εἷς
1051 2605 1385 2691 θυμηδίαν
1442 2601 1826 2689 ἀνθρώπων
1869 2608 1985 2691 τῆς
2030 2603 2099 2670 ἐκ
2139 2604 2401 2669 παίδων
2445 2598 2689 2689 εὖφρο-

358 2702 588 2785 σύνης,·
644 2710 711 2769 τί
763 2698 827 2768 δ’
879 2698 1382 2791 ὠφελιμώτερον
1439 2706 1506 2772 ἐν
1562 2717 1705 2784 τοῖς
1758 2704 1925 2772 κατὰ
1959 2703 2096 2770 .τὸν
2149 2711 2298 2787 βίον
2341 2702 2687 2788 πράγμασι

354 2814 499 2882 τοῖς
553 2830 626 2871 τε
680 2802 908 2882 ἄλλοις
961 2808 1067 2871 καὶ
1129 2804 1173 2872 ἃ
1230 2806 1400 2891 πρὸς
1441 2811 1643 2894 γῆρας
1685 2802 1840 2893 ἡμῖν
1886 2808 2208 2892 συναντᾷς
2263 2806 2342 2890 τῇ
2386 2803 2507 2889 γὰρ
2551 2807 2683 2869 τῶν

355 2906 619 2971 παίδων
675 2905 1020 2994 ἐπικουρίᾳ
1076 2906 1478 2993 κουφότερον
1532 2905 1609 2973 τὸ
1668 2912 1951 2992 βαρῦνον
2005 2910 2121 2972 τοῦ
2170 2905 2384 2993 γήρως
2428 2900 2681 2987 ὁρᾶται.

355 2998 525 3070 ἀλλὰ
565 3005 687 3091 γὰρ
732 3005 970 3094 ταύτης
1011 3011 1128 3094 τῆς
1172 3006 1498 3094 ὠφελείας
1542 3009 1688 3075 ἐπεὶ
1730 3009 1820 3095 μὴ
1866 3011 2076 3074 πᾶσιν
2122 3006 2264 3073 ἐστὶ
2297 3007 2684 3087 μεταλαχεῖν

356 3104 470 3172 διὰ
511 3110 626 3193 τῆς
667 3111 784 3172 τοῦ
827 3106 1039 3192 γάμου
1086 3103 1350 3192 ὁμιλίας
1362 3161 1380 3189 ,
1428 3109 1760 3196 ἐβουλήθη
1810 3107 2040 3191 νόμος,
2086 3110 2191 3173 καὶ
2237 3107 2453 3184 καλῶς
2498 3107 2684 3189 ἐβου-

354 3206 547 3295 λήθη,
596 3208 803 3296 οἰκείᾳ
847 3211 1333 3297 φιλανθρωπίᾳ
1376 3209 1530 3288 τοὺς
1571 3210 1660 3296 μὴ
1706 3209 1889 3293 παρὰ
1924 3213 2040 3295 τῆς
2071 3207 2333 3293 φύσεως
2363 3205 2685 3288 λαβόντας

352 3307 429 3374 τὸ
476 3309 688 3393 δῶρον
733 3304 1164 3396 εὐεργετῆσαι.
1228 3310 1400 3398 πλὴν
1446 3308 1563 3378 οὐκ
1606 3312 1700 3389 εἷς
1742 3309 1998 3385 πάντας
2042 3306 2325 3394 ἐφύλαξε
2367 3303 2482 3391 τὴν
2513 3329 2685 3389 προ-

355 3415 608 3492 αίρεσιν
665 3405 984 3496 ἀνελλιπῆ
1040 3410 1157 3496 τὴν
1217 3406 1586 3498 εὐεργεσίαν
1641 3414 2106 3494 πεποιημένος.
2196 3417 2342 3485 τοῖς
2396 3407 2516 3491 μὲν
2559 3407 2681 3492 γὰρ

354 3516 679 3594 παρέσχεν
724 3510 1026 3589 ἐξουσίαν
1069 3515 1175 3579 καὶ
1223 3515 1370 3595 δίχα
1411 3512 1621 3597 γάμου
1666 3515 2026 3576 ποιεῖσθαι
2069 3509 2350 3589 παῖδας,
2410 3506 2565 3586 τοὺς
2610 3509 2683 3575 δὲ

487 3763 500 3791 ¹
532 3759 645 3815 tel.
694 3766 806 3816 Nov.
847 3766 925 3816 17.
995 3768 1234 3819 Laudatur
1280 3770 1327 3818 in
1376 3768 1500 3833 Epit.
1539 3770 1587 3832 V,
1624 3766 1719 3830 29;
1773 3766 1991 3830 Tipucito
2027 3764 2189 3825 (Basil.
2228 3771 2275 3813 et
2310 3765 2495 3814 Heimb.
2533 3763 2595 3813 ΙΙΙ
2631 3778 2681 3826 p.

353 3850 502 3911 532);
554 3849 677 3900 Bais,
716 3851 775 3901 ad
812 3866 913 3915 syn.
948 3852 1093 3903 Trull.
1130 3868 1171 3903 c.
1209 3853 1275 3903 53
1324 3852 1419 3914 (ed.
1457 3852 1609 3903 Rhani
1647 3853 1685 3901 n
1724 3867 1769 3915 p.
1807 3850 1956 3909 43⁰);
2008 3850 2153 3900 Biast.
2190 3850 2249 3905 B,
2293 3848 2324 3898 8
2361 3848 2457 3904 (ed.
2495 3849 2598 3897 Bev.
2637 3848 2678 3896 11

351 3950 398 3998 p.
436 3935 550 3997 5213
590 3936 799 4001 denique
837 3938 994 3986 Harm.
1035 3938 1090 4000 ΙΙ,
1128 3938 1174 3999 8,
1212 3938 1258 3987 4.
1431 3934 1451 3962 ¹
1490 3939 1638 3987 Verba
1672 3931 1763 3985 καὶ
1795 3935 2058 4001 γυναῖκας·
2092 3938 2232 3998 (quas
2269 3934 2458 3982 rubrica
2494 3933 2542 3981 in
2580 3931 2677 3981 ΕοΙ.

352 4018 571 4068 similiter
603 4022 833 4083 praestat)
882 4022 1153 4084 abundant,
1203 4022 1380 4086 quippe
1428 4023 1489 4072 de
1535 4023 1789 4072 munerum
1836 4020 2173 4083 adoptionibus
2221 4020 2312 4068 hae
2347 4017 2534 4068 Novessa
2583 4031 2678 4066 non

352 4102 521 4164 agitur.
593 4104 842 4155 Caeterum
890 4114 1115 4156 notantur
1158 4106 1207 4153 in
1256 4105 1420 4155 Zuich.
1474 4114 1520 4155 et
1565 4107 1757 4156 Meerm.
1806 4105 1956 4153 haee:
2008 4096 2143 4163 αῦτη
2181 4095 2449 4169 ἀνῄρηται
2484 4097 2551 4149 τί.
2607 4094 2680 4148 ια’

354 4185 496 4244 (adde
544 4185 638 4245 τῆς·
684 4180 756 4248 α’)
804 4182 1261 4244 ἶνστιτούτίωνος,
1318 4188 1432 4237 τῶν
1476 4186 1653 4254 βασιλ.
1702 4190 1776 4252 βι.
1832 4182 1915 4251 λγ’
1963 4182 2031 4235 τί.
2086 4182 2138 4235 α’
2184 4200 2310 4253 κεφ.
2364 4180 2458 4252 μζ
2490 4180 2572 4232 θέ.
2630 4178 2682 4237 ς’

353 4262 481 4317 ὅλον
528 4271 595 4330 (in
646 4272 757 4322 edit.
807 4275 1082 4325 Heimbach.
1133 4280 1206 4322 est
1254 4288 1295 4322 c.
1330 4273 1430 4331 51).
1614 4271 1633 4302 ³
1680 4272 1831 4324 Codd.
1880 4265 2165 4338 διανομήν.
2240 4269 2514 4321 Emendavit
2563 4269 2679 4333 Agy-

352 4354 500 4405 lacus,
