2900 4950
341 143 464 210 634
977 131 986 138 ’
1101 159 1222 209 con.
1259 160 1310 208 v.
1381 160 1496 209 mov.
1532 158 1705 208 xxvn.
1746 157 1943 209 mm.

335 307 604 394 γράμμα
656 309 775 373 τοῦ
832 307 1154 393 ῥηθέντος
1207 305 1722 391 παναγιωτάτου
1773 300 2181 372 ἀπολέλυται
2223 304 2669 390 πατριάρχου
2680 309 2729 387 ³,

340 407 457 496 τὴν
499 407 810 493 τοιαύτην
851 406 1152 487 διάταξιν
1193 414 1471 491 βεβαίαν
1513 413 1732 490 μένειν
1776 408 1883 473 καὶ
1929 402 2426 491 ἀμετάτρεπτον
2473 408 2585 486 εἷς
2632 406 2729 475 τό

338 510 628 596 διηνεκὲς
671 507 1218 593 παρεγγυώμενον
1263 513 1370 575 καὶ
1417 503 1983 595 ἀποφαινόμενον,
2029 511 2139 574 καὶ
2184 507 2556 595 φρικιίδεις
2596 514 2725 576 καὶ

337 609 746 696 βαρυτάτους
789 604 1206 697 ἀφορισμοὺς
1251 610 1722 694 ἐπιτιθέμενον
1765 619 1911 688 τοῒς
1947 603 2272 676 ἀθετοῦσι
2301 608 2557 697 ταύτην
2591 614 2724 678 καὶ

334 713 424 800 μὴ
472 711 898 800 φυλάττουσι.
959 710 1073 777 διά
1112 735 1219 776 τοι
1259 713 1460 776 τοῦτο
1502 712 1611 776 καὶ
1654 713 1895 793 βέβαια
1922 713 2132 775 ταῦτα
2158 712 2271 775 καὶ
2299 705 2719 794 ἀμετάθετα

338 820 817 901 συντηρεῒσθαι
867 814 980 879 καὶ
1033 811 1498 900 φυλάττεσθαι
1552 808 1739 895 παρὰ
1792 809 2065 877 πάντων
2119 807 2158 900 ἦ
2200 814 2517 897 βασιλεία
2560 838 2715 897 μου

336 915 666 1001 βούλεται,
712 916 992 998 ἐπείπερ
1035 916 1146 981 καὶ
1193 910 1381 992 ὅπως
1423 912 1703 981 σπεύδει
1747 908 1908 1000 αὕτη
1938 911 2108 996 μετὰ
2140 914 2394 979 πολλοῦ
2424 918 2549 980 τοῦ
2587 915 2714 1002 ζή-

340 1018 457 1082 λου
512 1043 620 1082 και
677 1018 793 1103 τῆς
850 1015 1141 1103 ἐφέσεως
1196 1015 1290 1093 εἷς
1343 1014 1461 1099 τὴν
1516 1017 1649 1079 τῶν
1700 1013 2250 1101 ἔκκλησιαστικῶν
2292 1019 2579 1098 θεσμῶν
2624 1043 2711 1084 τε

336 1144 443 1184 και
491 1119 851 1197 διατάξεων
894 1116 1167 1204 τήρησιν
1209 1118 1318 1182 καὶ
1363 1111 1758 1202 ἀσφάλειαν,
1827 1110 1970 1183 οἶδε
2010 1117 2130 1198 μὲν
2172 1123 2708 1202 προηγουμένως

338 1214 376 1284 ὁ
433 1219 516 1286 τὰ
571 1217 794 1285 πάντα
850 1219 1043 1298 εἰδὼς
1096 1217 1292 1297 θεὸς,
1353 1217 1544 1283 ἰ’σασι
1602 1217 1675 1283 δὲ
1728 1220 2017 1304 καθεξῆς
2069 1219 2179 1283 καὶ
2240 1241 2391 1283 οσοι
2434 1221 2575 1284 τῶν
2620 1246 2701 1286 ευ

338 1319 760 1407 φρονούντων
816 1317 1201 1406 ἀνθρώπων
1256 1318 1702 1404 τυγχάνουσιν.
1793 1314 1958 1385 ὅθεν
2010 1321 2125 1384 καὶ
2174 1314 2361 1397 ὅστις
2403 1314 2485 1386 ἂν
2530 1321 2701 1400 τοὺς

340 1423 764 1509 δηλωθέντας
807 1418 1375 1507 ἐκκλησιαστικοὺς
1417 1422 1525 1486 καὶ
1573 1419 1929 1506 φρικώδεις
1972 1414 2390 1507 ἀφορισμοὺς
2433 1416 2695 1509 ἀθετῆ-

339 1544 456 1588 σαι
510 1522 890 1609 τολμήσειε,
949 1521 1301 1608 προδήλως
1356 1516 1738 1600 ὑπεύθυνος
1792 1521 2094 1606 μεγάλων
2147 1524 2256 1588 καὶ
2326 1517 2692 1609 ἀφορήτων

340 1622 695 1706 ἐπιτιμίων
735 1623 1108 1710 γενήσεται·
1152 1618 1322 1689 ἀλλὰ
1362 1621 1475 1688 καὶ
1518 1616 1659 1687 ἀπὸ
1700 1626 1817 1709 τῆς
1857 1624 2203 1706 βασιλείας
2228 1647 2359 1707 μου
2390 1620 2485 1702 ῶς
2514 1626 2692 1711 πρό-

339 1725 521 1804 ξενος
563 1719 725 1812 αύτῇ
768 1724 1108 1810 γινόμενος
1149 1727 1727 1810 προκριματισμοῦ
1772 1726 1881 1790 καὶ
1923 1724 2039 1791 τὸν
2068 1724 2370 1810 παρόντα
2400 1721 2689 1810 ὁρισμὸν

337 1824 540 1914 αὐτῆς
582 1821 849 1894 ἀθετῶν
889 1829 1175 1915 μεγάλην
1219 1823 1672 1910 ύποστήσεται
1712 1824 1830 1912 τὴν
1861 1819 2057 1914 ὀργὴν
2085 1829 2195 1893 καὶ
2223 1825 2341 1912 τὴν
2370 1828 2684 1895 κάκωσιν.

336 1934 559 1995 τοίνυν
611 1930 720 1994 καὶ
753 1929 1192 2014 προστάσσει
1244 1931 1352 1996 καὶ
1409 1927 1769 2012 διορίζεται
1821 1923 1861 2014 ἦ
1917 1929 2227 2013 βασιλεία
2256 1937 2429 2011 μου,
2491 1928 2529 1994 ὃ
2574 1937 2685 1997 καὶ

337 2028 474 2115 πρὸ
529 2025 800 2096 πολλῶν
853 2028 977 2118 ἤδη
1033 2034 1167 2097 τῶν
1207 2031 1461 2114 χρόνων
1507 2027 1790 2112 ἐκύρωσέ
1832 2054 1906 2096 τε
1946 2032 2052 2095 καὶ
2101 2029 2528 2115 ἐβεβαίωσεν,
2592 2028 2686 2112 ὥς

338 2125 419 2199 ἂν
461 2131 550 2217 μή
596 2133 703 2219 ἔχῃ
749 2135 850 2210 τὶς
892 2135 1025 2198 τῶν
1067 2136 1184 2198 τοῦ
1226 2137 1469 2217 μέρους
1508 2134 1625 2196 τοῦ
1672 2131 1994 2217 δημοσίου
2038 2125 2080 2218 ἢ
2122 2135 2255 2197 τῶν
2282 2135 2687 2218 κεφαλαττι-

336 2234 656 2301 κευόντων
697 2228 740 2321 ἢ
782 2237 916 2299 τῶν
957 2236 1214 2300 λοιπῶν
1246 2230 1562 2300 ἁπάντων
1592 2231 1822 2298 ἄδειαν
1850 2239 2279 2319 κατακρατεῖν
2309 2232 2683 2318 ἄνθρωπόν

335 2359 487 2402 τινα
527 2339 644 2401 τοῦ
687 2335 855 2402 κατὰ
896 2335 1164 2418 καιροὺς
1207 2332 1782 2420 ἀρχιερατεύοντος
1826 2334 1920 2413 εἷς
1954 2334 2073 2423 τὴν
2104 2335 2445 2425 εἰρημένην
2476 2333 2684 2424 ἁγιω-

336 2437 537 2518 τάτην
593 2431 1115 2524 ἀρχιεπισκοπὴν
1173 2434 1214 2526 ἤ
1267 2461 1449 2515 τινος
1507 2436 1731 2520 ἑτέρου
1774 2439 1908 2504 τῶν
1951 2433 2063 2504 ὑπ’
2111 2433 2312 2507 αὐτὸν
2355 2441 2678 2527 θεοφιλε-

339 2539 596 2604 στάτων
642 2538 1028 2605 ἐπισκόπων
1070 2536 1113 2627 ἤ
1154 2564 1336 2618 τινος
1379 2536 1551 2617 ὅλως
1593 2543 1728 2605 τῶν
1771 2534 2141 2624 ἀρχιερέων,
2185 2543 2355 2624 μετὰ
2396 2542 2515 2630 τὴν
2562 2539 2682 2609 αύ-

336 2643 455 2706 τοῦ
501 2638 805 2722 δηλονότι
847 2635 1244 2725 ἀποβίωσιν,
1291 2644 1396 2707 καὶ
1444 2639 1715 2725 ἐπάγειν
1762 2640 1856 2719 εἷς
1899 2637 2100 2708 αὐτὸν
2141 2643 2427 2711 κάκωσιν
2473 2642 2678 2733 ἢπα-

339 2741 709 2829 ραλύπησίν
751 2756 902 2809 τινα
944 2746 1049 2810 καὶ
1099 2741 1524 2830 διενόχλησιν,
1570 2740 1681 2807 καὶ
1725 2737 2177 2829 ἀφαιρεῖσθαι
2204 2745 2283 2811 τὸ
2310 2746 2507 2829 τυχὸν
2538 2743 2677 2815 ἀπὸ

335 2848 453 2910 τοῦ
512 2844 683 2910 ἰδίου
727 2844 1114 2931 πράγματος
1157 2841 1395 2925 αὐτοῦ,
1461 2841 1631 2910 ἀλλὰ
1675 2838 1977 2927 ἀπέχωσι
2018 2847 2287 2926 τελείως
2326 2848 2398 2928 ἐξ
2438 2844 2673 2915 αὐτοῦ·

337 2946 519 3025 ἐκτὸς
576 2947 648 3014 δὲ
701 2946 938 3013 τούτου
996 2947 1061 3013 εἰ’
1110 2971 1178 3011 τι
1234 2947 1456 3031 ἕτερον
1512 2949 1786 3031 πρᾶγμα
1830 2947 2361 3035 ἐκκλησιαστικὸν
2406 2946 2669 3038 εὑρεθῇ,

338 3043 720 3135 ὀφείλουσιν
764 3043 1208 3131 ἀναδέχεσθαι
1249 3051 1356 3114 καὶ
1399 3058 1663 3133 κρατεῖν
1697 3052 1803 3115 καὶ
1838 3049 2202 3135 φυλάσσειν
2231 3055 2428 3119 τοῦτο
2460 3054 2527 3119 οἱ
2556 3056 2671 3119 τοῦ

333 3156 572 3235 μέρους
622 3153 739 3238 τῆς
794 3145 993 3234 αὐτῆς
1048 3145 1416 3236 ἁγιωτάτης
1472 3149 1841 3237 ἐκκλησίας,
1902 3148 2129 3238 ὥσπερ
2183 3157 2290 3220 καὶ
2337 3153 2421 3221 τὰ
2464 3155 2674 3222 λοιπὰ

335 3251 738 3337 εἰσοδήματα
793 3246 992 3339 αὐτῆς
1052 3250 1166 3318 διὰ
1217 3259 1628 3334 καταστίχων
1681 3258 1969 3337 βεβαίων
2025 3257 2132 3321 καὶ
2177 3251 2516 3342 ἀληθινῶν
2558 3260 2670 3324 καὶ

334 3351 890 3437 ὁμολογουμένων,
934 3359 1160 3437 μέχρις
1202 3346 1283 3419 ἂν
1328 3353 1535 3419 πάλιν
1580 3353 1937 3443 ἐγκαταστῇ
1984 3355 2052 3423 ἐν
2097 3351 2261 3446 αὐτῇ
2306 3359 2527 3443 ἕτερος
2556 3355 2672 3445 ἀρ-

329 3455 580 3539 χιερεὺς
622 3457 728 3519 καὶ
773 3454 1229 3538 παραδοθῶσι
1268 3458 1478 3520 ταῦτα
1521 3454 1693 3539 πρὸς
1734 3452 1934 3523 αὐτὸν
1975 3457 2143 3527 κατὰ
2169 3459 2288 3548 τὴν
2318 3459 2434 3526 ἐπὶ
2462 3460 2670 3549 τούτῳ

333 3555 675 3643 κανονικὴν
717 3557 825 3621 καὶ
871 3554 1139 3642 νομικὴν
1183 3556 1659 3642 παρατήρησιν.
1733 3556 1970 3624 τούτου
2012 3560 2135 3646 γὰρ
2175 3561 2367 3647 χάριν
2421 3561 2669 3648 ἐγένετο

335 3661 444 3726 καὶ
490 3653 797 3744 ἀπελύθη
839 3657 952 3725 καὶ
978 3655 1057 3723 τὸ
1086 3655 1304 3743 παρὸν
1332 3661 1448 3746 τῆς
1476 3660 1820 3744 βασιλείας
1846 3684 1976 3744 μου
2006 3662 2420 3748 πρόσταγμα.
2468 3664 2670 3733 πάλιν

333 3763 405 3829 δὲ
447 3761 526 3828 τὸ
570 3756 732 3828 αὐτὸ
776 3760 1134 3847 διορίζεται
1176 3754 1215 3843 ἦ
1257 3759 1567 3847 βασιλεία
1608 3784 1756 3846 μου,
1804 3758 1910 3829 ὅτι
1954 3761 2030 3842 ὃς
2072 3759 2154 3831 ἂν
2180 3763 2271 3852 μὴ
2303 3764 2665 3855 συντηρήσῃ

334 3859 747 3949 ἀμετάθετον
801 3863 917 3930 τὸν
969 3862 1276 3930 τοιοῦτον
1333 3859 1611 3950 ὁρισμὸν
1668 3858 1899 3952 αὐτῆς,
1957 3872 2330 3951 γινωσκέτω
2394 3863 2504 3933 ὅτι
2554 3870 2663 3935 καὶ

332 3961 797 4053 ἀφωρισμένος
837 3968 1064 4051 μέλλει
1108 3960 1296 4046 εἶναι,
1341 3964 1454 4032 καὶ
1497 3962 1649 4033 οὔτε
1692 3966 1788 4045 εἰς
1831 3972 2027 4035 θεῖον
2054 3967 2216 4035 ναὸν
2248 3966 2399 4037 οὕτε
2427 3969 2522 4047 εἰς
2548 3969 2663 4057 τὴν

335 4122 458 4133 ...-

461 4198 482 4230 ⁸
529 4204 764 4257 ineditum
812 4215 903 4257 εει.
974 4208 1087 4257 vide
1124 4206 1365 4257 Μοτιτειιίῑ
1403 4206 1465 4256 ΙΙΙ
1516 4207 1562 4256 in
1603 4208 1704 4258 ‚ima
1752 4224 1799 4273 p.
1819 4208 1935 4261 391.
2010 4210 2224 4261 nubetur
2269 4210 2417 4260 etiam
2466 4208 2514 4257 iu
2555 4210 2666 4261 Coi.

334 4288 479 4337 Paris.
523 4288 669 4337 1263.
