2900 4950
343 202 469 265 596
1258 210 1377 260 cust
1415 210 1466 259 v.
1535 211 1647 260 nov.
1684 209 1758 260 κι.

345 363 662 455 ἡμετέρας
702 361 1045 445 βασιλείας
1087 363 1447 444 πειθηνίοις
1489 356 1766 442 λάβοιεν
1798 350 2031 435 ἆκοᾶς,
2079 351 2367 444 ὁπηνίκα
2411 350 2506 423 δι’
2561 354 2730 434 ἑνὸς

348 467 585 534 τούτου
640 459 896 547 τρόπου
950 460 1057 525 καὶ
1117 469 1260 538 τοϊς
1315 454 1603 543 ἀγαθοῖς
1656 461 1788 525 τῶν
1839 454 1977 524 ὑπὸ
2016 467 2209 542 χεῖρα
2251 455 2726 544 παρεχόμεθα

347 567 537 653 χάριν
580 564 688 632 καὶ
733 561 847 629 διὰ
883 560 1136 628 τούτων
1180 561 1285 626 καὶ
1331 557 1495 626 θεὸν
1535 557 2037 642 ’θεραπεύομενς

521 667 603 735 α’.
653 661 833 732 Ἐπεὶ
872 669 1095 729 τοίνυν
1137 663 1242 727 καὶ
1291 656 1327 743 ό
1372 659 1615 737 οἷκεῖος
1659 663 1737 747 τῇ
1780 660 2091 747 βασιλείᾳ
2129 681 2261 742 μου
2289 657 2721 743 κομνῃνὸς

351 773 545 857 κῦρος
599 765 983 842 νικόλαος
1028 758 1064 828 ό
1106 760 1621 848 μαλιασηνὸς
1663 759 2144 846 παρεκλήτευσε
2184 759 2301 847 τὴν
2343 760 2716 844 βασιλείαν

353 896 511 957 μου,
571 866 663 948 ὥς
716 893 797 936 αν
851 860 1228 947 ἀπολυθείη
1287 864 1501 947 τούτῳ
1553 860 2038 946 χρυσόβουλλος
2070 861 2283 982 ,λόγος
2327 854 2539 943 αὐτῆς
2589 860 2708 927 ἐπὶ

353 984 497 1051 τοῖς
551 969 837 1057 κτήμασι
889 969 1006 1052 τῆς
1046 963 1395 1051 γονικόθεν
1439 925 1883 1048 διαφερούσης
1927 958 2102 1048 αὐτῷ
2148 968 2523 1046 σεβασμίας
2568 987 2713 1026 πα-

354 1075 726 1160 τριαρχικῆς
765 1071 971 1156 μονῆς
1013 1070 1129 1154 τῆς
1172 1065 1675 1151 ἑπικεκλημένης
1703 1068 1819 1150 τῆς
1852 1089 1898 1148 μ
1914 1090 1958 1129 α
1976 1089 2010 1129 κ
2024 1089 2062 1147 ρ
2081 1089 2105 1128 ι
2118 1090 2151 1128 ν
2171 1089 2195 1128 ι
2209 1089 2243 1129 τ
2258 1070 2285 1128 ί
2298 1086 2339 1127 σ
2354 1087 2397 1129 σ
2414 1089 2451 1149 η
2470 1088 2538 1142 ς,
2590 1067 2715 1147 τῆς

356 1169 459 1241 ἐπ’
521 1167 798 1256 ὀνόματι
857 1175 1230 1290 τιμωμένης
1289 1170 1406 1254 τῆς
1469 1162 1840 1251 ὖπεράγνου
1903 1188 2032 1247 μου
2098 1164 2520 1249 θεομήτορος
2590 1168 2713 1249 τῆς

359 1271 575 1356 ὀξείας
619 1274 1036 1400 ἐπισκέψεως
1076 1294 1181 1336 και
1228 1270 1380 1353 περὶ
1427 1265 1505 1332 τὸ
1547 1264 1703 1350 ὅρος
1734 1270 1852 1331 τοῦ
1886 1267 1925 1332 δ
1936 1292 1974 1350 ρ
1990 1288 2230 1351 ογγου
2259 1266 2707 1349 διακειμένης,

360 1378 565 1445 ακαὶ
621 1374 749 1442 εἶσὶ
805 1376 1011 1440 ταῦτα
1066 1369 1263 1456 ἤγουν
1322 1369 1410 1436 εἴ
1437 1395 1503 1433 τι
1548 1374 1845 1454 κέκτηται
1890 1364 1926 1454 ἦ
1972 1366 2241 1453 τοιαύτη
2284 1365 2453 1452 μονὴ
2505 1365 2582 1432 ἐν
2626 1369 2707 1453 τῇ

353 1478 534 1600 ζώρᾳ
588 1479 705 1562 τῆς
761 1474 848 1560 δη
863 1470 1316 1558 μητριαδος
1361 1469 1475 1534 διά
1516 1495 1588 1536 τε
1632 1465 2071 1552 ἇιιπελώνων,
2126 1472 2527 1554 χωραφίων,
2589 1471 2709 1553 γῆς

359 1575 615 1665 ὀρεινῆς
654 1601 759 1642 και
807 1573 1112 1660 πεδινῆς,
1155 1572 1445 1654 μυλικῶν
1492 1569 1933 1657 ἐργαστηρίων
1974 1573 2079 1636 καὶ
2125 1573 2257 1635 τῶν
2300 1574 2707 1655 προσκαθη-

357 1685 571 1765 μένων
615 1677 681 1744 ἐν
727 1670 956 1753 αὗτοῖς
999 1668 1420 1758 ἀνθρώπων·
1464 1674 1575 1739 καὶ
1616 1671 1731 1741 τὸν
1775 1669 1965 1757 ἅγιον
2009 1668 2500 1758 ὀνούφριον·
2549 1669 2703 1752 ἔρη-
2790 1690 2799 1699 ·

356 1777 684 1865 μοτόπιον
729 1776 805 1842 τὸ
850 1774 1314 1874 ἐπιλεγόμενον
1343 1777 1464 1861 τῆς
1505 1774 1924 1853 καλίτζας·
1965 1779 2207 1856 χωρίον
2250 1769 2289 1860 ἡ
2333 1774 2705 1857 κρυποῦς

357 1880 526 1966 μετὰ
581 1878 850 1947 πάντων
905 1880 1040 1943 τῶν
1095 1877 1367 1942 δικαίων
1417 1878 1528 1942 καὶ
1573 1882 1956 1961 προνομίων
2001 1869 2202 1941 αὐτοῦ
2246 1880 2349 1939 καί
2396 1876 2534 1939 τῶν
2580 1871 2702 1937 δύο

357 1980 598 2066 μονοξύ
586 1982 733 2048 λων
777 1974 978 2045 ahto&
1020 2002 1125 2044 και
1170 1980 1304 2043 τῶν
1346 1973 1605 2056 ἁλιέων,
1646 1983 2025 2063 χωραφίων,
2070 1969 2413 2059 ἆμπελίων
2440 2000 2551 2041 και
2584 1978 2705 2061 τῆς

361 2088 715 2168 νεμομένης
772 2079 959 2167 παρὰ
1012 2082 1130 2166 τῆς
1183 2076 1492 2164 τοιαύτης
1543 2080 1750 2163 μονῆς
1801 2080 1917 2163 γῆς
1973 2071 2228 2163 ὀρεινῆς
2269 2101 2373 2142 και
2420 2076 2705 2163 πεδινῆς

363 2183 487 2262 ἕως
529 2187 645 2269 τῆς
688 2177 1326 2266 ἆειδαροράχης·
1386 2184 1628 2262 χωρίον
1672 2174 1709 2265 ἦ
1755 2184 2173 2261 καπραίνα
2213 2174 2382 2261 μετὰ
2425 2177 2706 2244 πάντων

359 2288 492 2352 τῶν
550 2284 820 2350 δικαίων
873 2284 984 2349 καὶ
1024 2286 1410 2366 προνομίων
1451 2273 1686 2346 αὐτοῦ·
1736 2278 2043 2365 μετόχιον
2087 2274 2124 2344 6
2167 2275 2402 2363 α’γιος
2444 2279 2487 2345 δ
2500 2305 2706 2366 ημη-

359 2409 591 2471 τριος
633 2383 710 2449 τὸ
755 2384 1163 2465 διακείμενον
1208 2381 1493 2466 πλησίον
1546 2384 1661 2466 τῆς
1699 2379 2056 2467 μεγάλης
2095 2378 2263 2464 μετὰ
2303 2383 2438 2446 τῶν
2482 2403 2705 2464 προσ-

359 2491 751 2574 καθημένων
806 2484 874 2550 ἐν
930 2477 1108 2567 αύτῷ
1165 2477 1550 2569 ἀνθρώπων
1592 2485 1697 2549 καὶ
1745 2477 2067 2568 ἆροσίμου
2110 2478 2378 2569 ἁπάσης
2418 2485 2539 2569 γῆς
2580 2476 2705 2548 αύ-

362 2591 510 2652 τοῦ·
566 2583 871 2670 μετόχιον
923 2584 1000 2649 τὸ
1058 2583 1630 2668 ἐπονομαζόμενον
1685 2589 1802 2650 τοῦ
1860 2588 2057 2670 κυροῦ
2114 2585 2561 2668 ἱλαρίωνος
2621 2583 2699 2647 τὸ

364 2688 768 2768 διακείμενον
829 2683 897 2751 ἐν
951 2689 1030 2773 τῇ
1080 2685 1265 2772 χώρᾳ
1319 2688 1436 2750 τοῦ
1496 2679 1858 2771 ἆλμυροῦ
1899 2685 2068 2770 μετὰ
2108 2688 2241 2752 τῶν
2284 2679 2701 2769 ἀμπελώνων

363 2789 474 2854 καὶ
517 2784 786 2852 πάντων
830 2789 962 2852 τῶν
1008 2787 1278 2852 δικαίων
1308 2784 1413 2853 καὶ
1449 2794 1830 2871 προνομίων
1861 2782 2095 2853 αὐτοῦ·
2140 2786 2224 2853 τὰ
2252 2783 2703 2872 περιελθόντα

360 2891 472 2976 τῇ’
497 2881 766 2972 τοιαύτῃ
822 2888 990 2973 μονῇ
1048 2885 1118 2966 ἐξ
1173 2881 1532 2974 ἇγορασίας
1575 2883 1870 2971 ἀμπέλια
1913 2888 1980 2955 ἐν
2022 2892 2117 2976 τῷ
2159 2887 2348 2974 τόπῳ
2391 2889 2511 2952 τοῦ
2554 2908 2704 2969 μο-

366 2996 678 3075 ρίβορι·
737 2985 819 3053 τὰ
875 2982 1013 3053 ἀπὸ
1058 2986 1505 3071 προσενέξεώς
1545 3014 1744 3055 τινων
1789 2991 2230 3076 φιλοχρίστων
2274 2983 2532 3073 ἀνδρῶν
2577 3014 2703 3055 πε·

363 3089 721 3175 ριελθόντα
776 3092 854 3175 τῇ
901 3085 1172 3174 τοιαύτῃ
1215 3092 1384 3177 μονῇ
1432 3083 1729 3173 ἀμπέλια
1772 3089 1838 3156 ἒν
1882 3095 1975 3176 τῷ
2017 3088 2298 3178 τοιούτῳ
2340 3089 2532 3177 τόπῳ
2578 3094 2701 3156 τοῦ

366 3186 761 3277 ἇλμυρρῦ·
806 3189 884 3255 τὸ
916 3188 982 3255 ἐν
1011 3191 1104 3274 τῷ
1137 3185 1277 3273 ὄρει
1306 3192 1423 3277 τῆς
1468 3190 1812 3276 ζαγορᾶς
1855 3189 2151 3278 ἀγρίδιον
2193 3196 2311 3281 τῆς
2349 3217 2705 3276 κυρακα-

364 3295 502 3378 λῆς
542 3291 709 3377 μετὰ
750 3293 882 3356 τῶν
928 3288 1134 3357 ἐκεῖσε
1176 3297 1748 3376 προσκαθημένων
1790 3292 1901 3358 καὶ
1946 3293 2214 3361 πάντων
2257 3297 2389 3360 τῶν
2420 3293 2702 3358 δικαίων

366 3389 598 3461 αὐτοῦ·
641 3391 945 3475 μετόχιον
988 3389 1065 3456 τὸ
1109 3389 1576 3477 ἐπιλεγόμενον
1618 3389 2087 3479 ἥρἀσουσα·
2134 3395 2305 3481 πρὸς
2333 3391 2587 3471 τούτοις
2621 3395 2702 3460 δὲ

364 3496 470 3560 καὶ
527 3489 566 3578 ἦ
612 3493 821 3559 ἐκεῖσε
864 3488 1265 3579 ἅπεῤῥιμένη
1306 3492 1476 3580 μονὴ
1519 3497 1636 3559 τοῦ
1681 3501 1904 3578 τιμίου
1948 3496 2461 3581 προδρόμου·
2528 3493 2573 3561 ἃ
2617 3495 2700 3582 δὴ

362 3593 657 3679 κτήματα
714 3592 997 3659 ἔκπαλαι
1050 3595 1157 3659 καὶ
1211 3599 1400 3678 μέχρι
1443 3596 1561 3680 τῆς
1604 3593 1888 3682 σήμερον
1933 3591 2297 3683 εὑρίσκεται
2342 3591 2379 3684 ἦ
2423 3596 2701 3684 τοιαύτη

364 3694 529 3783 μονὴ
577 3697 914 3780 νεμομένη“
937 3719 1011 3761 τε
1051 3697 1159 3761 καὶ
1205 3702 1597 3778 κατέχουσα·

532 3796 613 3882 β’.
654 3792 738 3861 ‘H
771 3797 1116 3881 βασιλεία
1120 3820 1249 3880 μου
1294 3790 1579 3880 εύμενως
1621 3822 1738 3880 την
1777 3796 2014 3864 τούτου
2059 3805 2523 3887 προσηκαμένη
2566 3824 2709 3866 πα-

367 3899 709 3986 ράκλησιν,
756 3897 871 3964 τὸν
916 3896 1218 3983 παρόντα
1258 3895 1745 3982 χρυσόβουλλον
1789 3899 1984 3986 λόγον
2029 3895 2228 3988 αὐτῆς
2272 3900 2577 3986 ἐπορέγει
2622 3906 2707 3989 τῇ

365 3999 636 4088 τοιαύτῃ
681 4002 869 4087 μονῇ,
919 3993 999 4066 δι’
1050 4023 1125 4065 ου
1170 4002 1276 4065 καὶ
1324 3998 1698 4082 διορίζεται,
1745 4000 1857 4066 ἵνα
1888 4001 1972 4068 τὰ
2001 4003 2388 4090 δηλωθέντα
2414 4004 2532 4090 τῆς
2560 4026 2709 4069 τοι·

367 4100 564 4188 αύτης
604 4104 808 4185 μονῆς
848 4099 1294 4188 κτήματα,-
1336 4096 1533 4186 ἤγουν
1579 4101 1643 4168 εἴ
1682 4127 1750 4167 τι
1792 4110 2092 4192 κέκτηται
2133 4100 2172 4192 ἦ
2217 4103 2487 4191 τοιαύτη
2532 4128 2705 4192 μονη

283 4256 304 4280 ,
369 4200 437 4266 ἐν
478 4204 556 4288 τῇ
597 4201 779 4289 χώρᾳ
820 4204 936 4290 τῆς
979 4204 1018 4268 δ
1033 4199 1538 4289 ημητριαδος
1582 4202 1695 4270 διά
1736 4229 1810 4270 τε
1838 4200 2273 4287 ἀμπελώνων,
2315 4212 2706 4292 χωραφίων,

364 4304 480 4387 γῆς
524 4296 776 4386 ὀρεινῆς
817 4305 921 4369 καὶ
982 4304 1284 4390 πεδινῆς,
1341 4304 1634 4387 μυλικῶν
1677 4303 2117 4393 ἐργαστηρίων
2158 4308 2267 4373 καὶ
2308 4308 2444 4373 τῶν
2486 4329 2712 4393 προσ-
