2900 4950
1072 275 1189 339 imp.
1224 260 1488 325 Andronici
1526 277 1749 326 senioris,
2450 273 2572 336 625

401 422 548 484 Item
603 422 761 502 qnod
820 442 1055 498 omnes,
1113 425 1214 503 qui
1270 427 1596 488 seeundum
1641 426 1941 489 veritatem
1988 429 2203 492 suerint
2244 432 2573 498 Januenses

205 531 290 599 ,et
333 523 436 603 qui
482 525 886 587 nominabitur
925 534 986 587 et
1028 525 1326 587 tenebitur
1348 527 1690 599 sennensis,
1737 546 1870 590 esse
1913 529 2124 593 debeat
2165 532 2275 592 sub
2307 537 2573 597 examine

230 626 392 686 curie
435 626 697 704 ipsorum
742 627 1157 700 lamensium,
1216 627 1349 690 licet
1395 628 1790 708 transpositus
1836 610 2009 692 iuerit
2052 633 2123 692 ad
2170 632 2340 694 aiiam
2387 635 2575 697 natio·-

231 744 399 799 nem,
457 726 578 788 sive
636 728 929 789 masculus
985 729 1160 791 fuerit
1223 730 1345 791 sive
1401 730 1638 791 femina.
1727 731 1791 791 Si
1846 733 1981 793 facti
2025 742 2228 795 essent
2268 736 2441 796 Greci
2485 737 2571 798 vei

229 826 471 888 alterius
516 827 789 900 nationis,
827 840 999 909 prout
1043 830 1091 891 si
1140 831 1361 892 Grecus
1405 831 1494 892 vei
1541 832 1723 892 Greca
1771 833 1858 893 vel
1902 832 2051 895 alius
2097 835 2196 914 qui
2241 836 2353 896 sub
2391 836 2574 915 juris-

193 924 486 989 ”dictiene
532 940 731 992 nostra
776 929 897 992 sint
938 931 1027 992 vel
1069 950 1201 993 esse
1245 932 1502 995 debeant
1530 932 1863 995 rendabiles
1890 933 2139 1014 imperio
2169 946 2392 1010 nostro,
2441 937 2573 1001 iicet

229 1031 606 1093 efficerentur
645 1031 996 1105 Januenses
1041 1033 1297 1095 debeant
1338 1052 1471 1094 esse
1513 1034 1627 1094 sub
1672 1035 1937 1096 examine
1980 1037 2166 1115 partis
2196 1037 2431 1117 Imperii
2468 1058 2575 1100 no-

227 1131 367 1203 stri,
426 1150 538 1192 nec
593 1133 1089 1213 computabuntur
1129 1134 1189 1194 in
1235 1153 1483 1196 numero
1527 1143 1588 1196 et
1630 1135 2000 1197 ordinatione
2045 1138 2359 1199 franchizie
2403 1150 2464 1202 et
2504 1141 2574 1202 li-

231 1231 472 1294 bertatis
513 1233 920 1295 Januensium.

395 1333 546 1395 -ltem
605 1336 762 1414 qnod
808 1334 1188 1397 concedimus
1232 1336 1382 1416 parti
1430 1337 1692 1416 ipsorum
1736 1337 2122 1400 Jauuensium
2168 1340 2360 1402 iocum
2408 1342 2574 1403 babi-

228 1435 478 1496 tacionis
522 1435 580 1496 in
626 1446 781 1497 terra
829 1436 1217 1511 Smin-narum,
1262 1446 1323 1500 et
1365 1437 1758 1517 permittimus
1802 1439 1965 1518 ipsos
2009 1439 2226 1502 habere
2272 1442 2330 1503 in
2362 1444 2571 1505 eodem

229 1536 361 1597 ioco
405 1537 637 1617 logiam,
683 1536 977 1611 hairicum,
1023 1539 1281 1612 furnum,
1326 1538 1633 1600 eeclesiam
1678 1550 1737 1600 et
1781 1538 1890 1599 alia
1924 1559 2038 1619 que
2068 1541 2401 1620 specificata
2433 1550 2574 1606 sunt

228 1639 657 1718 particulariter
698 1639 757 1699 in
803 1638 1056 1718 capitulo
1103 1641 1175 1700 de
1224 1640 1421 1701 Galata
1466 1647 1534 1700 ut
1577 1638 1794 1700 dictum
1839 1648 1947 1701 est.

398 1740 543 1802 Item
588 1741 743 1819 quod
790 1738 1143 1801 salvabimus
1187 1749 1303 1801 tam
1349 1741 1411 1801 in
1457 1740 1603 1802 mari
1648 1758 1825 1820 quam
1870 1741 1929 1802 in
1978 1750 2152 1816 terra,
2196 1743 2258 1804 in
2305 1744 2572 1823 portibus

226 1850 290 1903 et
344 1842 551 1902 insulis
608 1860 756 1920 quas
811 1841 1097 1902 habemus
1142 1851 1201 1902 et
1244 1840 1497 1902 habituri
1540 1858 1747 1902 sumus
1791 1861 1900 1921 per
1940 1844 2184 1921 gratiam
2232 1843 2337 1904 Dei
2381 1854 2439 1905 et
2476 1845 2574 1906 in·

230 1944 650 2005 tercessionem
696 1940 828 2020 ejus
869 1940 1241 2002 sanctissime
1286 1942 1606 2020 genitricis,
1652 1960 1860 2002 omnes
1889 1943 2221 2005 Januenses
2264 1954 2325 2004 et
2354 1945 2427 2006 de
2453 1945 2569 2006 dis-

231 2042 403 2104 trictu
446 2042 636 2103 Janue
678 2051 737 2103 et
780 2060 989 2102 omnes
1033 2042 1367 2103 nominatos
1414 2041 1746 2103 Januenses
1789 2052 1850 2103 et
1892 2043 1992 2121 qui
2035 2062 2145 2123 pro
2171 2044 2570 2107 Januensibns

230 2144 674 2221 distinguuntur
715 2142 803 2203 vei
846 2141 1226 2214 tenebuntur,
1277 2143 1335 2202 in
1382 2141 1654 2221 personis
1694 2151 1757 2204 et
1801 2141 1977 2204 rebus
2021 2144 2299 2206 omnibus
2343 2164 2566 2214 eorum,

228 2254 285 2306 et
332 2242 480 2306 hiis⁴
523 2243 626 2323 qui
669 2244 967 2323 patientur
1009 2243 1373 2322 naufragium
1406 2253 1465 2305 et
1494 2244 1633 2304 inde
1664 2243 1974 2317 evaserint,
2021 2245 2070 2305 si
2103 2244 2572 2308 testificabuntur

229 2364 340 2426 per
381 2346 583 2407 literas
626 2344 937 2406 potestatis
977 2344 1168 2404 Janue
1209 2362 1318 2405 seu
1360 2345 1672 2406 Potestatis
1717 2343 1805 2405 vel
1850 2345 2156 2406 Consulis⁸
2183 2345 2568 2407 Januensium

230 2448 331 2528 qui
376 2448 434 2509 in
482 2446 744 2527 partibus
788 2446 1072 2507 Romanie
1114 2444 1489 2508 invenientur
1531 2465 1602 2507 eo
1644 2454 1909 2526 tempore
1954 2464 2071 2527 quo
2118 2447 2231 2509 hoe
2271 2446 2386 2508 tale
2430 2464 2572 2510 con-

233 2550 443 2629 tigerit,
490 2558 549 2610 et
592 2550 1011 2609 demostratum
1059 2547 1233 2609 suerit
1276 2566 1383 2626 per
1425 2546 1763 2626 hujusmodi
1812 2547 2211 2610 testimonium
2244 2549 2407 2628 ipsos
2438 2567 2570 2610 esse

226 2651 560 2714 januenses
611 2649 700 2710 vei
754 2650 830 2710 de
886 2648 1153 2710 districtu
1206 2648 1396 2710 Janue
1451 2648 1541 2709 vel
1602 2648 1933 2711 nominatos
1989 2658 2051 2710 et
2107 2650 2431 2730 appellatos
2473 2650 2572 2711 Ja-

233 2769 509 2830 nuenses.

405 2851 547 2911 item
604 2850 762 2927 quod
805 2848 1168 2919 suanenses,
1222 2858 1285 2908 et
1335 2850 1436 2926 qui
1483 2847 1620 2908 dicti
1668 2848 1884 2908 suerint
1924 2858 1981 2908 et
2029 2849 2308 2910 nominati
2354 2851 2572 2914 fuerint

228 2953 562 3013 Janucnses
606 2959 669 3010 ut
709 2967 909 3028 supra,
955 2949 1003 3009 si
1049 2949 1357 3026 contigerit
1402 2948 1525 3008 fieri
1572 2947 1657 3007 eis
1702 2947 1949 3007 offensio
1977 2965 2085 3008 seu
2116 2950 2435 3028 dampnum
2469 2951 2572 3012 ali-

232 3054 391 3132 quod
438 3052 496 3111 in
543 3051 718 3111 terris
763 3050 998 3129 Imperii
1055 3049 1239 3109 nostri
1285 3049 1360 3109 de
1405 3048 1723 3126 naufragiis
1767 3048 2245 3127 provenientibus
2290 3051 2360 3109 ad
2409 3050 2570 3130 ipsos

231 3173 366 3230 cum
413 3152 589 3213 rebus
634 3151 926 3230 ipsorum,
994 3159 1048 3210 et
1107 3149 1425 3227 dampnum
1476 3149 1633 3228 passi
1679 3148 1898 3209 inerint
1938 3149 2012 3209 de
2055 3148 2200 3228 ipsis
2246 3150 2421 3211 rebus
2465 3171 2572 3230 per

231 3255 462 3334 aliquos
517 3253 815 3331 subjectos
860 3251 1092 3330 Imperii
1151 3249 1366 3324 nostri,
1426 3248 1582 3328 quod
1630 3248 1756 3309 fleri
1800 3247 2013 3309 debeat
2058 3249 2340 3310 satissatio
2384 3251 2570 3330 ipsius

232 3343 494 3434 dampni,
542 3365 716 3433 prout
760 3352 871 3431 ipsi
913 3350 1287 3431 probaverint
1333 3350 1393 3410 in
1439 3349 1679 3410 veritate
1725 3359 1783 3409 et
1820 3349 2149 3428 juraverint
2179 3349 2240 3409 in
2273 3353 2569 3429 presentia

233 3458 464 3518 illorum
524 3456 622 3534 qui
682 3458 1028 3535 potestatem
1087 3450 1401 3512 habuerint
1439 3450 1826 3511 Januensium
1872 3459 2147 3530 presente
2193 3452 2409 3512 nuncio
2461 3450 2571 3512 {m-

234 3559 380 3637 perii
427 3557 632 3617 nostri.
723 3554 976 3616 Probare
1022 3552 1275 3614 debeant
1317 3550 1587 3614 similiter
1628 3567 1761 3613 cum
1806 3551 1959 3612 veris
1996 3550 2349 3631 juramentis
2394 3552 2568 3612 etiam

234 3657 329 3720 aiii
376 3659 473 3738 qui
522 3656 891 3717 invenientur
932 3656 992 3716 in
1040 3655 1245 3716 eodem
1291 3653 1593 3732 naufragio
1644 3653 1744 3731 qui
1789 3651 2079 3714 evaserint
2124 3653 2197 3713 de
2241 3652 2372 3732 ipso
2415 3653 2572 3732 peri-

235 3762 367 3821 culo
411 3766 687 3839 presente
730 3754 859 3835 ipso
904 3755 1120 3816 nuncio
1165 3753 1400 3833 Imperii
1446 3753 1652 3826 nostri,
1700 3754 1801 3832 qui
1846 3754 2036 3816 videat
2076 3753 2240 3832 ipsos
2268 3763 2450 3814 testes
2474 3754 2571 3833 ju—

238 3879 368 3921 rare
424 3871 491 3922 ut
544 3874 724 3937 snpra
781 3856 999 3916 dictum
1042 3864 1164 3928 est,
1222 3865 1281 3915 et
1322 3856 1593 3915 sufficere
1638 3854 1850 3914 debeat
1891 3854 2007 3913 hoe
2049 3852 2122 3913 ad
2169 3853 2568 3972 ostensionem

235 3971 296 4022 et
337 3960 742 4040 prohationem
788 3955 1063 4018 veritatis.

407 4063 552 4123 item
597 4061 756 4141 quod
801 4056 1195 4137 prestabimus
1238 4071 1477 4133 semper
1517 4053 1666 4133 parti
1711 4051 1952 4114 illustris
1995 4053 2262 4112 comunis
2289 4052 2478 4113 Janne
2512 4063 2571 4114 et

239 4160 487 4239 singulis
527 4159 925 4223 Januensibus
969 4168 1029 4219 et
1071 4158 1145 4218 de
1190 4155 1454 4217 districtu
1497 4154 1685 4215 Janue
1729 4163 1789 4214 et
1830 4151 2093 4227 illorum,
2141 4153 2237 4232 qui
2284 4153 2570 4215 tenebun-

374 4373 396 4405 ⁴
434 4380 584 4440 Lege:
623 4382 722 4430 hos.
859 4375 879 4406 ⁶
915 4373 1051 4443 Apud
1087 4377 1219 4429 Sauli
1254 4383 1359 4427 est:
1398 4375 1626 4427 consules.
2097 4454 2127 4504 4

341 4465 422 4516 ΙΙΙ.
2132 4456 2162 4503 0
