2900 4950
528 122 541 136 '
600 119 723 179 700
1438 126 1561 178 con.
1597 129 1644 176 V.
1715 128 1829 177 Nov.
1864 127 2018 177 xux.
2056 127 2108 177 Ι..

597 277 947 366 ἀρχιερέων
1010 277 1119 343 καὶ
1175 278 1293 361 τῆς
1358 274 1718 361 συγκλήτου
1777 274 2322 362 διεμηνυσάμεθα
2372 280 2597 341 τοῦτον

597 382 869 450 σύνοδον
901 374 1301 466 ἀπαντῆσαι.
1393 372 1431 442 ὃ
1477 377 1549 443 δὲ
1591 375 1800 463 ἐφάνη
1830 376 2042 464 μάτην
2071 375 2190 462 τὴν
2220 370 2557 443 ἀπουσίαν
2589 410 2597 442 ;

597 483 889 567 ζόμενος·
937 475 1009 546 οὗ
1052 478 1175 564 γὰρ
1221 477 1590 564 ἐθάρῥησεν
1635 472 2019 565 ἀπαντῆσαι
2058 480 2167 544 καὶ
2213 472 2385 556 ὅλως
2429 479 2524 557 εἷς
2567 481 2597 542 λ

594 593 767 664 θεῖν,
811 588 1026 649 καίτοι
1048 583 1154 647 καὶ
1183 582 1324 666 τρὶς
1342 582 1453 646 καὶ
1484 576 1782 663 τετράκις
1827 579 1922 658 εἷς
1963 579 2081 666 τὴν
2125 578 2404 646 σύνοδον
2450 605 2597 665 προ.

762 683 845 752 α’.
871 681 1030 752 ,Διὰ
1052 684 1249 749 τοῦτο
1272 690 1423 759 ταῖς
1452 675 1684 758 αὐταῖς
1726 674 1835 759 αἶς
1873 682 1983 746 καὶ
2029 679 2351 764 πρότερον
2392 685 2597 748 καταδ

591 785 1098 871 θυποβάλλεται
1154 779 1669 867 συνευδοκούσης
1723 781 1996 860 δικαίως
2047 784 2161 847 καὶ
2213 785 2331 868 τῆς
2382 785 2597 867 βασιλι

594 887 633 953 ὃ
676 891 781 955 καὶ
831 886 944 953 διὰ
986 889 1105 951 τοῦ
1151 884 1488 970 παρόντος
1530 883 1836 949 δεικνῦσα
1876 881 1988 948 καὶ
2027 885 2393 967 βεβαιοῦσα
2423 908 2597 969 προσ

595 989 948 1074 διορίζεται
995 989 1169 1054 πᾶσι
1211 991 1505 1071 στέργειν
1544 985 1666 1068 μὲν
1707 982 1828 1063 τὰς
1869 983 2183 1062 τοιαύτας
2216 983 2582 1069 ἐνθέσμους

594 1091 822 1169 οδικὰς
866 1088 1253 1174 διαγνώσεις
1294 1090 1400 1154 καὶ
1461 1080 1875 1172 ἀποφάσεις,
1940 1080 2457 1172 ἀποτρέπεσθαι
2513 1089 2585 1154 δὲ

588 1197 709 1260 τοῦ
756 1188 1195 1260 ἀκινδύνου
1253 1191 1663 1280 φρονοῦντας
1715 1189 1822 1253 καὶ
1883 1185 2140 1266 πάντας
2188 1188 2345 1267 τοὺς
2384 1190 2552 1256 κατὰ
2593 1222 2597 1234 ·

589 1301 791 1379 μένου
832 1289 1203 1360 όσιωτάτου
1235 1288 1662 1376 ἱερομονάχου
1703 1291 1901 1372 κυροῦ
1945 1296 2382 1376 γρηγορίου
2425 1293 2543 1356 τοῦ
2589 1325 2597 1356 ⁴.

590 1398 699 1462 καὶ
743 1398 877 1461 τῶν
921 1393 1040 1459 σὺν
1085 1389 1261 1477 αὐτῷ
1303 1394 1609 1476 μοναχῶν
1664 1380 1869 1468 αὖθις
1919 1393 2324 1474 χωροῦντας,
2392 1387 2484 1470 ὦς
2539 1388 2597 1459 ἀ]

595 1495 791 1574 ὄντας
834 1498 938 1561 καὶ
983 1492 1100 1581 τὴν
1146 1492 1487 1577 ἐκκλησίαν
1531 1480 1737 1569 αὖθις
1777 1490 2250 1574 ταράσσοντας.
2309 1491 2546 1559 τούτου
2575 1520 2597 1577 7

591 1600 698 1664 καὶ
755 1599 873 1681 τῆς
929 1590 1078 1662 καθ’
1123 1590 1458 1678 εὐσέβειαν
1516 1591 1771 1680 εἰρήνης
1824 1595 1936 1659 καὶ
1989 1588 2361 1682 ἀσφαλείας
2413 1597 2522 1661 καὶ
2578 1622 2597 1660 z

592 1693 902 1782 ἀπελύθη
947 1699 1064 1781 τῆς
1104 1697 1451 1781 βασιλείας
1492 1718 1622 1779 μου
1668 1693 2082 1779 πρόσταγμα.

760 1794 915 1882 Εἶχε
942 1801 1049 1864 καὶ
1081 1796 1190 1863 τό·
1234 1800 1386 1884 μηνὶ
1417 1803 1732 1883 μαρτίῳ
1765 1796 1885 1862 ἰνδ.
1921 1794 2018 1877 ιε’,
2067 1790 2149 1862 δι’
2185 1795 2488 1882 ἐρυθ-ρῶν
2526 1823 2597 1883 γρ

588 1904 708 1988 τῆς
749 1901 1098 1988 βασιλικῆς
1141 1902 1245 1966 καὶ
1293 1905 1491 1978 θείας
1530 1898 1766 1984 χειρός.

1452 2115 2060 2126 —n——u-——ffl

1620 2307 1788 2370 Nov.
1838 2308 1902 2369 L.

1231 2428 1377 2507 Imp.
1421 2426 1735 2487 Joannis
1782 2427 2291 2489 Cantacuzeni

1180 2526 1254 2586 de
1299 2527 1608 2607 metropoli
1657 2527 1867 2608 Cygebi
1887 2529 1922 2590 ¹.
2013 2533 2102 2603 (A.
2144 2533 2348 2605 ¹347.)

753 2689 937 2762 Ἐπεὶ
978 2694 1051 2761 αἱ
1094 2693 1260 2761 κατὰ
1300 2692 1417 2760 τὸν
1462 2692 1676 2761 τόπον
1729 2698 1846 2783 τῆς
1898 2721 1944 2779 μ
1964 2720 2088 2779 ικρ
2102 2698 2145 2762 ἃ
2159 2721 2194 2774 ς
2247 2688 2509 2781 ῥαίσία
2523 2721 2559 2774 ς

586 2798 974 2884 κεκλημένον
1015 2803 1062 2881 ρ’
1073 2820 1108 2862 ο
1123 2798 1161 2863 λ
1175 2820 1211 2862 ο
1230 2795 1266 2862 ύ
1281 2823 1316 2862 ν
1333 2823 1358 2862 ι
1372 2821 1408 2862 ο
1423 2823 1458 2863 ν
1503 2793 1959 2881 εὖρισκόμεναι
1986 2794 2353 2881 ἆγιώταται
2381 2798 2597 2881 ἐκκληο

585 2898 1015 2986 γάλλιτζα,
1040 2898 1118 2964 τὸ
1146 2899 1603 2983 βολοδίμηρ
1623 2923 1743 2978 ον,
1780 2898 2200 2982 τὸχόλμιν,
2225 2897 2304 2965 τὸ
2330 2904 2586 2983 περέμ

585 2992 671 3066 τό
722 2999 1149 3082 λουτζικὸν
1204 2999 1435 3066 καὶτὸ
1490 2998 1628 3065 τού
1646 3026 1683 3085 ρ
1701 3008 1924 3086 οβον,
1985 2995 2331 3067 ύπέκειντο
2376 2995 2594 3087 ἀφότο

584 3103 627 3187 ῤ
647 3100 700 3168 ώ
715 3125 758 3168 σ
773 3129 826 3169 ω
843 3129 876 3168 ν
933 3103 1134 3180 ἔθνος
1186 3126 1276 3186 χρ
1295 3128 1319 3168 ι
1335 3124 1377 3166 σ
1390 3127 1428 3167 τ
1443 3124 1479 3166 ο
1495 3105 1532 3167 ῦ
1593 3100 1814 3187 χάριτι
1867 3101 1984 3187 τὴν
2039 3107 2455 3186 θεογνωσίαν
2509 3100 2597 3169 ἐδι

522 3290 543 3297 -
587 3202 705 3290 τὴν
749 3200 1118 3290 ἁγιωτάτην
1159 3200 1572 3289 μητρόπολιν
1614 3230 1652 3269 κ
1664 3230 1702 3269 υ
1713 3229 1753 3290 γ
1765 3209 1799 3271 έ
1809 3210 1855 3288 β
1866 3228 1904 3270 ο
1917 3230 1955 3269 v
1969 3254 1986 3282 ,
2031 3200 2109 3290 ἢν
2155 3203 2376 3271 διέπει
2419 3197 2596 3287 ἀρτία

585 3301 788 3391 αὐτὴν
837 3304 1191 3391 ἱερώτατος
1228 3307 1719 3393 μητροπολίτης
1733 3357 1750 3385 ,
1807 3301 2170 3391 ύπέρτιμος
2221 3308 2328 3372 καὶ
2387 3305 2597 3390 ἔξαρχ(

587 3408 930 3492 ῥωσίας,
975 3409 1157 3490 κῦρις
1198 3404 1757 3491 θεόγνωστος,
1817 3403 1907 3487 ὥς
1947 3410 2056 3474 καὶ
2102 3406 2172 3473 αἱ
2215 3409 2332 3493 τῆς
2371 3407 2597 3492 μεγάι

589 3514 728 3576 σία
743 3532 777 3586 ς
822 3503 1189 3592 ἀγιώταται
1232 3505 1601 3574 ἐπισκοπαί
1619 3529 1633 3543 ·
1679 3507 1845 3575 κατὰ
1887 3507 2005 3576 τὸν
2049 3507 2184 3593 πρὸ
2231 3503 2454 3594 ὀλίγου
2501 3511 2573 3577 δὲ

586 3607 816 3694 καιρὸν
860 3612 976 3696 τῆς
1019 3607 1405 3695 συγχύσεως,
1452 3608 1819 3694 σύνδρομον
1847 3609 1963 3677 τὸν
1994 3614 2298 3678 τοιοῦτον
2336 3605 2597 3696 εὖρόντε

585 3712 661 3780 οἵ
697 3738 772 3779 τε
811 3710 896 3778 τὰ
938 3714 1054 3799 τῆς
1094 3711 1440 3795 βασιλείας
1482 3711 1840 3797 πράγματα
1884 3713 2312 3792 διοικοῦντες,
2372 3707 2542 3779 ἀλλὰ

583 3816 702 3900 τῆς
746 3813 1086 3901 ἐκκλησίας
1131 3812 1317 3898 παρὰ
1358 3812 1436 3880 τὸ
1470 3813 1641 3893 εἰκὸς
1678 3812 2183 3900 προϊστάμενος,
2227 3815 2431 3902 μηδὲν
2462 3815 2597 3898 ἔτερ

720 3999 735 4027 ¹
774 4002 910 4053 Extat
944 4002 992 4053 in
1029 4002 1163 4053 vind.
1200 4002 1310 4053 hist.
1347 4018 1414 4065 gr.
1452 4003 1520 4055 65
1553 4001 1637 4053 fol.
1679 4003 1791 4054 134.
1861 4003 1953 4065 (cf.
1990 4004 2257 4054 Nonum
2295 4011 2394 4053 not.
2421 4004 2483 4059 1.)
2563 4004 2596 4052 P

586 4084 652 4134 ibi
690 4085 922 4148 epistolae
959 4087 1019 4137 de
1055 4088 1225 4139 eodem
1260 4095 1540 4151 argumento
1589 4089 1648 4138 ab
1695 4088 1981 4152 imperatore
2028 4088 2207 4139 missae
2247 4089 2308 4139 ad
2344 4088 2597 4152 metropoli

584 4169 734 4220 altem
768 4171 826 4218 ad
862 4186 1083 4234 magnum
1121 4187 1280 4235 regem
1318 4174 1568 4225 universae
1601 4173 1801 4224 Rusone
1836 4174 2139 4238 symeonem,
2177 4175 2326 4224 tertia
2363 4174 2424 4223 ad
2458 4187 2597 4236 regen

586 4254 881 4303 Demetrium
920 4255 1193 4320 Lampon-te.
