<?xml version="1.0" encoding="UTF-8"?>
<!DOCTYPE html PUBLIC "-//W3C//DTD XHTML 1.0 Transitional//EN"
    "http://www.w3.org/TR/xhtml1/DTD/xhtml1-transitional.dtd">
<html xmlns="http://www.w3.org/1999/xhtml" xml:lang="en" lang="en">
 <head>
  <title>
</title>
<meta http-equiv="Content-Type" content="text/html;charset=utf-8" />
  <meta name='ocr-system' content='tesseract 3.04.00' />
  <meta name='ocr-capabilities' content='ocr_page ocr_carea ocr_par ocr_line ocrx_word'/>
</head>
<body>
  <div class='ocr_page' id='page_1' title='image "./jusgraecoromanu00linggoog_0151.png"; bbox 0 0 2900 4950; ppageno 0'>
   <div class='ocr_carea' id='block_1_1' title="bbox 1222 255 2551 331">
    <p class='ocr_par' dir='ltr' id='par_1_1' title="bbox 1222 255 2551 331">
     <span class='ocr_line' id='line_1_1' title="bbox 1222 255 2551 331; baseline -0.002 -15"><span class='ocrx_word' id='word_1_1' title='bbox 1222 268 1338 331; x_wconf 68' lang='lat' dir='ltr'><strong><em>imp.</em></strong></span> <span class='ocrx_word' id='word_1_2' title='bbox 1377 268 1568 317; x_wconf 67' lang='lat' dir='ltr'><strong>Leonis,</strong></span> <span class='ocrx_word' id='word_1_3' title='bbox 2432 255 2551 316; x_wconf 84' lang='grc'><strong><em>105</em></strong></span> 
     </span>
    </p>
   </div>
   <div class='ocr_carea' id='block_1_2' title="bbox 215 407 2554 705">
    <p class='ocr_par' dir='ltr' id='par_1_2' title="bbox 215 407 2554 705">
     <span class='ocr_line' id='line_1_2' title="bbox 215 407 2550 499; baseline -0.001 -15"><span class='ocrx_word' id='word_1_4' title='bbox 215 418 329 484; x_wconf 83' lang='grc' dir='ltr'><strong><em>καὶ</em></strong></span> <span class='ocrx_word' id='word_1_5' title='bbox 385 417 480 495; x_wconf 74' lang='grc' dir='ltr'><strong><em>εἰς</em></strong></span> <span class='ocrx_word' id='word_1_6' title='bbox 539 411 863 483; x_wconf 76' lang='grc' dir='ltr'><strong><em>ἀπαιδίαν</em></strong></span> <span class='ocrx_word' id='word_1_7' title='bbox 918 417 1378 499; x_wconf 80' lang='grc' dir='ltr'><strong><em>περιέστησεν,</em></strong></span> <span class='ocrx_word' id='word_1_8' title='bbox 1438 407 1841 496; x_wconf 73' lang='grc' dir='ltr'><strong><em>ἀποβάλλειν</em></strong></span> <span class='ocrx_word' id='word_1_9' title='bbox 1895 411 2062 496; x_wconf 84' lang='grc' dir='ltr'><strong><em>μετὰ</em></strong></span> <span class='ocrx_word' id='word_1_10' title='bbox 2114 416 2248 479; x_wconf 83' lang='grc' dir='ltr'><strong><em>τῶν</em></strong></span> <span class='ocrx_word' id='word_1_11' title='bbox 2289 416 2550 481; x_wconf 79' lang='grc' dir='ltr'><strong><em>παίδων</em></strong></span> 
     </span>
     <span class='ocr_line' id='line_1_3' title="bbox 218 507 2550 604; baseline -0.001 -20"><span class='ocrx_word' id='word_1_12' title='bbox 218 523 332 584; x_wconf 75' lang='grc' dir='ltr'><strong><em>καὶ</em></strong></span> <span class='ocrx_word' id='word_1_13' title='bbox 383 521 500 604; x_wconf 84' lang='grc' dir='ltr'><strong><em>τῆς</em></strong></span> <span class='ocrx_word' id='word_1_14' title='bbox 552 515 813 603; x_wconf 78' lang='grc' dir='ltr'><em>γνώμης</em></span> <span class='ocrx_word' id='word_1_15' title='bbox 864 514 945 581; x_wconf 82' lang='grc' dir='ltr'><strong><em>τὸ</em></strong></span> <span class='ocrx_word' id='word_1_16' title='bbox 1001 507 1452 592; x_wconf 75' lang='grc' dir='ltr'><strong><em>αὐτεξούσιον,</em></strong></span> <span class='ocrx_word' id='word_1_17' title='bbox 1511 514 1622 578; x_wconf 82' lang='grc' dir='ltr'><strong><em>καὶ</em></strong></span> <span class='ocrx_word' id='word_1_18' title='bbox 1672 510 1836 597; x_wconf 88' lang='grc' dir='ltr'><strong><em>μήτε</em></strong></span> <span class='ocrx_word' id='word_1_19' title='bbox 1889 511 2168 599; x_wconf 77' lang='grc' dir='ltr'><strong><em>γράφειν</em></strong></span> <span class='ocrx_word' id='word_1_20' title='bbox 2227 513 2550 599; x_wconf 74' lang='grc' dir='ltr'><strong><em>διαθήκας</em></strong></span> 
     </span>
     <span class='ocr_line' id='line_1_4' title="bbox 223 609 2554 705; baseline -0 -23"><span class='ocrx_word' id='word_1_21' title='bbox 223 618 387 705; x_wconf 86' lang='grc' dir='ltr'><strong><em>μήτε</em></strong></span> <span class='ocrx_word' id='word_1_22' title='bbox 443 618 718 684; x_wconf 77' lang='grc' dir='ltr'><strong><em>διοικεῖν</em></strong></span> <span class='ocrx_word' id='word_1_23' title='bbox 777 612 867 694; x_wconf 81' lang='grc' dir='ltr'><strong><em>ὥς</em></strong></span> <span class='ocrx_word' id='word_1_24' title='bbox 922 609 1003 681; x_wconf 79' lang='grc' dir='ltr'><strong><em>ἀν</em></strong></span> <span class='ocrx_word' id='word_1_25' title='bbox 1059 615 1215 699; x_wconf 87' lang='grc' dir='ltr'><strong><em>δοκῇ</em></strong></span> <span class='ocrx_word' id='word_1_26' title='bbox 1271 611 1356 679; x_wconf 84' lang='grc' dir='ltr'><strong><em>τὰ</em></strong></span> <span class='ocrx_word' id='word_1_27' title='bbox 1414 611 1602 695; x_wconf 85' lang='grc' dir='ltr'><strong><em>παρὰ</em></strong></span> <span class='ocrx_word' id='word_1_28' title='bbox 1652 615 1784 680; x_wconf 80' lang='grc' dir='ltr'><strong><em>τῶν</em></strong></span> <span class='ocrx_word' id='word_1_29' title='bbox 1838 618 2083 698; x_wconf 82' lang='grc' dir='ltr'><strong><em>γονέων</em></strong></span> <span class='ocrx_word' id='word_1_30' title='bbox 2139 615 2554 701; x_wconf 86' lang='grc' dir='ltr'><strong><em>δεδωρημένα</em></strong></span> 
     </span>
    </p>
   </div>
   <div class='ocr_carea' id='block_1_3' title="bbox 114 713 2553 804">
    <p class='ocr_par' dir='ltr' id='par_1_3' title="bbox 114 713 2553 804">
     <span class='ocr_line' id='line_1_5' title="bbox 114 713 2553 804; baseline 0.002 -28"><span class='ocrx_word' id='word_1_31' title='bbox 114 770 127 776; x_wconf 83' lang='grc'><strong><em>,</em></strong></span> <span class='ocrx_word' id='word_1_32' title='bbox 227 721 783 804; x_wconf 72' lang='grc' dir='ltr'><strong><em>συγκεχωρῆσθαι.</em></strong></span> <span class='ocrx_word' id='word_1_33' title='bbox 843 714 1041 782; x_wconf 81' lang='grc' dir='ltr'><strong><em>τοῦτό</em></strong></span> <span class='ocrx_word' id='word_1_34' title='bbox 1083 738 1258 781; x_wconf 86' lang='grc' dir='ltr'><strong><em>τισιν</em></strong></span> <span class='ocrx_word' id='word_1_35' title='bbox 1303 713 1397 792; x_wconf 75' lang='grc' dir='ltr'><strong><em>εἰς</em></strong></span> <span class='ocrx_word' id='word_1_36' title='bbox 1440 713 1637 794; x_wconf 80' lang='grc' dir='ltr'><strong><em>δόξαν</em></strong></span> <span class='ocrx_word' id='word_1_37' title='bbox 1682 713 1886 780; x_wconf 76' lang='grc' dir='ltr'><strong><em>ἐλθὸν</em></strong></span> <span class='ocrx_word' id='word_1_38' title='bbox 1918 717 2026 780; x_wconf 79' lang='grc' dir='ltr'><strong><em>καὶ</em></strong></span> <span class='ocrx_word' id='word_1_39' title='bbox 2059 716 2305 802; x_wconf 82' lang='grc' dir='ltr'><strong><em>ῥᾳδίως</em></strong></span> <span class='ocrx_word' id='word_1_40' title='bbox 2332 741 2553 801; x_wconf 85' lang='grc' dir='ltr'><strong><em>παρα-</em></strong></span> 
     </span>
    </p>
   </div>
   <div class='ocr_carea' id='block_1_4' title="bbox 220 810 2620 2408">
    <p class='ocr_par' dir='ltr' id='par_1_4' title="bbox 220 810 2620 2206">
     <span class='ocr_line' id='line_1_6' title="bbox 226 810 2553 902; baseline -0 -19"><span class='ocrx_word' id='word_1_41' title='bbox 226 819 661 901; x_wconf 80' lang='grc' dir='ltr'><strong><em>δεχθὲν·τοῖς</em></strong></span> <span class='ocrx_word' id='word_1_42' title='bbox 716 815 990 902; x_wconf 69' lang='grc' dir='ltr'><strong><em>ὕστερον</em></strong></span> <span class='ocrx_word' id='word_1_43' title='bbox 1039 821 1226 902; x_wconf 82' lang='grc' dir='ltr'><strong><em>μέχρι</em></strong></span> <span class='ocrx_word' id='word_1_44' title='bbox 1278 819 1396 881; x_wconf 83' lang='grc' dir='ltr'><strong><em>τοῦ</em></strong></span> <span class='ocrx_word' id='word_1_45' title='bbox 1440 818 1554 881; x_wconf 79' lang='grc' dir='ltr'><strong><em>νῦν</em></strong></span> <span class='ocrx_word' id='word_1_46' title='bbox 1599 810 1834 897; x_wconf 80' lang='grc' dir='ltr'><strong><em>ὁρᾶται</em></strong></span> <span class='ocrx_word' id='word_1_47' title='bbox 1877 816 2392 900; x_wconf 80' lang='grc' dir='ltr'><strong><em>πολιτευόμενον</em></strong></span> <span class='ocrx_word' id='word_1_48' title='bbox 2437 820 2553 902; x_wconf 85' lang='grc' dir='ltr'><strong><em>τῆς</em></strong></span> 
     </span>
     <span class='ocr_line' id='line_1_7' title="bbox 225 906 2556 1003; baseline 0 -20"><span class='ocrx_word' id='word_1_49' title='bbox 225 920 519 996; x_wconf 82' lang='grc' dir='ltr'><strong><em>παλαιᾶς</em></strong></span> <span class='ocrx_word' id='word_1_50' title='bbox 564 914 1042 1003; x_wconf 82' lang='grc' dir='ltr'><strong><em>ἀτιμαζομένης</em></strong></span> <span class='ocrx_word' id='word_1_51' title='bbox 1080 922 1505 1001; x_wconf 75' lang='grc' dir='ltr'><strong><em>νομοθεσίας.</em></strong></span> <span class='ocrx_word' id='word_1_52' title='bbox 1596 912 2058 1000; x_wconf 79' lang='grc' dir='ltr'><strong><em>ἀνανεούμενοι</em></strong></span> <span class='ocrx_word' id='word_1_53' title='bbox 2103 906 2219 983; x_wconf 69' lang='grc' dir='ltr'><strong><em>οὖν</em></strong></span> <span class='ocrx_word' id='word_1_54' title='bbox 2259 915 2376 1003; x_wconf 83' lang='grc' dir='ltr'><strong><em>τὴν</em></strong></span> <span class='ocrx_word' id='word_1_55' title='bbox 2420 916 2556 983; x_wconf 87' lang='grc' dir='ltr'><strong><em>πά·-</em></strong></span> 
     </span>
     <span class='ocr_line' id='line_1_8' title="bbox 226 1011 2555 1105; baseline 0.001 -23"><span class='ocrx_word' id='word_1_56' title='bbox 226 1017 339 1084; x_wconf 89' lang='grc' dir='ltr'><strong><em>λαι</em></strong></span> <span class='ocrx_word' id='word_1_57' title='bbox 382 1021 535 1102; x_wconf 81' lang='grc' dir='ltr'><strong><em>περὶ</em></strong></span> <span class='ocrx_word' id='word_1_58' title='bbox 581 1019 818 1084; x_wconf 89' lang='grc' dir='ltr'><strong><em>τούτου</em></strong></span> <span class='ocrx_word' id='word_1_59' title='bbox 861 1018 1213 1105; x_wconf 83' lang='grc' dir='ltr'><strong><em>κυριότητα</em></strong></span> <span class='ocrx_word' id='word_1_60' title='bbox 1255 1021 1388 1084; x_wconf 82' lang='grc' dir='ltr'><strong><em>τῶν</em></strong></span> <span class='ocrx_word' id='word_1_61' title='bbox 1432 1015 1672 1099; x_wconf 91' lang='grc' dir='ltr'><strong><em>νόμων,</em></strong></span> <span class='ocrx_word' id='word_1_62' title='bbox 1720 1011 1955 1082; x_wconf 75' lang='grc' dir='ltr'><strong><em>οὐδένα</em></strong></span> <span class='ocrx_word' id='word_1_63' title='bbox 1985 1018 2393 1102; x_wconf 84' lang='grc' dir='ltr'><strong><em>θεσπίζομεν</em></strong></span> <span class='ocrx_word' id='word_1_64' title='bbox 2421 1020 2555 1084; x_wconf 81' lang='grc' dir='ltr'><strong><em>τῶν</em></strong></span> 
     </span>
     <span class='ocr_line' id='line_1_9' title="bbox 223 1111 2553 1204; baseline 0.001 -22"><span class='ocrx_word' id='word_1_65' title='bbox 223 1121 378 1202; x_wconf 83' lang='grc' dir='ltr'><strong><em>περὶ</em></strong></span> <span class='ocrx_word' id='word_1_66' title='bbox 413 1117 690 1201; x_wconf 87' lang='grc' dir='ltr'><strong><em>προικὸς</em></strong></span> <span class='ocrx_word' id='word_1_67' title='bbox 720 1113 1095 1196; x_wconf 75' lang='grc' dir='ltr'><strong><em>ἀναδόσεως</em></strong></span> <span class='ocrx_word' id='word_1_68' title='bbox 1126 1115 1708 1201; x_wconf 83' lang='grc' dir='ltr'><strong><em>διαλαμβανόντων</em></strong></span> <span class='ocrx_word' id='word_1_69' title='bbox 1740 1111 2184 1199; x_wconf 85' lang='grc' dir='ltr'><strong><em>ἀθετούμενον</em></strong></span> <span class='ocrx_word' id='word_1_70' title='bbox 2215 1117 2553 1204; x_wconf 75' lang='grc' dir='ltr'><strong><em>ἄπρακτον</em></strong></span> 
     </span>
     <span class='ocr_line' id='line_1_10' title="bbox 226 1207 2553 1304; baseline 0 -20"><span class='ocrx_word' id='word_1_71' title='bbox 226 1212 414 1284; x_wconf 77' lang='grc' dir='ltr'><strong><em>εἶναι.</em></strong></span> <span class='ocrx_word' id='word_1_72' title='bbox 502 1223 570 1283; x_wconf 91' lang='grc' dir='ltr'><strong><em>τι’</em></strong></span> <span class='ocrx_word' id='word_1_73' title='bbox 629 1207 743 1282; x_wconf 73' lang='grc' dir='ltr'><strong><em>οὖν</em></strong></span> <span class='ocrx_word' id='word_1_74' title='bbox 800 1217 1035 1284; x_wconf 72' lang='grc' dir='ltr'><strong><em>ἐκεῖνοί</em></strong></span> <span class='ocrx_word' id='word_1_75' title='bbox 1089 1241 1297 1304; x_wconf 87' lang='grc' dir='ltr'><strong><em>φασιν</em></strong></span> <span class='ocrx_word' id='word_1_76' title='bbox 1313 1246 1334 1298; x_wconf 78' lang='lat'><strong><em>‚-</em></strong></span> <span class='ocrx_word' id='word_1_77' title='bbox 1395 1212 1718 1293; x_wconf 77' lang='grc' dir='ltr'><strong><em>ἀπαιδίας</em></strong></span> <span class='ocrx_word' id='word_1_78' title='bbox 1773 1217 2381 1304; x_wconf 83' lang='grc' dir='ltr'><strong><em>περιστοιχιζούσης</em></strong></span> <span class='ocrx_word' id='word_1_79' title='bbox 2436 1217 2553 1284; x_wconf 87' lang='grc' dir='ltr'><strong><em>τὸν</em></strong></span> 
     </span>
     <span class='ocr_line' id='line_1_11' title="bbox 224 1311 2556 1404; baseline 0 -21"><span class='ocrx_word' id='word_1_80' title='bbox 224 1318 444 1383; x_wconf 88' lang='grc' dir='ltr'><strong><em>παῖδα</em></strong></span> <span class='ocrx_word' id='word_1_81' title='bbox 499 1315 616 1403; x_wconf 81' lang='grc' dir='ltr'><strong><em>τὴν</em></strong></span> <span class='ocrx_word' id='word_1_82' title='bbox 658 1320 778 1401; x_wconf 82' lang='grc' dir='ltr'><strong><em>μὲν</em></strong></span> <span class='ocrx_word' id='word_1_83' title='bbox 823 1318 891 1385; x_wconf 73' lang='grc' dir='ltr'><strong><em>ἐκ</em></strong></span> <span class='ocrx_word' id='word_1_84' title='bbox 935 1321 1052 1384; x_wconf 77' lang='grc' dir='ltr'><strong><em>τοῦ</em></strong></span> <span class='ocrx_word' id='word_1_85' title='bbox 1096 1317 1350 1402; x_wconf 87' lang='grc' dir='ltr'><strong><em>πατρὸς</em></strong></span> <span class='ocrx_word' id='word_1_86' title='bbox 1392 1313 1677 1404; x_wconf 81' lang='grc' dir='ltr'><strong><em>ἥκουσαν</em></strong></span> <span class='ocrx_word' id='word_1_87' title='bbox 1723 1311 1901 1402; x_wconf 78' lang='grc' dir='ltr'><strong><em>αύτῷ</em></strong></span> <span class='ocrx_word' id='word_1_88' title='bbox 1947 1315 2197 1402; x_wconf 82' lang='grc' dir='ltr'><strong><em>δωρεὰν</em></strong></span> <span class='ocrx_word' id='word_1_89' title='bbox 2241 1311 2556 1401; x_wconf 78' lang='grc' dir='ltr'><strong><em>ἀναστρέ-</em></strong></span> 
     </span>
     <span class='ocr_line' id='line_1_12' title="bbox 224 1411 2553 1505; baseline 0 -22"><span class='ocrx_word' id='word_1_90' title='bbox 224 1424 484 1504; x_wconf 89' lang='grc' dir='ltr'><strong><em>φεσθαι</em></strong></span> <span class='ocrx_word' id='word_1_91' title='bbox 541 1417 711 1501; x_wconf 86' lang='grc' dir='ltr'><strong><em>πρὸς</em></strong></span> <span class='ocrx_word' id='word_1_92' title='bbox 765 1416 881 1483; x_wconf 86' lang='grc' dir='ltr'><strong><em>τὸν</em></strong></span> <span class='ocrx_word' id='word_1_93' title='bbox 936 1417 1296 1496; x_wconf 84' lang='grc' dir='ltr'><strong><em>δεδωκότα,</em></strong></span> <span class='ocrx_word' id='word_1_94' title='bbox 1353 1423 1582 1504; x_wconf 80' lang='grc' dir='ltr'><strong><em>μηκέτι</em></strong></span> <span class='ocrx_word' id='word_1_95' title='bbox 1635 1418 1706 1482; x_wconf 78' lang='grc' dir='ltr'><strong><em>δὲ</em></strong></span> <span class='ocrx_word' id='word_1_96' title='bbox 1749 1411 2078 1503; x_wconf 86' lang='grc' dir='ltr'><strong><em>κάκείνην,</em></strong></span> <span class='ocrx_word' id='word_1_97' title='bbox 2137 1415 2176 1505; x_wconf 82' lang='grc' dir='ltr'>ἢ</span> <span class='ocrx_word' id='word_1_98' title='bbox 2220 1421 2314 1503; x_wconf 77' lang='grc' dir='ltr'><strong><em>τῷ</em></strong></span> <span class='ocrx_word' id='word_1_99' title='bbox 2359 1419 2553 1484; x_wconf 84' lang='grc' dir='ltr'><strong><em>παιδὶ</em></strong></span> 
     </span>
     <span class='ocr_line' id='line_1_13' title="bbox 222 1510 2551 1605; baseline 0.001 -22"><span class='ocrx_word' id='word_1_100' title='bbox 222 1517 583 1602; x_wconf 89' lang='grc' dir='ltr'><strong><em>πρόσεστιν</em></strong></span> <span class='ocrx_word' id='word_1_101' title='bbox 626 1512 669 1604; x_wconf 83' lang='grc' dir='ltr'><em>ἢ</em></span> <span class='ocrx_word' id='word_1_102' title='bbox 710 1517 896 1604; x_wconf 84' lang='grc' dir='ltr'><strong><em>παρὰ</em></strong></span> <span class='ocrx_word' id='word_1_103' title='bbox 936 1521 1052 1604; x_wconf 83' lang='grc' dir='ltr'><strong><em>τῆς</em></strong></span> <span class='ocrx_word' id='word_1_104' title='bbox 1093 1516 1339 1605; x_wconf 87' lang='grc' dir='ltr'><strong><em>μητρὸς</em></strong></span> <span class='ocrx_word' id='word_1_105' title='bbox 1385 1519 1694 1604; x_wconf 79' lang='grc' dir='ltr'><strong><em>δεδομένη</em></strong></span> <span class='ocrx_word' id='word_1_106' title='bbox 1740 1510 1782 1605; x_wconf 79' lang='grc' dir='ltr'><em>ἢ</em></span> <span class='ocrx_word' id='word_1_107' title='bbox 1825 1518 2011 1601; x_wconf 89' lang='grc' dir='ltr'><strong><em>παρά</em></strong></span> <span class='ocrx_word' id='word_1_108' title='bbox 2039 1541 2218 1595; x_wconf 89' lang='grc' dir='ltr'><strong><em>τινος</em></strong></span> <span class='ocrx_word' id='word_1_109' title='bbox 2244 1522 2379 1584; x_wconf 82' lang='grc' dir='ltr'><strong><em>τῶν</em></strong></span> <span class='ocrx_word' id='word_1_110' title='bbox 2409 1519 2551 1599; x_wconf 69' lang='grc' dir='ltr'><strong><em>ἔξω,</em></strong></span> 
     </span>
     <span class='ocr_line' id='line_1_14' title="bbox 223 1613 2620 1706; baseline -0 -21"><span class='ocrx_word' id='word_1_111' title='bbox 223 1618 285 1685; x_wconf 78' lang='grc' dir='ltr'><strong><em>εἰ</em></strong></span> <span class='ocrx_word' id='word_1_112' title='bbox 323 1617 585 1706; x_wconf 82' lang='grc' dir='ltr'><strong><em>μὴ.ἂ’ρα</em></strong></span> <span class='ocrx_word' id='word_1_113' title='bbox 630 1614 802 1684; x_wconf 71' lang='grc' dir='ltr'><strong><em>οὕτω</em></strong></span> <span class='ocrx_word' id='word_1_114' title='bbox 847 1617 1032 1703; x_wconf 76' lang='grc' dir='ltr'><strong><em>παρὰ</em></strong></span> <span class='ocrx_word' id='word_1_115' title='bbox 1074 1622 1207 1684; x_wconf 78' lang='grc' dir='ltr'><strong><em>τῶν</em></strong></span> <span class='ocrx_word' id='word_1_116' title='bbox 1252 1617 1571 1684; x_wconf 88' lang='grc' dir='ltr'><strong><em>διδόντων</em></strong></span> <span class='ocrx_word' id='word_1_117' title='bbox 1636 1616 2161 1704; x_wconf 83' lang='grc' dir='ltr'><strong><em>συμπεφώνηται</em></strong></span> <span class='ocrx_word' id='word_1_118' title='bbox 2221 1615 2391 1686; x_wconf 74' lang='grc' dir='ltr'><strong><em>ὥστε</em></strong></span> <span class='ocrx_word' id='word_1_119' title='bbox 2436 1613 2556 1685; x_wconf 87' lang='grc' dir='ltr'><strong><em>αύ-</em></strong></span> <span class='ocrx_word' id='word_1_120' title='bbox 2613 1629 2620 1638; x_wconf 85' lang='grc'><em>“</em></span> 
     </span>
     <span class='ocr_line' id='line_1_15' title="bbox 220 1714 2556 1806; baseline 0.001 -22"><span class='ocrx_word' id='word_1_121' title='bbox 220 1718 339 1805; x_wconf 85' lang='grc' dir='ltr'><strong><em>τὴν</em></strong></span> <span class='ocrx_word' id='word_1_122' title='bbox 396 1715 954 1806; x_wconf 84' lang='grc' dir='ltr'><strong><em>ἀναστρέφεσθαι.</em></strong></span> <span class='ocrx_word' id='word_1_123' title='bbox 1046 1714 1214 1785; x_wconf 83' lang='grc' dir='ltr'><strong><em>ἀλλὰ</em></strong></span> <span class='ocrx_word' id='word_1_124' title='bbox 1270 1722 1377 1786; x_wconf 82' lang='grc' dir='ltr'><strong><em>καὶ</em></strong></span> <span class='ocrx_word' id='word_1_125' title='bbox 1437 1717 1480 1784; x_wconf 78' lang='grc' dir='ltr'>ἃ</span> <span class='ocrx_word' id='word_1_126' title='bbox 1535 1730 1680 1797; x_wconf 80' lang='grc' dir='ltr'><strong><em>τοῖς</em></strong></span> <span class='ocrx_word' id='word_1_127' title='bbox 1736 1722 1974 1785; x_wconf 86' lang='grc' dir='ltr'><strong><em>παισὶν</em></strong></span> <span class='ocrx_word' id='word_1_128' title='bbox 2017 1720 2081 1784; x_wconf 77' lang='grc' dir='ltr'><strong><em>οἱ</em></strong></span> <span class='ocrx_word' id='word_1_129' title='bbox 2127 1726 2408 1804; x_wconf 84' lang='grc' dir='ltr'><strong><em>πατέρες</em></strong></span> <span class='ocrx_word' id='word_1_130' title='bbox 2452 1720 2556 1786; x_wconf 89' lang='grc' dir='ltr'><strong><em>δι-</em></strong></span> 
     </span>
     <span class='ocr_line' id='line_1_16' title="bbox 225 1814 2554 1907; baseline 0 -23"><span class='ocrx_word' id='word_1_131' title='bbox 225 1819 455 1885; x_wconf 89' lang='grc' dir='ltr'><strong><em>δόασιν</em></strong></span> <span class='ocrx_word' id='word_1_132' title='bbox 499 1816 635 1902; x_wconf 78' lang='grc' dir='ltr'><strong><em>ἅμα</em></strong></span> <span class='ocrx_word' id='word_1_133' title='bbox 678 1823 771 1906; x_wconf 76' lang='grc' dir='ltr'><strong><em>τῷ</em></strong></span> <span class='ocrx_word' id='word_1_134' title='bbox 817 1814 1150 1907; x_wconf 73' lang='grc' dir='ltr'><strong><em>ἀφεῖσθαι</em></strong></span> <span class='ocrx_word' id='word_1_135' title='bbox 1192 1823 1309 1906; x_wconf 85' lang='grc' dir='ltr'><strong><em>τῆς</em></strong></span> <span class='ocrx_word' id='word_1_136' title='bbox 1354 1818 1672 1899; x_wconf 78' lang='grc' dir='ltr'><strong><em>ἐξουσίας,</em></strong></span> <span class='ocrx_word' id='word_1_137' title='bbox 1719 1821 1824 1885; x_wconf 79' lang='grc' dir='ltr'><strong><em>καὶ</em></strong></span> <span class='ocrx_word' id='word_1_138' title='bbox 1871 1824 2079 1886; x_wconf 83' lang='grc' dir='ltr'><strong><em>ταῦτα</em></strong></span> <span class='ocrx_word' id='word_1_139' title='bbox 2120 1831 2265 1898; x_wconf 88' lang='grc' dir='ltr'><strong><em>τοῖς</em></strong></span> <span class='ocrx_word' id='word_1_140' title='bbox 2308 1822 2554 1904; x_wconf 79' lang='grc' dir='ltr'><strong><em>λαβοῦ-</em></strong></span> 
     </span>
     <span class='ocr_line' id='line_1_17' title="bbox 225 1916 2550 2006; baseline -0 -19"><span class='ocrx_word' id='word_1_141' title='bbox 225 1944 331 1987; x_wconf 85' lang='grc' dir='ltr'><strong><em>σιν</em></strong></span> <span class='ocrx_word' id='word_1_142' title='bbox 388 1916 798 2006; x_wconf 86' lang='grc' dir='ltr'><strong><em>ἀναφαίρετα</em></strong></span> <span class='ocrx_word' id='word_1_143' title='bbox 850 1926 1069 2003; x_wconf 89' lang='grc' dir='ltr'><strong><em>μένειν</em></strong></span> <span class='ocrx_word' id='word_1_144' title='bbox 1125 1920 1717 2005; x_wconf 87' lang='grc' dir='ltr'><strong><em>παρακελεύονται,</em></strong></span> <span class='ocrx_word' id='word_1_145' title='bbox 1775 1923 1881 1986; x_wconf 79' lang='grc' dir='ltr'><strong><em>καὶ</em></strong></span> <span class='ocrx_word' id='word_1_146' title='bbox 1944 1926 2392 1986; x_wconf 78' lang='grc' dir='ltr'><strong><em>συνίστασθαι</em></strong></span> <span class='ocrx_word' id='word_1_147' title='bbox 2448 1916 2550 1986; x_wconf 76' lang='grc' dir='ltr'><strong><em>ἐπ’</em></strong></span> 
     </span>
     <span class='ocr_line' id='line_1_18' title="bbox 224 2015 2555 2107; baseline 0 -22"><span class='ocrx_word' id='word_1_148' title='bbox 224 2015 450 2098; x_wconf 72' lang='grc' dir='ltr'><strong><em>αὐτοῖς</em></strong></span> <span class='ocrx_word' id='word_1_149' title='bbox 494 2021 837 2106; x_wconf 85' lang='grc' dir='ltr'><strong><em>διαθήκας,</em></strong></span> <span class='ocrx_word' id='word_1_150' title='bbox 895 2021 953 2087; x_wconf 80' lang='grc' dir='ltr'><strong><em>εἰ</em></strong></span> <span class='ocrx_word' id='word_1_151' title='bbox 994 2020 1082 2107; x_wconf 84' lang='grc' dir='ltr'><strong><em>μὴ</em></strong></span> <span class='ocrx_word' id='word_1_152' title='bbox 1130 2020 1490 2107; x_wconf 83' lang='grc' dir='ltr'><strong><em>συμφώνου</em></strong></span> <span class='ocrx_word' id='word_1_153' title='bbox 1531 2020 1801 2104; x_wconf 82' lang='grc' dir='ltr'><strong><em>κώλυμα</em></strong></span> <span class='ocrx_word' id='word_1_154' title='bbox 1845 2023 2025 2107; x_wconf 84' lang='grc' dir='ltr'><strong><em>παρῇ</em></strong></span> <span class='ocrx_word' id='word_1_155' title='bbox 2071 2020 2140 2086; x_wconf 78' lang='grc' dir='ltr'><strong><em>ἐν</em></strong></span> <span class='ocrx_word' id='word_1_156' title='bbox 2181 2024 2274 2106; x_wconf 79' lang='grc' dir='ltr'><strong><em>τῷ</em></strong></span> <span class='ocrx_word' id='word_1_157' title='bbox 2321 2021 2555 2105; x_wconf 87' lang='grc' dir='ltr'><strong><em>δωρεῖ-</em></strong></span> 
     </span>
     <span class='ocr_line' id='line_1_19' title="bbox 225 2122 1460 2206; baseline -0.002 -18"><span class='ocrx_word' id='word_1_158' title='bbox 225 2127 395 2188; x_wconf 93' lang='grc' dir='ltr'><strong><em>σθαι</em></strong></span> <span class='ocrx_word' id='word_1_159' title='bbox 438 2122 551 2188; x_wconf 87' lang='grc' dir='ltr'><strong><em>τὸν</em></strong></span> <span class='ocrx_word' id='word_1_160' title='bbox 596 2127 854 2204; x_wconf 85' lang='grc' dir='ltr'><strong><em>πατέρα</em></strong></span> <span class='ocrx_word' id='word_1_161' title='bbox 896 2126 1330 2206; x_wconf 84' lang='grc' dir='ltr'><strong><em>γεγενημένον.</em></strong></span> <span class='ocrx_word' id='word_1_162' title='bbox 1449 2132 1460 2139; x_wconf 85' lang='grc'><strong><em>’</em></strong></span> 
     </span>
    </p>

    <p class='ocr_par' dir='ltr' id='par_1_5' title="bbox 227 2213 2557 2408">
     <span class='ocr_line' id='line_1_20' title="bbox 400 2213 2557 2308; baseline 0 -21"><span class='ocrx_word' id='word_1_163' title='bbox 400 2220 677 2301; x_wconf 88' lang='grc' dir='ltr'><strong><em>Τούτοις</em></strong></span> <span class='ocrx_word' id='word_1_164' title='bbox 731 2213 845 2288; x_wconf 74' lang='grc' dir='ltr'><strong><em>οὖν</em></strong></span> <span class='ocrx_word' id='word_1_165' title='bbox 901 2224 1005 2288; x_wconf 85' lang='grc' dir='ltr'><strong><em>καὶ</em></strong></span> <span class='ocrx_word' id='word_1_166' title='bbox 1067 2217 1256 2308; x_wconf 78' lang='grc' dir='ltr'><strong><em>ἡμεῖς</em></strong></span> <span class='ocrx_word' id='word_1_167' title='bbox 1311 2217 1921 2306; x_wconf 83' lang='grc' dir='ltr'><strong><em>ὖμογνωμονοῦντες</em></strong></span> <span class='ocrx_word' id='word_1_168' title='bbox 1977 2220 2256 2287; x_wconf 74' lang='grc' dir='ltr'><strong><em>εἰδέναιο</em></strong></span> <span class='ocrx_word' id='word_1_169' title='bbox 2299 2219 2557 2300; x_wconf 83' lang='grc' dir='ltr'><strong><em>πάντας</em></strong></span> 
     </span>
     <span class='ocr_line' id='line_1_21' title="bbox 227 2315 2556 2408; baseline 0 -19"><span class='ocrx_word' id='word_1_170' title='bbox 227 2321 777 2407; x_wconf 81' lang='grc' dir='ltr'><strong><em>παρεγγυώμεθα,</em></strong></span> <span class='ocrx_word' id='word_1_171' title='bbox 825 2318 915 2401; x_wconf 76' lang='grc' dir='ltr'><strong><em>(ὃς</em></strong></span> <span class='ocrx_word' id='word_1_172' title='bbox 959 2321 1017 2390; x_wconf 73' lang='grc' dir='ltr'><strong><em>εἰ</em></strong></span> <span class='ocrx_word' id='word_1_173' title='bbox 1046 2333 1212 2401; x_wconf 81' lang='grc' dir='ltr'><strong><em>παῖς</em></strong></span> <span class='ocrx_word' id='word_1_174' title='bbox 1242 2322 1415 2406; x_wconf 87' lang='grc' dir='ltr'><strong><em>πρὸς</em></strong></span> <span class='ocrx_word' id='word_1_175' title='bbox 1444 2317 1993 2405; x_wconf 78' lang='grc' dir='ltr'><strong><em>αὖτεξουσιότητα</em></strong></span> <span class='ocrx_word' id='word_1_176' title='bbox 2024 2315 2378 2408; x_wconf 79' lang='grc' dir='ltr'><strong><em>ἀφειμένος</em></strong></span> <span class='ocrx_word' id='word_1_177' title='bbox 2408 2320 2556 2389; x_wconf 74' lang='grc' dir='ltr'><strong><em>ὅτε·</em></strong></span> 
     </span>
    </p>
   </div>
   <div class='ocr_carea' id='block_1_5' title="bbox 100 2419 2555 2513">
    <p class='ocr_par' dir='ltr' id='par_1_6' title="bbox 100 2419 2555 2513">
     <span class='ocr_line' id='line_1_22' title="bbox 100 2419 2555 2513; baseline 0 -23"><span class='ocrx_word' id='word_1_178' title='bbox 100 2496 109 2505; x_wconf 51' lang='grc'><strong><em>,</em></strong></span> <span class='ocrx_word' id='word_1_179' title='bbox 224 2448 376 2502; x_wconf 85' lang='grc' dir='ltr'><strong><em>κνος</em></strong></span> <span class='ocrx_word' id='word_1_180' title='bbox 421 2419 512 2490; x_wconf 75' lang='grc' dir='ltr'><strong><em>ὢν</em></strong></span> <span class='ocrx_word' id='word_1_181' title='bbox 559 2423 897 2512; x_wconf 86' lang='grc' dir='ltr'><strong><em>διάθηται,</em></strong></span> <span class='ocrx_word' id='word_1_182' title='bbox 948 2423 1161 2491; x_wconf 74' lang='grc' dir='ltr'><strong><em>ἐκεῖνα</em></strong></span> <span class='ocrx_word' id='word_1_183' title='bbox 1203 2423 1376 2508; x_wconf 86' lang='grc' dir='ltr'><strong><em>μόνα</em></strong></span> <span class='ocrx_word' id='word_1_184' title='bbox 1420 2423 1753 2513; x_wconf 83' lang='grc' dir='ltr'><strong><em>λήψονται</em></strong></span> <span class='ocrx_word' id='word_1_185' title='bbox 1782 2422 1848 2489; x_wconf 81' lang='grc' dir='ltr'><strong><em>οἱ</em></strong></span> <span class='ocrx_word' id='word_1_186' title='bbox 1875 2433 2107 2508; x_wconf 86' lang='grc' dir='ltr'><strong><em>γονεῖς,</em></strong></span> <span class='ocrx_word' id='word_1_187' title='bbox 2155 2421 2198 2490; x_wconf 77' lang='grc' dir='ltr'>ἃ</span> <span class='ocrx_word' id='word_1_188' title='bbox 2228 2423 2413 2508; x_wconf 83' lang='grc' dir='ltr'><strong><em>παρὰ</em></strong></span> <span class='ocrx_word' id='word_1_189' title='bbox 2440 2422 2555 2491; x_wconf 86' lang='grc' dir='ltr'><strong><em>τὸν</em></strong></span> 
     </span>
    </p>
   </div>
   <div class='ocr_carea' id='block_1_6' title="bbox 222 2520 2561 3821">
    <p class='ocr_par' dir='ltr' id='par_1_7' title="bbox 222 2520 2561 3821">
     <span class='ocr_line' id='line_1_23' title="bbox 226 2520 2554 2614; baseline 0 -23"><span class='ocrx_word' id='word_1_190' title='bbox 226 2525 427 2608; x_wconf 90' lang='grc' dir='ltr'><strong><em>νόμον</em></strong></span> <span class='ocrx_word' id='word_1_191' title='bbox 481 2526 724 2614; x_wconf 81' lang='grc' dir='ltr'><strong><em>δηλαδὴ</em></strong></span> <span class='ocrx_word' id='word_1_192' title='bbox 780 2525 896 2592; x_wconf 84' lang='grc' dir='ltr'><strong><em>τὸν</em></strong></span> <span class='ocrx_word' id='word_1_193' title='bbox 951 2527 1359 2613; x_wconf 73' lang='grc' dir='ltr'><strong><em>φαλκίδιονὀ</em></strong></span> <span class='ocrx_word' id='word_1_194' title='bbox 1416 2526 1511 2604; x_wconf 73' lang='grc' dir='ltr'><strong><em>εἰς</em></strong></span> <span class='ocrx_word' id='word_1_195' title='bbox 1566 2520 1802 2604; x_wconf 78' lang='grc' dir='ltr'><strong><em>αὐτοὺς</em></strong></span> <span class='ocrx_word' id='word_1_196' title='bbox 1858 2524 2141 2609; x_wconf 72' lang='grc' dir='ltr'><strong><em>ἔρχεται,</em></strong></span> <span class='ocrx_word' id='word_1_197' title='bbox 2204 2524 2412 2612; x_wconf 79' lang='grc' dir='ltr'><strong><em>ἄνπερ</em></strong></span> <span class='ocrx_word' id='word_1_198' title='bbox 2465 2525 2554 2612; x_wconf 87' lang='grc' dir='ltr'><strong><em>μὴ</em></strong></span> 
     </span>
     <span class='ocr_line' id='line_1_24' title="bbox 228 2623 2556 2715; baseline 0.001 -25"><span class='ocrx_word' id='word_1_199' title='bbox 228 2625 582 2712; x_wconf 80' lang='grc' dir='ltr'><strong><em>σύμφωνον</em></strong></span> <span class='ocrx_word' id='word_1_200' title='bbox 626 2625 861 2715; x_wconf 84' lang='grc' dir='ltr'><strong><em>φθάσῃ</em></strong></span> <span class='ocrx_word' id='word_1_201' title='bbox 908 2626 1305 2712; x_wconf 85' lang='grc' dir='ltr'><strong><em>προγεγονὸς</em></strong></span> <span class='ocrx_word' id='word_1_202' title='bbox 1349 2623 1576 2710; x_wconf 72' lang='grc' dir='ltr'><strong><em>ὥσπερ</em></strong></span> <span class='ocrx_word' id='word_1_203' title='bbox 1623 2626 2006 2710; x_wconf 70' lang='grc' dir='ltr'><strong><em>ἔμπροσθεν</em></strong></span> <span class='ocrx_word' id='word_1_204' title='bbox 2051 2626 2324 2714; x_wconf 77' lang='grc' dir='ltr'><strong><em>εἴρηται,</em></strong></span> <span class='ocrx_word' id='word_1_205' title='bbox 2373 2627 2438 2692; x_wconf 78' lang='grc' dir='ltr'><strong><em>οἱ</em></strong></span> <span class='ocrx_word' id='word_1_206' title='bbox 2483 2628 2556 2692; x_wconf 79' lang='grc' dir='ltr'><strong><em>δὲ</em></strong></span> 
     </span>
     <span class='ocr_line' id='line_1_25' title="bbox 227 2723 2553 2812; baseline 0 -21"><span class='ocrx_word' id='word_1_207' title='bbox 227 2728 454 2792; x_wconf 85' lang='grc' dir='ltr'><strong><em>λοιποὶ</em></strong></span> <span class='ocrx_word' id='word_1_208' title='bbox 502 2739 829 2812; x_wconf 85' lang='grc' dir='ltr'><strong><em>συγγενεῖς</em></strong></span> <span class='ocrx_word' id='word_1_209' title='bbox 873 2723 1063 2793; x_wconf 79' lang='grc' dir='ltr'><strong><em>οὐδὲν</em></strong></span> <span class='ocrx_word' id='word_1_210' title='bbox 1108 2728 1468 2807; x_wconf 83' lang='grc' dir='ltr'><strong><em>παντελῶς,</em></strong></span> <span class='ocrx_word' id='word_1_211' title='bbox 1517 2728 1575 2793; x_wconf 87' lang='grc' dir='ltr'><strong><em>εἰ</em></strong></span> <span class='ocrx_word' id='word_1_212' title='bbox 1610 2729 1719 2793; x_wconf 82' lang='grc' dir='ltr'><strong><em>καὶ</em></strong></span> <span class='ocrx_word' id='word_1_213' title='bbox 1752 2723 2182 2806; x_wconf 84' lang='grc' dir='ltr'><strong><em>ἀδιαθέτως”</em></strong></span> <span class='ocrx_word' id='word_1_214' title='bbox 2227 2730 2553 2807; x_wconf 86' lang='grc' dir='ltr'><strong><em>καλοῖντο,</em></strong></span> 
     </span>
     <span class='ocr_line' id='line_1_26' title="bbox 231 2822 2556 2915; baseline 0.002 -23"><span class='ocrx_word' id='word_1_215' title='bbox 231 2823 321 2905; x_wconf 81' lang='grc' dir='ltr'><strong><em>ὥς</em></strong></span> <span class='ocrx_word' id='word_1_216' title='bbox 377 2827 462 2893; x_wconf 86' lang='grc' dir='ltr'><strong><em>τὰ</em></strong></span> <span class='ocrx_word' id='word_1_217' title='bbox 516 2834 671 2910; x_wconf 81' lang='grc' dir='ltr'><strong><em>περὶ</em></strong></span> <span class='ocrx_word' id='word_1_218' title='bbox 728 2832 845 2915; x_wconf 85' lang='grc' dir='ltr'><strong><em>τῆς</em></strong></span> <span class='ocrx_word' id='word_1_219' title='bbox 898 2822 1273 2905; x_wconf 85' lang='grc' dir='ltr'><strong><em>ἀναδόσεως</em></strong></span> <span class='ocrx_word' id='word_1_220' title='bbox 1324 2828 1999 2912; x_wconf 87' lang='grc' dir='ltr'><strong><em>καταπεφρονηκότες.</em></strong></span> <span class='ocrx_word' id='word_1_221' title='bbox 2088 2833 2194 2896; x_wconf 85' lang='grc' dir='ltr'><strong><em>καὶ</em></strong></span> <span class='ocrx_word' id='word_1_222' title='bbox 2240 2833 2436 2895; x_wconf 81' lang='grc' dir='ltr'><strong><em>τοῦτο</em></strong></span> <span class='ocrx_word' id='word_1_223' title='bbox 2483 2831 2556 2896; x_wconf 81' lang='grc' dir='ltr'><strong><em>δὲ</em></strong></span> 
     </span>
     <span class='ocr_line' id='line_1_27' title="bbox 228 2923 2558 3015; baseline 0 -22"><span class='ocrx_word' id='word_1_224' title='bbox 228 2926 415 3006; x_wconf 73' lang='grc' dir='ltr'><strong><em>ἄξιον</em></strong></span> <span class='ocrx_word' id='word_1_225' title='bbox 476 2926 1052 3012; x_wconf 78' lang='grc' dir='ltr'><strong><em>ἐπισημήνασθαι,</em></strong></span> <span class='ocrx_word' id='word_1_226' title='bbox 1112 2923 1202 3004; x_wconf 83' lang='grc' dir='ltr'><strong><em>ώς</em></strong></span> <span class='ocrx_word' id='word_1_227' title='bbox 1255 2927 1439 3012; x_wconf 82' lang='grc' dir='ltr'><strong><em>μόνῳ</em></strong></span> <span class='ocrx_word' id='word_1_228' title='bbox 1497 2925 1722 3011; x_wconf 75' lang='grc' dir='ltr'><strong><em>ι’ίῤῥενι</em></strong></span> <span class='ocrx_word' id='word_1_229' title='bbox 1773 2926 2119 3015; x_wconf 83' lang='grc' dir='ltr'><strong><em>προσώπῳ</em></strong></span> <span class='ocrx_word' id='word_1_230' title='bbox 2163 2926 2558 3010; x_wconf 83' lang='grc' dir='ltr'><strong><em>ὖπεξούσιος</em></strong></span> 
     </span>
     <span class='ocr_line' id='line_1_28' title="bbox 222 3021 2559 3112; baseline 0.002 -22"><span class='ocrx_word' id='word_1_231' title='bbox 222 3027 606 3112; x_wconf 79' lang='grc' dir='ltr'><strong><em>χρηματίζει</em></strong></span> <span class='ocrx_word' id='word_1_232' title='bbox 662 3021 698 3089; x_wconf 84' lang='grc' dir='ltr'><em>ὃ</em></span> <span class='ocrx_word' id='word_1_233' title='bbox 756 3036 936 3102; x_wconf 90' lang='grc' dir='ltr'><strong><em>παῖς.</em></strong></span> <span class='ocrx_word' id='word_1_234' title='bbox 1027 3025 1255 3110; x_wconf 76' lang='grc' dir='ltr'><strong><em>ἐπειδὴ</em></strong></span> <span class='ocrx_word' id='word_1_235' title='bbox 1316 3027 1387 3092; x_wconf 79' lang='grc' dir='ltr'><strong><em>δὲ</em></strong></span> <span class='ocrx_word' id='word_1_236' title='bbox 1443 3024 1615 3108; x_wconf 87' lang='grc' dir='ltr'><strong><em>πρὸς</em></strong></span> <span class='ocrx_word' id='word_1_237' title='bbox 1669 3036 1813 3103; x_wconf 83' lang='grc' dir='ltr'><strong><em>τοῖς</em></strong></span> <span class='ocrx_word' id='word_1_238' title='bbox 1857 3024 2084 3105; x_wconf 72' lang='grc' dir='ltr'><strong><em>ἄλλοις</em></strong></span> <span class='ocrx_word' id='word_1_239' title='bbox 2127 3029 2407 3112; x_wconf 90' lang='grc' dir='ltr'><strong><em>τρόποις</em></strong></span> <span class='ocrx_word' id='word_1_240' title='bbox 2448 3032 2559 3095; x_wconf 84' lang='grc' dir='ltr'><strong><em>καὶ</em></strong></span> 
     </span>
     <span class='ocr_line' id='line_1_29' title="bbox 228 3118 2560 3213; baseline 0 -19"><span class='ocrx_word' id='word_1_241' title='bbox 228 3118 424 3204; x_wconf 81' lang='grc' dir='ltr'><strong><em>οὗτος</em></strong></span> <span class='ocrx_word' id='word_1_242' title='bbox 467 3125 711 3191; x_wconf 76' lang='grc' dir='ltr'><strong><em>ἐδείκνυ</em></strong></span> <span class='ocrx_word' id='word_1_243' title='bbox 755 3123 871 3191; x_wconf 87' lang='grc' dir='ltr'><strong><em>τὸν</em></strong></span> <span class='ocrx_word' id='word_1_244' title='bbox 914 3125 1131 3191; x_wconf 89' lang='grc' dir='ltr'><strong><em>παῖδα</em></strong></span> <span class='ocrx_word' id='word_1_245' title='bbox 1176 3122 1615 3204; x_wconf 79' lang='grc' dir='ltr'><strong><em>αὐτεξούσιον,</em></strong></span> <span class='ocrx_word' id='word_1_246' title='bbox 1666 3126 1730 3191; x_wconf 75' lang='grc' dir='ltr'><strong><em>εἴ</em></strong></span> <span class='ocrx_word' id='word_1_247' title='bbox 1769 3149 1843 3210; x_wconf 91' lang='grc' dir='ltr'><strong><em>γε</em></strong></span> <span class='ocrx_word' id='word_1_248' title='bbox 1870 3129 1977 3191; x_wconf 84' lang='grc' dir='ltr'><strong><em>καὶ</em></strong></span> <span class='ocrx_word' id='word_1_249' title='bbox 1994 3130 2036 3161; x_wconf 81' lang='grc'>”</span> <span class='ocrx_word' id='word_1_250' title='bbox 2079 3124 2114 3191; x_wconf 83' lang='grc' dir='ltr'><em>ὃ</em></span> <span class='ocrx_word' id='word_1_251' title='bbox 2143 3127 2259 3212; x_wconf 86' lang='grc' dir='ltr'><strong><em>τὴν</em></strong></span> <span class='ocrx_word' id='word_1_252' title='bbox 2291 3129 2560 3213; x_wconf 77' lang='grc' dir='ltr'><strong><em>ἐπιτρο-</em></strong></span> 
     </span>
     <span class='ocr_line' id='line_1_30' title="bbox 228 3222 2561 3316; baseline -0.001 -21"><span class='ocrx_word' id='word_1_253' title='bbox 228 3227 365 3316; x_wconf 83' lang='grc' dir='ltr'><strong><em>πὴν</em></strong></span> <span class='ocrx_word' id='word_1_254' title='bbox 407 3227 954 3312; x_wconf 75' lang='grc' dir='ltr'><strong><em>ἐγκεχειρισμένος</em></strong></span> <span class='ocrx_word' id='word_1_255' title='bbox 997 3225 1155 3299; x_wconf 75' lang='grc' dir='ltr'><strong><em>(εἴτε</em></strong></span> <span class='ocrx_word' id='word_1_256' title='bbox 1198 3225 1416 3313; x_wconf 79' lang='grc' dir='ltr'><strong><em>πατήρ</em></strong></span> <span class='ocrx_word' id='word_1_257' title='bbox 1465 3226 1564 3312; x_wconf 74' lang='grc' dir='ltr'><strong><em>εἵη</em></strong></span> <span class='ocrx_word' id='word_1_258' title='bbox 1589 3227 1629 3260; x_wconf 80' lang='lat'><strong><em>¹³</em></strong></span> <span class='ocrx_word' id='word_1_259' title='bbox 1672 3227 1805 3292; x_wconf 81' lang='grc' dir='ltr'><strong><em>ε’ίτε</em></strong></span> <span class='ocrx_word' id='word_1_260' title='bbox 1849 3225 2246 3312; x_wconf 88' lang='grc' dir='ltr'><strong><em>προπάτωρ)</em></strong></span> <span class='ocrx_word' id='word_1_261' title='bbox 2276 3227 2354 3292; x_wconf 88' lang='grc' dir='ltr'><strong><em>τὸ</em></strong></span> <span class='ocrx_word' id='word_1_262' title='bbox 2386 3222 2561 3292; x_wconf 84' lang='grc' dir='ltr'><strong><em>ἀπό-</em></strong></span> 
     </span>
     <span class='ocr_line' id='line_1_31' title="bbox 229 3322 2560 3414; baseline 0 -20"><span class='ocrx_word' id='word_1_263' title='bbox 229 3331 422 3396; x_wconf 87' lang='grc' dir='ltr'><strong><em>λυτον</em></strong></span> <span class='ocrx_word' id='word_1_264' title='bbox 481 3322 658 3413; x_wconf 77' lang='grc' dir='ltr'><strong><em>αύτῷ</em></strong></span> <span class='ocrx_word' id='word_1_265' title='bbox 714 3327 932 3413; x_wconf 83' lang='grc' dir='ltr'><strong><em>οἰκείῳ</em></strong></span> <span class='ocrx_word' id='word_1_266' title='bbox 990 3326 1272 3412; x_wconf 90' lang='grc' dir='ltr'><strong><em>στόματι</em></strong></span> <span class='ocrx_word' id='word_1_267' title='bbox 1317 3327 1657 3411; x_wconf 76' lang='grc' dir='ltr'><strong><em>ἐδωρεῖτο,</em></strong></span> <span class='ocrx_word' id='word_1_268' title='bbox 1721 3322 1911 3414; x_wconf 80' lang='grc' dir='ltr'><strong><em>ἡμεῖς</em></strong></span> <span class='ocrx_word' id='word_1_269' title='bbox 1951 3330 2058 3393; x_wconf 81' lang='grc' dir='ltr'><strong><em>καὶ</em></strong></span> <span class='ocrx_word' id='word_1_270' title='bbox 2103 3331 2299 3395; x_wconf 84' lang='grc' dir='ltr'><strong><em>τοῦτο</em></strong></span> <span class='ocrx_word' id='word_1_271' title='bbox 2346 3351 2560 3414; x_wconf 91' lang='grc' dir='ltr'><strong><em>προσ-</em></strong></span> 
     </span>
     <span class='ocr_line' id='line_1_32' title="bbox 231 3424 2554 3518; baseline 0 -22"><span class='ocrx_word' id='word_1_272' title='bbox 231 3428 781 3512; x_wconf 85' lang='grc' dir='ltr'><strong><em>επισυνάπτομεν,</em></strong></span> <span class='ocrx_word' id='word_1_273' title='bbox 831 3424 921 3507; x_wconf 80' lang='grc' dir='ltr'><strong><em>ὥς</em></strong></span> <span class='ocrx_word' id='word_1_274' title='bbox 965 3428 1023 3495; x_wconf 81' lang='grc' dir='ltr'><strong><em>εἰ</em></strong></span> <span class='ocrx_word' id='word_1_275' title='bbox 1057 3428 1229 3514; x_wconf 86' lang='grc' dir='ltr'><strong><em>πρὸς</em></strong></span> <span class='ocrx_word' id='word_1_276' title='bbox 1258 3427 1581 3515; x_wconf 80' lang='grc' dir='ltr'><strong><em>διαγωγὴν</em></strong></span> <span class='ocrx_word' id='word_1_277' title='bbox 1614 3428 2271 3513; x_wconf 79' lang='grc' dir='ltr'><strong><em>ι’διογνωμονοῦσαν“</em></strong></span> <span class='ocrx_word' id='word_1_278' title='bbox 2304 3425 2554 3518; x_wconf 79' lang='grc' dir='ltr'><strong><em>ὀφθείη</em></strong></span> 
     </span>
     <span class='ocr_line' id='line_1_33' title="bbox 229 3520 2558 3619; baseline 0.001 -26"><span class='ocrx_word' id='word_1_279' title='bbox 229 3530 430 3614; x_wconf 86' lang='grc' dir='ltr'><strong><em>μόνον</em></strong></span> <span class='ocrx_word' id='word_1_280' title='bbox 487 3526 522 3593; x_wconf 86' lang='grc' dir='ltr'>ὁ</span> <span class='ocrx_word' id='word_1_281' title='bbox 580 3540 746 3607; x_wconf 82' lang='grc' dir='ltr'><strong><em>παῖς</em></strong></span> <span class='ocrx_word' id='word_1_282' title='bbox 797 3529 1125 3608; x_wconf 89' lang='grc' dir='ltr'><strong><em>καταστάς</em></strong></span> <span class='ocrx_word' id='word_1_283' title='bbox 1183 3527 1288 3609; x_wconf 76' lang='grc' dir='ltr'><strong><em>(ἄν</em></strong></span> <span class='ocrx_word' id='word_1_284' title='bbox 1342 3554 1414 3596; x_wconf 91' lang='grc' dir='ltr'><strong><em>τε</em></strong></span> <span class='ocrx_word' id='word_1_285' title='bbox 1465 3528 1726 3617; x_wconf 81' lang='grc' dir='ltr'><strong><em>γλώσσῃ</em></strong></span> <span class='ocrx_word' id='word_1_286' title='bbox 1773 3534 1970 3595; x_wconf 87' lang='grc' dir='ltr'><strong><em>τοῦτο</em></strong></span> <span class='ocrx_word' id='word_1_287' title='bbox 2017 3526 2434 3619; x_wconf 75' lang='grc' dir='ltr'><strong><em>ὡμολόγηται</em></strong></span> <span class='ocrx_word' id='word_1_288' title='bbox 2479 3520 2558 3596; x_wconf 77' lang='grc' dir='ltr'><strong><em>οὗ</em></strong></span> 
     </span>
     <span class='ocr_line' id='line_1_34' title="bbox 228 3625 2559 3718; baseline 0.001 -23"><span class='ocrx_word' id='word_1_289' title='bbox 228 3625 340 3695; x_wconf 74' lang='grc' dir='ltr'><strong><em>ὑπ’</em></strong></span> <span class='ocrx_word' id='word_1_290' title='bbox 390 3629 690 3709; x_wconf 74' lang='grc' dir='ltr'><strong><em>ἐξουσίαν</em></strong></span> <span class='ocrx_word' id='word_1_291' title='bbox 735 3628 956 3709; x_wconf 76' lang='grc' dir='ltr'><strong><em>ἐτέλει,</em></strong></span> <span class='ocrx_word' id='word_1_292' title='bbox 1006 3628 1214 3697; x_wconf 61' lang='lat' dir='ltr'><strong><em>‘&#39;ivre-:¹³</em></strong></span> <span class='ocrx_word' id='word_1_293' title='bbox 1255 3632 1522 3715; x_wconf 83' lang='grc' dir='ltr'><strong><em>γλῶσσα</em></strong></span> <span class='ocrx_word' id='word_1_294' title='bbox 1563 3633 1683 3714; x_wconf 79' lang='grc' dir='ltr'><strong><em>μὲν</em></strong></span> <span class='ocrx_word' id='word_1_295' title='bbox 1730 3625 1804 3696; x_wconf 79' lang='grc' dir='ltr'><strong><em>οὗ</em></strong></span> <span class='ocrx_word' id='word_1_296' title='bbox 1851 3638 2141 3718; x_wconf 88' lang='grc' dir='ltr'><strong><em>παρέσχε</em></strong></span> <span class='ocrx_word' id='word_1_297' title='bbox 2173 3638 2390 3711; x_wconf 84' lang='grc' dir='ltr'><strong><em>τοῦτο,</em></strong></span> <span class='ocrx_word' id='word_1_298' title='bbox 2439 3630 2559 3698; x_wconf 73' lang='grc' dir='ltr'><strong><em>ἀλ-</em></strong></span> 
     </span>
     <span class='ocr_line' id='line_1_35' title="bbox 233 3727 2558 3821; baseline 0.002 -26"><span class='ocrx_word' id='word_1_299' title='bbox 233 3731 362 3809; x_wconf 87' lang='grc' dir='ltr'><strong><em>λως</em></strong></span> <span class='ocrx_word' id='word_1_300' title='bbox 405 3731 445 3796; x_wconf 87' lang='grc' dir='ltr'><strong><em>δ</em></strong></span> <span class='ocrx_word' id='word_1_301' title='bbox 491 3732 533 3764; x_wconf 77' lang='lat'><strong><em>¹⁶</em></strong></span> <span class='ocrx_word' id='word_1_302' title='bbox 573 3729 792 3818; x_wconf 88' lang='grc' dir='ltr'><strong><em>γνώμη</em></strong></span> <span class='ocrx_word' id='word_1_303' title='bbox 838 3735 1169 3798; x_wconf 83' lang='grc' dir='ltr'><strong><em>σιωπῶσα</em></strong></span> <span class='ocrx_word' id='word_1_304' title='bbox 1211 3734 1316 3797; x_wconf 81' lang='grc' dir='ltr'><strong><em>καὶ</em></strong></span> <span class='ocrx_word' id='word_1_305' title='bbox 1365 3731 1551 3810; x_wconf 81' lang='grc' dir='ltr'><strong><em>ἰδίως</em></strong></span> <span class='ocrx_word' id='word_1_306' title='bbox 1593 3731 2054 3821; x_wconf 82' lang='grc' dir='ltr'><strong><em>ῥυθμιζομένῳ</em></strong></span> <span class='ocrx_word' id='word_1_307' title='bbox 2085 3738 2180 3820; x_wconf 81' lang='grc' dir='ltr'><strong><em>τῷ</em></strong></span> <span class='ocrx_word' id='word_1_308' title='bbox 2212 3734 2412 3800; x_wconf 85' lang='grc' dir='ltr'><strong><em>παιδὶ</em></strong></span> <span class='ocrx_word' id='word_1_309' title='bbox 2441 3727 2558 3799; x_wconf 85' lang='grc' dir='ltr'><strong><em>ούκ</em></strong></span> 
     </span>
    </p>
   </div>
   <div class='ocr_carea' id='block_1_7' title="bbox 230 4012 2558 4254">
    <p class='ocr_par' dir='ltr' id='par_1_8' title="bbox 230 4012 2558 4254">
     <span class='ocr_line' id='line_1_36' title="bbox 363 4012 2556 4086; baseline 0.001 -20"><span class='ocrx_word' id='word_1_310' title='bbox 363 4015 386 4044; x_wconf 78' lang='lat'><strong>⁹</strong></span> <span class='ocrx_word' id='word_1_311' title='bbox 420 4019 518 4067; x_wconf 79' lang='lat' dir='ltr'><strong>lnc.</strong></span> <span class='ocrx_word' id='word_1_312' title='bbox 554 4018 745 4080; x_wconf 77' lang='lat' dir='ltr'><strong>Ecloga.</strong></span> <span class='ocrx_word' id='word_1_313' title='bbox 880 4017 918 4045; x_wconf 82' lang='lat'><strong><em>¹⁰</em></strong></span> <span class='ocrx_word' id='word_1_314' title='bbox 951 4019 1052 4070; x_wconf 81' lang='lat' dir='ltr'><strong>Eel.</strong></span> <span class='ocrx_word' id='word_1_315' title='bbox 1087 4013 1243 4086; x_wconf 76' lang='grc' dir='ltr'><strong><em>παρὰ</em></strong></span> <span class='ocrx_word' id='word_1_316' title='bbox 1275 4017 1392 4067; x_wconf 76' lang='grc' dir='ltr'><strong><em>τῶν</em></strong></span> <span class='ocrx_word' id='word_1_317' title='bbox 1422 4012 1632 4084; x_wconf 78' lang='grc' dir='ltr'><strong><em>νόμων,</em></strong></span> <span class='ocrx_word' id='word_1_318' title='bbox 1673 4019 1867 4067; x_wconf 73' lang='lat' dir='ltr'>omissis</span> <span class='ocrx_word' id='word_1_319' title='bbox 1895 4013 2098 4080; x_wconf 73' lang='grc' dir='ltr'><strong><em>δηλαδὴ</em></strong></span> <span class='ocrx_word' id='word_1_320' title='bbox 2121 4013 2222 4067; x_wconf 78' lang='grc' dir='ltr'><strong><em>τὸν</em></strong></span> <span class='ocrx_word' id='word_1_321' title='bbox 2246 4015 2556 4086; x_wconf 70' lang='grc' dir='ltr'><strong><em>φοάκίδιον,</em></strong></span> 
     </span>
     <span class='ocr_line' id='line_1_37' title="bbox 234 4093 2557 4167; baseline 0.002 -15"><span class='ocrx_word' id='word_1_322' title='bbox 234 4117 357 4167; x_wconf 77' lang='lat' dir='ltr'><strong>quae</strong></span> <span class='ocrx_word' id='word_1_323' title='bbox 390 4117 509 4151; x_wconf 75' lang='lat' dir='ltr'><strong><em>sane</em></strong></span> <span class='ocrx_word' id='word_1_324' title='bbox 541 4102 747 4165; x_wconf 72' lang='lat' dir='ltr'><strong>glossam</strong></span> <span class='ocrx_word' id='word_1_325' title='bbox 783 4103 989 4165; x_wconf 80' lang='lat' dir='ltr'><strong>sapiunt.</strong></span> <span class='ocrx_word' id='word_1_326' title='bbox 1128 4102 1159 4130; x_wconf 88' lang='lat'><strong><em>¹¹</em></strong></span> <span class='ocrx_word' id='word_1_327' title='bbox 1196 4105 1275 4153; x_wconf 83' lang='lat' dir='ltr'><strong><em>Sic</em></strong></span> <span class='ocrx_word' id='word_1_328' title='bbox 1298 4103 1396 4153; x_wconf 83' lang='lat' dir='ltr'><strong>Ecl.</strong></span> <span class='ocrx_word' id='word_1_329' title='bbox 1452 4103 1639 4166; x_wconf 74' lang='lat' dir='ltr'>Reliqui</span> <span class='ocrx_word' id='word_1_330' title='bbox 1675 4093 2017 4157; x_wconf 74' lang='grc' dir='ltr'><strong><em>ἀδιαθέτους.</em></strong></span> <span class='ocrx_word' id='word_1_331' title='bbox 2157 4102 2197 4131; x_wconf 83' lang='lat'><strong><em>¹²</em></strong></span> <span class='ocrx_word' id='word_1_332' title='bbox 2232 4106 2375 4155; x_wconf 78' lang='lat' dir='ltr'>Deest</span> <span class='ocrx_word' id='word_1_333' title='bbox 2393 4107 2439 4155; x_wconf 89' lang='lat' dir='ltr'><strong><em>in</em></strong></span> <span class='ocrx_word' id='word_1_334' title='bbox 2460 4106 2557 4157; x_wconf 80' lang='lat' dir='ltr'><strong>Eel.</strong></span> 
     </span>
     <span class='ocr_line' id='line_1_38' title="bbox 230 4180 2558 4254; baseline 0.002 -18"><span class='ocrx_word' id='word_1_335' title='bbox 230 4184 267 4213; x_wconf 83' lang='lat'><strong><em>¹⁸</em></strong></span> <span class='ocrx_word' id='word_1_336' title='bbox 312 4188 364 4237; x_wconf 87' lang='lat' dir='ltr'><strong><em>ln</em></strong></span> <span class='ocrx_word' id='word_1_337' title='bbox 416 4187 512 4236; x_wconf 82' lang='lat' dir='ltr'><strong>Ecl.</strong></span> <span class='ocrx_word' id='word_1_338' title='bbox 559 4180 639 4247; x_wconf 76' lang='grc' dir='ltr'><strong><em>εἴη</em></strong></span> <span class='ocrx_word' id='word_1_339' title='bbox 690 4187 841 4236; x_wconf 65' lang='lat' dir='ltr'><strong>deest.</strong></span> <span class='ocrx_word' id='word_1_340' title='bbox 1028 4184 1065 4213; x_wconf 76' lang='lat'><strong><em>¹⁴</em></strong></span> <span class='ocrx_word' id='word_1_341' title='bbox 1111 4187 1211 4237; x_wconf 81' lang='lat' dir='ltr'><strong>Ecl.</strong></span> <span class='ocrx_word' id='word_1_342' title='bbox 1250 4182 1773 4254; x_wconf 79' lang='grc' dir='ltr'><strong><em>όμογνωμονοῦσαν.</em></strong></span> <span class='ocrx_word' id='word_1_343' title='bbox 1963 4185 1999 4214; x_wconf 79' lang='lat'><strong><em>¹⁵</em></strong></span> <span class='ocrx_word' id='word_1_344' title='bbox 2054 4188 2134 4239; x_wconf 84' lang='lat' dir='ltr'><strong><em>Sic</em></strong></span> <span class='ocrx_word' id='word_1_345' title='bbox 2171 4189 2334 4240; x_wconf 81' lang='lat' dir='ltr'>Zuich.</span> <span class='ocrx_word' id='word_1_346' title='bbox 2376 4198 2422 4240; x_wconf 80' lang='lat' dir='ltr'><strong><em>et</em></strong></span> <span class='ocrx_word' id='word_1_347' title='bbox 2458 4191 2558 4241; x_wconf 78' lang='lat' dir='ltr'><strong>Ecl.</strong></span> 
     </span>
    </p>
   </div>
   <div class='ocr_carea' id='block_1_8' title="bbox 230 4262 2558 4405">
    <p class='ocr_par' dir='ltr' id='par_1_9' title="bbox 230 4262 2558 4405">
     <span class='ocr_line' id='line_1_39' title="bbox 233 4262 2558 4339; baseline 0.002 -18"><span class='ocrx_word' id='word_1_348' title='bbox 233 4271 429 4333; x_wconf 71' lang='lat' dir='ltr'><strong>Scfimg.</strong></span> <span class='ocrx_word' id='word_1_349' title='bbox 466 4262 589 4321; x_wconf 78' lang='grc' dir='ltr'><strong><em>εἴτε.</em></strong></span> <span class='ocrx_word' id='word_1_350' title='bbox 764 4267 803 4296; x_wconf 79' lang='lat'><strong><em>¹⁰</em></strong></span> <span class='ocrx_word' id='word_1_351' title='bbox 852 4271 917 4319; x_wconf 73' lang='lat' dir='ltr'><strong><em>lta</em></strong></span> <span class='ocrx_word' id='word_1_352' title='bbox 955 4284 1009 4321; x_wconf 79' lang='lat' dir='ltr'><strong><em>ex</em></strong></span> <span class='ocrx_word' id='word_1_353' title='bbox 1047 4270 1145 4321; x_wconf 82' lang='lat' dir='ltr'><strong>Ecl.</strong></span> <span class='ocrx_word' id='word_1_354' title='bbox 1181 4272 1393 4335; x_wconf 79' lang='lat' dir='ltr'><strong>reposui.</strong></span> <span class='ocrx_word' id='word_1_355' title='bbox 1465 4270 1652 4337; x_wconf 77' lang='lat' dir='ltr'><strong>Reliqui</strong></span> <span class='ocrx_word' id='word_1_356' title='bbox 1686 4265 1831 4339; x_wconf 79' lang='grc' dir='ltr'><strong><em>γὰρ,</em></strong></span> <span class='ocrx_word' id='word_1_357' title='bbox 1882 4275 2013 4337; x_wconf 85' lang='lat' dir='ltr'>quod</span> <span class='ocrx_word' id='word_1_358' title='bbox 2049 4275 2172 4326; x_wconf 77' lang='lat' dir='ltr'>varie</span> <span class='ocrx_word' id='word_1_359' title='bbox 2209 4275 2418 4325; x_wconf 73' lang='lat' dir='ltr'><strong><em>editores</em></strong></span> <span class='ocrx_word' id='word_1_360' title='bbox 2453 4283 2558 4325; x_wconf 77' lang='lat' dir='ltr'><strong>ten-</strong></span> 
     </span>
     <span class='ocr_line' id='line_1_40' title="bbox 230 4362 401 4405; baseline 0.012 -2"><span class='ocrx_word' id='word_1_361' title='bbox 230 4362 401 4405; x_wconf 78' lang='lat' dir='ltr'><strong>larunt.</strong></span> 
     </span>
    </p>
   </div>
  </div>
 </body>
</html>
