2900 4950
349 242 432 305 26
1270 252 1390 307 eou.
1427 253 1463 303 1.
1535 250 1648 302 Now.
1681 252 1780 302 xn.

347 397 537 470 οὐδέν
580 426 654 469 τε
696 400 816 480 τὰς
858 398 1076 467 αὐτῶν
1120 406 1532 486 περιουσίας,
1581 396 1710 466 ὅσα
1751 423 1825 485 γε
1847 394 1963 477 ἐἷς
2005 396 2351 484 πρόνοιαν,
2395 400 2529 465 τῶν
2567 404 2698 484 βα-

346 503 619 569 σιλικῶν
675 502 1044 583 διεστάναι,
1102 501 1253 569 ἐπεὶ
1305 504 1474 590 μηδὲ
1524 501 1610 568 τὰ
1657 504 1791 568 τῶν
1831 507 2043 569 θείων
2087 500 2287 569 οἴκων
2332 500 2698 587 πράγματα

345 603 579 691 μόνοις
621 600 799 691 ἡμῖν,
844 604 1034 671 κοινὰ
1076 604 1150 670 δὲ
1191 606 1308 669 τοῦ
1353 598 1506 670 καθ’
1552 599 1725 691 ἡμᾶς
1769 601 2255 687 πολιτεύματος
2305 601 2696 670 ἐννοεῖσθαι

344 705 685 794 προσήκει.

517 807 600 874 α’.
694 806 1109 891 Θεσπίζομεν
1138 810 1378 885 τοίνυν,
1423 805 1673 893 μηδένα
1701 808 1835 872 τῶν
1866 803 2311 885 ἐνδοξοτάτων
2340 800 2382 890 ἢ
2407 805 2697 890 μεγαλο-

346 907 827 995 πρεπεστάτων
869 907 1303 995 κουρατώρων
1344 909 1480 974 τῶν
1519 913 1730 974 θείων
1774 903 1959 992 ἡμῶν
1989 901 2029 994 ἢ
2057 909 2174 994 τῆς
2217 901 2694 994 εὖσεβεστάτης

348 1011 729 1096 βασιλίδος“
784 1010 1012 1090 οίκων,
1073 1004 1176 1088 οἷς
1229 1014 1759 1096 συναριθμητέον
1813 1007 1930 1096 τήν
1984 1033 2056 1075 τε
2110 1008 2696 1097 πατριμωναλικὴν

346 1111 464 1200 τήν
520 1138 595 1180 τε
643 1114 777 1178 τῶν
836 1117 997 1178 νέων
1054 1110 1408 1194 ἐκκλησιῶν
1465 1114 1900 1197 προεστῶσαν
1955 1108 2301 1198 βασιλικὴν
2346 1110 2588 1190 οἰκίαν,
2616 1105 2695 1232 ..ἢ

342 1213 835 1300 χαρτουλαρίων
880 1207 1097 1280 αὐτῶν
1150 1207 1194 1300 ἢ
1246 1215 1634 1300 προνοητῶν
1685 1206 1728 1300 ἢ
1779 1215 2148 1295 μισθωτῶν
2198 1206 2241 1298 ἢ
2295 1208 2511 1278 ἄλλων
2553 1214 2695 1278 τῶν

344 1327 496 1394 ταῖς
551 1320 781 1394 θείαις
833 1308 1069 1393 αὐταῖς
1120 1313 1588 1402 προσηκόντων
1641 1314 1886 1393 οἰκίαις
1939 1315 2221 1400 θαῤῥεῒν
2268 1317 2386 1380 τοῦ
2441 1314 2694 1380 λοιποῦ

346 1417 623 1495 σανίδας
675 1414 792 1503 τὴν
848 1411 1167 1503 ἡμετέραν
1226 1421 1676 1502 προσηγορίαν
1721 1414 2054 1504 φερούσας
2106 1410 2148 1501 ἢ
2193 1409 2530 1494 εἰκόνας
2489 1442 2526 1502 η
2567 1440 2695 1497 χα-

345 1522 672 1606 ρακτῆρας
711 1516 1097 1602 βασιλικοὺς
1140 1512 1516 1601 ἀλλοτρίοις
1571 1518 1781 1597 οἴκοις
1821 1511 1865 1605 ἢ
1904 1523 2175 1604 χωρίοις
2215 1515 2604 1584 ἐπιτιθέναι
2649 1510 2695 1604 ἢ

346 1619 685 1707 σήμαντρα
712 1629 1004 1706 κινητοῖς
1048 1617 1394 1705 πράγμασι
1425 1618 1878 1686 τελευτώντων
1907 1613 1950 1704 ἢ
1979 1616 2367 1703 περιόντων,
2412 1611 2456 1704 ἢ
2484 1642 2695 1703 γεωρ-

341 1720 498 1808 γοὺς
552 1720 791 1806 ἑτέρων
846 1715 1332 1804 ὑποδέχεσθαι,
1397 1716 1436 1807 ἢ
1490 1726 1889 1800 καταθέσεις
1940 1719 2126 1799 τινὰς
2168 1718 2694 1805 παρασκευάζειν

344 1830 705 1891 ποιεῖσθαι
760 1821 855 1901 εἷς
908 1821 1025 1910 τὴν
1078 1822 1425 1910 βασιλικὴν
1483 1822 1696 1890 οἰκίαν
1754 1817 1994 1901 αὐτοὺς
2044 1816 2088 1910 ἢ
2140 1820 2253 1888 καὶ
2306 1820 2428 1900 τὰς
2469 1815 2693 1888 αὐτῶν

343 1922 721 2009 προσόδους
776 1923 1307 2011 μεταφερούσας,
1370 1925 1537 2010 μηδὲ
1593 1924 1652 1992 εί
1704 1922 1950 2009 ιιοῖράν.
2001 1949 2152 1989 τινα
2207 1929 2494 2010 συμβαίη
2552 1926 2693 1991 τῶν

344 2021 562 2093 αὐτῶν
607 2024 922 2113 οἰκήσεων
976 2019 1019 2112 ἢ
1068 2031 1327 2113 χωρίων
1380 2020 1424 2111 ἢ
1479 2025 1886 2147 πραγμάτιον
1927 2018 1970 2112 ἢ
2011 2026 2313 2110 γεωργῶν
2354 2035 2499 2104 τοῖς
2553 2028 2694 2092 τῶν

346 2134 555 2196 θείων
600 2127 799 2194 οικων
844 2125 1202 2214 προσήκειν
1246 2128 1560 2207 δικαίοις,
1623 2122 1713 2205 ὥς
1767 2153 1849 2193 αν
1889 2126 1979 2212 μὴ
2023 2124 2263 2214 ταύτην
2308 2127 2515 2211 ἔχοιεν
2569 2130 2696 2215 τῆς

344 2229 512 2296 κατὰ
552 2233 685 2296 τῶν
730 2234 1251 2317 συγκεκτημένων
1298 2229 1610 2316 ἐπηρείας
1650 2228 1768 2316 τὴν
1811 2228 2176 2316 πρόφασιν.

414 2344 426 2359 “
509 2329 592 2416 β’.
676 2325 882 2396 Ἀλλὰ
935 2331 1047 2397 καὶ
1102 2331 1169 2398 εἴ
1218 2356 1404 2410 τινας
1458 2331 1781 2418 γεωργοὺς
1823 2327 1959 2397 ὑπὸ
2009 2328 2126 2416 τὴν
2170 2329 2409 2415 ἑτέρων
2452 2330 2693 2415 τυγχά-

343 2455 577 2511 νοντας
631 2429 835 2518 νομὴν
891 2435 1003 2499 νῦν
1060 2432 1314 2515 ἔχοντες
1368 2444 1638 2520 φανεῖεν
1693 2428 1736 2522 ἢ
1777 2437 2176 2512 καταθέσεις
2232 2431 2381 2511 οἵας
2434 2431 2691 2518 ἔφαμεν

342 2532 707 2622 εἰληφότες,
753 2535 860 2599 καὶ
895 2528 1134 2612 αὐτοὺς
1172 2528 1609 2623 ἀποδοθῆναι
1637 2534 1791 2615 τοὺς
1832 2534 2156 2622 γεωργοὺς
2183 2534 2296 2602 καὶ
2337 2533 2457 2613 τὰς
2483 2560 2692 2602 κατα-.-

338 2642 572 2715 θέσεις
617 2630 833 2701 αὐτῶν
878 2628 1156 2722 άκύρους
1209 2640 1614 2724 καταστῆναι
1661 2635 2022 2721 κελεύομεν.
2113 2637 2173 2705 εί
2217 2638 2291 2704 δὲ
2332 2637 2486 2723 ’περὶ
2531 2636 2692 2703 τού-

337 2763 471 2805 των
538 2732 576 2825 ἢ
639 2743 751 2803 καί
813 2761 1012 2802 τινων
1078 2738 1500 2822 συμβολαίων
1565 2738 1738 2826 πρὸς
1798 2739 2059 2824 ἑτέρους
2124 2737 2450 2825 ἔναγωγὴν
2514 2737 2690 2821 ἔχειν

339 2840 620 2924 λέγοιεν,
685 2838 1007 2924 μηδαμῶς
1047 2838 1164 2906 τὸν
1208 2838 1598 2925 ἔναγόμενον
1640 2836 1796 2925 παρ’
1846 2836 2075 2920 αὐτοῖς
2118 2841 2326 2908 ἕλκειν
2371 2839 2691 2919 δικαστάς
2785 2893 2796 2904 .

342 2966 418 3008 τε
457 2943 592 3006 τῶν
637 2938 896 3007 οἰκείων
938 2934 1336 3009 ὑποθέσεων
1377 2942 1831 3009 καθεδεῖσθαι
1874 2945 2093 3018 (τοῦτο
2140 2938 2305 3027 ὅπερ
2349 2945 2484 3009 τῶν
2527 2936 2690 3008 ἆτο-

339 3041 670 3110 πωτάτων
701 3067 773 3109 τε
800 3043 907 3108 καὶ
954 3041 1540 3128 παρανομωτάτων
1573 3038 1956 3131 ἡγούμεθα),
2004 3044 2112 3131 ἐξῇ
2159 3045 2233 3111 δὲ
2275 3038 2507 3123 αὐτοῖς
2545 3039 2687 3110 ὑπὸ

340 3147 437 3231 τῷ
483 3143 854 3232 προσφόρῳ
900 3144 1194 3232 δικαστῇ,
1238 3139 1350 3233 ὑφ’
1401 3142 1475 3211 ὃν
1522 3139 1602 3211 ἂν
1647 3146 1711 3211 οἱ
1755 3144 1873 3224 τὰς
1917 3140 2202 3225 εὐθύνας
2243 3142 2692 3233 ὑφιστάμενοι

212 3333 221 3338 -
336 3247 606 3326 τελοῖεν,
654 3244 772 3334 τὴν
816 3247 999 3333 δίκην
1042 3257 1246 3314 κινεῖν
1289 3249 1398 3314 καὶ
1443 3250 1576 3314 τῶν
1620 3247 1893 3313 δικαίων
1922 3247 2275 3333 τυγχάνειν.
2366 3245 2425 3313 εἰ
2469 3247 2543 3312 δὲ
2570 3250 2690 3314 καὶ

339 3343 580 3427 αὐτοὺς
620 3345 777 3425 τοὺς
821 3347 1287 3427 ἐνδοξοτάτους
1328 3351 1436 3415 καὶ
1481 3349 2234 3435 μεγαλοπρεπεστάτους
2263 3349 2692 3434 κουράτωρας

336 3444 617 3531 ὀνόματι
643 3450 776 3512 τῶν
808 3441 962 3531 παρ’
1000 3441 1215 3514 αὐτῶν
1248 3455 1757 3534 προνοουμένων
1803 3457 2009 3517 θείων
2053 3452 2252 3519 οἴκων
2295 3445 2403 3538 ὑφ’
2441 3450 2688 3535 ἑτέρων

334 3546 697 3633 ἑνάγεσθαι
754 3554 1072 3634 συμβαίη,
1137 3549 1196 3616 εί
1246 3552 1367 3634 μὲν
1423 3550 1671 3618 ἐνθάδε
1723 3549 1808 3618 τὰ
1863 3556 1979 3638 τῆς
2038 3552 2365 3639 ἐναγωγῆς
2405 3562 2684 3633 κινοῖτο,

335 3651 520 3737 κοινῇ
564 3647 787 3736 γνώμῃ
831 3651 949 3715 τοῦ
994 3675 1067 3716 τε
1112 3649 1536 3736 ἐγκαλοῦντος
1579 3655 1685 3719 καὶ
1732 3656 1850 3720 τοῦ
1893 3658 2011 3740 τῆς
2041 3660 2237 3734 θείας
2272 3654 2484 3731 οἰκίας
2525 3678 2686 3720 κου-

335 3750 634 3837 ράτωρος
679 3751 794 3818 ἕνα
836 3754 968 3818 τῶν
1013 3751 1458 3833 ἐνδοξοτάτων
1489 3750 1675 3844 ἡμῶν
1721 3751 2052 3840 ἀρχόντων
2082 3757 2465 3843 ἕπιλεγῆναι
2507 3754 2688 3841 πρὸς

332 3852 449 3938 τὴν
494 3857 609 3920 τοῦ
656 3852 1044 3940 πράγματος
1078 3853 1372 3934 ἐξέτασίν
1414 3883 1489 3924 τε
1530 3855 1639 3923 καὶ
1682 3863 1917 3942 κρίσιν,
1964 3861 2071 3926 καὶ
2119 3853 2688 3946 ἀμφισβητήσεως

341 3949 452 4019 οἶα
512 3955 683 4035 εἰκὸς
740 3957 834 4036 είς
887 3960 1083 4024 τοῦτο
1141 3964 1483 4045 γινομένης
1525 3962 1643 4046 τῆς
1693 3960 2037 4044 βασιλείας
2094 3962 2370 4028 δεῖσθαι
2410 3958 2522 4028 καὶ
2563 3958 2689 4027 τὸν

339 4054 597 4122 ἐκεῖθεν
657 4058 1001 4142 διδόμενον
1059 4060 1560 4145 προσδέχεσθαι
1617 4061 1959 4149 δικαστήν·
2026 4062 2085 4130 εἰ
2142 4063 2215 4129 δὲ
2272 4062 2386 4129 ἐπὶ
2439 4061 2685 4146 χώρας,

334 4156 449 4223 τὸν
492 4156 734 4245 ταύτης
776 4154 1133 4245 ἡγούμενον
1162 4160 1279 4229 τὶν
1322 4165 1439 4250 τῆς
1480 4157 1878 4244 ὑποθέσεως
1906 4164 2454 4252 παραλαμβάνειν
2483 4159 2687 4251 ἀκρό-

466 4378 489 4408 ⁶
524 4380 681 4431 hialim
715 4374 1050 4444 βασιλίσσης.
