2900 4950
368 221 454 285 96
1277 231 1394 282 eon.
1433 231 1490 281 n.
1560 231 1672 281 Nov.
1709 231 1802 280 xx.

367 383 457 471 μὴ
515 379 848 468 παρόντος
905 378 973 447 ἒν
1028 367 1085 465 ᾦ
1139 402 1208 445 τι
1261 376 1419 464 περὶ
1485 379 1754 464 κέρδους
1818 375 2410 463 ὑποσημαίνεταιδ,
2479 378 2718 467 ἐπίσης

370 483 622 570 ἑκάστῳ
667 475 1212 568 ἀναστρέφεσθαι
1252 478 1337 545 τὰ
1380 479 1623 559 οἰκεῖα,
1684 478 2042 565 συμφώνου
2107 481 2179 547 δὲ
2234 480 2713 565 προελθόντος,

369 582 544 653 ὥστε
587 579 913 667 ὁποτέρου
956 587 1195 666 μέρους
1240 581 1309 661 ἐξ
1352 576 1738 664 ἀνθρώπων
1794 574 2114 660 ἀπιόντος
2169 580 2247 647 τὸ
2291 577 2714 670 ὑπολειφθὲν

368 686 481 754 ἐπὶ
526 689 606 773 τῇ
650 686 782 750 τῶν
829 683 1016 750 ἰδίων
1061 677 1447 767 άνακομίσει
1491 686 1597 748 καὶ
1646 680 1867 767 ἕτερόν
1908 707 1977 748 τι
2019 684 2416 768 κερδαίνειν,
2467 679 2714 767 ὁμοίως

369 782 471 855 ἐπ’
536 783 789 874 ἀμφοῖν
845 790 1204 871 τηρεῖσθαι
1259 785 1376 849 τοῦ
1433 783 1702 867 κέρδους
1757 783 1833 849 τὸ
1890 783 2072 850 ἴσον·
2137 786 2245 850 καὶ
2305 779 2542 869 ἀνδρὸς
2592 785 2713 869 μὲν

368 891 1031 974 προαποφθαρέντος
1076 880 1490 967 ἀνεκομίζετο
1517 880 1573 972 ἡ
1618 884 1773 972 γυνὴ
1829 884 1946 971 τὴν
1990 898 2237 970 προῖκα
2281 888 2393 952 καὶ
2433 889 2550 951 τοῦ
2593 911 2714 951 κα-

367 991 687 1074 λουμένου
731 982 1073 1071 ὖποβόλου
1112 986 1246 1053 εἴτε
1286 986 1350 1051 τὶ
1391 991 1592 1071 μέρος
1636 986 1771 1053 εἴτε
1815 981 2004 1052 ὅλον“
2048 986 2105 1053 εἰ
2137 982 2310 1052 οὕτω
2343 986 2712 1074 συμπεφώ-

368 1115 555 1179 νητο,
625 1087 926 1175 γυναικὸς
990 1089 1063 1154 δὲ
1115 1090 1209 1173 τῷ
1266 1086 1542 1173 θανάτῳ
1601 1085 2157 1175 προσυναντώσης
2217 1092 2309 1175 τῷ
2376 1082 2564 1173 ἀνδρὶ
2629 1086 2707 1154 τὸ

316 1189 703 1277 ’ὖπόβολον
751 1199 1192 1276 συνετηρεῖτο,
1252 1191 1361 1255 καὶ
1418 1189 1647 1275 κέρδος
1704 1182 1806 1255 ἐπ’
1829 1193 1870 1223 ¹⁰
1925 1183 2102 1274 αὐτῷ
2156 1184 2514 1277 ἠκολούθει
2572 1183 2702 1257 εἴθ’

368 1289 486 1379 ὅλη
532 1288 570 1380 ἦ
617 1292 822 1377 προῖξ
866 1290 998 1357 ε’ίτε
1039 1283 1238 1373 μέρος
1282 1284 1513 1377 αὐτῆς,
1576 1284 1664 1368 ὥς
1719 1289 1805 1356 τὰ
1847 1297 2383 1377 συμφωνηθέντα
2428 1286 2709 1369 αὐτοῖςιι

369 1392 695 1482 ἐβούλετο.
787 1387 954 1457 ἀλλὰ
995 1394 1203 1456 ταῦτα
1243 1391 1366 1474 μὲν
1409 1401 1553 1469 τοῖς
1598 1385 2048 1477 ἀρχαιοτέροις
2094 1391 2376 1472 δόξαντα
2409 1396 2552 1471 τοῖς
2593 1417 2710 1478 με·-

365 1499 853 1580 ταγενεστέροις
897 1486 1244 1577 ἆπήρεσεν.
1317 1495 1665 1576 τοιγαροῦν
1708 1495 1814 1559 καὶ
1862 1488 2552 1575 ἆντινομοθετοῦσιν”
2595 1487 2710 1559 οὐκ

370 1592 597 1684 ὀρθῶς
641 1597 1005 1674 ποιοῦντες,
1054 1595 1161 1659 καὶ
1208 1586 1439 1659 αὐτίκα
1483 1595 1589 1660 καὶ
1640 1593 1706 1660 ἑν
1748 1597 1827 1681 τῇ
1872 1596 1991 1660 τοῦ
2019 1593 2230 1679 γάμου
2264 1594 2519 1680 συνόδῳ
2566 1588 2710 1661 ἆνί-

369 1721 527 1775 σους
573 1692 862 1780 ὁρίζουσι
911 1698 1363 1780 προέρχεσθαι
1405 1693 1525 1773 τὰς
1571 1695 2013 1783 συνεισφορὰς
2065 1697 2176 1761 καὶ
2220 1689 2388 1762 εἶναι
2428 1696 2548 1777 μὲν
2592 1694 2705 1761 ἐπὶ

367 1801 572 1865 πλέον
616 1796 732 1884 τὴν
776 1800 1051 1881 προῖκα,
1108 1790 1219 1861 ὑπ’
1270 1795 1597 1863 ἔλαττον13
1652 1797 1723 1864 δὲ
1777 1796 1855 1862 τὸ
1913 1793 2268 1882 ὗπόβολον,
2315 1798 2419 1862 καὶ
2467 1795 2705 1862 τούτου

365 1905 592 1986 κυρίαν
648 1902 1111 1965 καθίστασθαι
1168 1896 1285 1983 τὴν
1338 1896 1623 1985 γαμετὴν
1681 1893 1796 1964 ἀπ’
1858 1898 2102 1985 ἐκείνης
2156 1902 2273 1984 τῆς
2327 1893 2601 1984 ἡμέρας,
2666 1887 2710 1985 ᾗ

367 1999 737 2087 συνήρμοσε
778 1997 895 2064 τὸν
936 1997 1176 2084 γάμον,
1244 1993 1362 2065 κᾶν
1409 1993 1499 2079 ὦς
1544 1998 1714 2078 εἰκὸς
1755 2003 1887 2086 γνῷ
1934 2001 2239 2084 δευτέραν
2286 1994 2550 2083 ὁμιλίαν
2595 1991 2708 2065 ἆν-

367 2101 539 2188 δρός.
601 2103 712 2167 καὶ
753 2102 871 2166 τοῦ
914 2100 1126 2186 γάμου
1170 2100 1245 2166 δὲ
1289 2100 1565 2187 θανάτῳ
1599 2101 2141 2179 διασπασθέντος
2185 2096 2431 2178 ἀνίσως
2449 2104 2487 2134 “
2534 2099 2709 2166 διαι-

363 2208 606 2282 τῶντες
647 2205 727 2290 τῇ
769 2203 890 2285 μὲν
932 2205 1026 2288 τῷ
1071 2202 1284 2288 κέρδει
1326 2206 1890 2288 παραμυθοῦνται
1932 2203 2010 2268 τὸ
2056 2200 2281 2287 ἄλγος,
2338 2205 2429 2288 τῷ
2477 2203 2548 2267 δὲ
2593 2201 2705 2268 ἐπὶ

364 2309 446 2392 τῇ
491 2300 794 2389 ἀποβολῇ
839 2306 956 2390 τῆς
997 2302 1300 2388 γυναικὸς
1343 2307 1421 2389 τῇ
1470 2304 1665 2390 ζημίᾳ
1707 2307 1839 2370 τῶν
1887 2303 2073 2370 ἰδίων
2091 2306 2132 2338 ¹⁵
2181 2305 2585 2389 πραγμάτων
2629 2302 2706 2369 τὸ

366 2403 564 2492 ἄλγος
609 2403 988 2484 ἐπαύξουσι.
1078 2403 1414 2471 κελεύουσι
1458 2404 1579 2490 γὰρ
1623 2403 1741 2492 τὴν
1784 2414 2057 2489 γυναῖκα
2102 2404 2496 2489 ἐπιβιοῢσαν
2537 2403 2707 2490 μετὰ
2807 2445 2824 2460 ι

363 2512 481 2596 τῆς
538 2507 713 2585 ἰδίας
768 2505 1045 2591 προικὸς
1100 2509 1206 2572 καὶ
1260 2505 1339 2571 τὸ
1397 2505 1665 2590 σύμπαν
1722 2503 2055 2593 ὖπόβολον
2098 2507 2526 2591 κομίζεσθαι,
2594 2509 2705 2575 καὶ

365 2608 537 2693 πρὸς
579 2607 841 2686 τούτοις
885 2607 954 2677 ἐκ
996 2611 1111 2694 τῆς
1167 2608 1408 2694 λοιπῆς
1460 2612 1577 2673 τοῦ
1625 2602 1862 2693 ἀνδρὸς
1917 2603 2348 2686 ὑποστάσεως
2391 2608 2703 2695 κληρονο-

364 2722 514 2796 μεῖν
556 2711 895 2787 τοσοῦτον,
943 2704 1101 2774 ὅσον
1144 2712 1259 2795 τῆς
1301 2734 1373 2776 τε
1417 2709 1695 2794 προικὸς
1738 2716 1843 2776 καὶ
1890 2713 2006 2775 τοῦ
2053 2705 2389 2793 ὗποβόλου
2435 2710 2530 2788 εἷς
2577 2713 2705 2777 ἓν““

367 2811 1066 2898 συγκεφαλαιουμένων
1111 2805 1505 2895 ἀριθμεῖται
1546 2810 1622 2875 τὸ
1667 2817 2010 2895 τέταρτον·
2057 2810 2585 2898 προφθανούσης
2631 2812 2704 2877 δὲ

363 2913 628 2998 τελευτῇ
650 2915 687 2946 ¹⁷
730 2910 847 2976 τὸν
886 2916 1167 2997 γαμέτην
1211 2914 1326 2997 τῆς
1368 2912 1702 2997 γυναικὸς,
1767 2911 1920 2990 τοὺς
1977 2911 2220 2999 ἐκείνης
2263 2910 2704 2999 κληρονόμους

365 3014 723 3098 κερδαίνειν
779 3011 897 3079 σὺν
950 3016 1030 3100 τῇ
1086 3015 1316 3097 προικὶ
1368 3013 1446 3080 τὸ
1502 3009 1870 3098 ὗπόβολον,
1933 3010 2049 3079 τὸν
2109 3014 2180 3080 δὲ
2239 3009 2448 3099 ἄνδρα
2499 3014 2702 3101 μηδὲν

365 3116 532 3198 ἔχειν
578 3116 798 3200 ἕτερον
843 3108 978 3181 ἀλλ’
1026 3108 1069 3201 ἢ
1114 3111 1272 3182 ὅσον
1316 3119 1431 3202 τῆς
1474 3140 1547 3182 τε
1590 3114 1866 3200 προικὸς
1908 3118 2015 3181 καὶ
2068 3117 2185 3180 τοῦ
2241 3111 2581 3201 ὖποβόλου
2624 3139 2701 3181 το

360 3215 900 3305 τεταρτημόριον,
957 3218 1068 3282 καὶ
1119 3222 1509 3303 προβαίνειν
1565 3213 1738 3282 οὕτω
1790 3214 1869 3281 τὸ
1919 3219 2220 3300 πρᾶγμα,
2279 3213 2360 3282 ἄν
2404 3241 2476 3281 τε
2518 3220 2701 3303 παρῇ

364 3318 719 3406 σύμφωνον
777 3314 855 3384 ἄν
914 3342 986 3384 τε
1039 3317 1241 3404 μηδὲν
1297 3308 1424 3385 ὦσι
1477 3320 1782 3383 τοιοῦτον
1837 3313 2403 3393 συντεθεικότεςω.
2492 3320 2702 3383 ταῦτα

360 3421 481 3502 μὲν
525 3422 673 3496 πῶς
717 3413 832 3485 οὐκ
868 3416 1105 3501 ἄδικα,
1172 3422 1319 3498 πῶς
1365 3414 1429 3485 δ’
1482 3416 1625 3485 ἀντὶ
1681 3419 1799 3481 τοῦ
1844 3413 2046 3499 νόμος
2091 3411 2259 3482 εἶναι
2305 3414 2419 3483 ούκ
2463 3415 2699 3505 ἐσχάτη

362 3524 752 3604 παρανομία
797 3518 1009 3601 ἐστίνς
1069 3517 1111 3586 ἃ
1162 3522 1282 3604 μὲν
1337 3518 1461 3605 γὰρ
1507 3521 2167 3605 προαποφθαρέντος
2216 3520 2334 3583 τοῦ
2380 3512 2617 3604 ἀνδρὸς
2660 3515 2699 3608 ἦ

362 3619 517 3706 γυνὴ
562 3618 912 3705 λαμβάνει,
974 3621 1138 3700 ἰ’σως
1195 3622 1325 3704 ἔχει
1364 3619 1516 3687 τινὰ
1562 3618 1786 3705 λόγον·
1846 3616 1888 3684 ἃ
1946 3620 2016 3686 δὲ
2069 3618 2310 3705 ταύτης
2363 3644 2702 3706 προκατα-

364 3721 645 3807 λυούσης
672 3719 787 3789 τὸν
815 3728 964 3808 βίον
994 3723 1089 3801 εἰς
1117 3722 1272 3801 τοὺς
1300 3720 1743 3808 κληρονόμους
1773 3719 2046 3805 ἔρχεται,
2071 3725 2219 3800 πῶς
2249 3717 2323 3788 ού
2356 3724 2700 3801 παντελῶς

486 3927 517 3967 ·⁸
554 3930 587 3977 Β
624 3921 683 3976 ἐν
718 3912 763 3994 ᾦ
798 3942 853 3976 τι
886 3923 1108 3994 κέρδους
1144 3921 1363 3994 σημαίν.
1575 3925 1597 3956 ⁹
1630 3929 1819 3994 Reliqui
1855 3936 2045 3993 praeter
2080 3930 2113 3978 B
2152 3921 2259 3977 εἴτε
2292 3923 2346 3976 τὶ
2381 3919 2526 3985 ὅλον,
2568 3931 2699 3993 quod

363 4014 527 4075 steph.
563 4014 612 4062 in
649 4007 712 4060 τὸ
750 4004 878 4061 ὅλον
912 4013 1189 4062 mutandum
1228 4026 1337 4062 esse
1373 4014 1577 4064 censuit.
1725 4010 1764 4041 ²⁰
1801 4014 1948 4063 Codd.
1988 4020 2176 4076 praeter
2211 4013 2278 4060 B:
2317 4003 2424 4060 ὑπ’.
2593 4012 2625 4039 ¹¹
2663 4015 2697 4064 Β

361 4090 590 4150 τούτοις.
734 4095 772 4122 ¹²
808 4098 840 4146 Β
879 4098 1159 4160 simpliciter
1193 4096 1452 4163 νομοθετ.
1480 4124 1544 4134 -
1579 4098 1859 4160 Intelligitur
1893 4097 2065 4159 Ecloga
2101 4097 2276 4146 Leonis
2314 4104 2363 4145 et
2399 4097 2698 4148 Constantini

362 4181 433 4231 nt.
469 4181 527 4230 11.
678 4177 713 4206 ¹³
749 4182 782 4229 Β
820 4172 897 4230 ἐπ’
938 4173 1177 4229 ἔλαττον.
1335 4179 1371 4208 “
1406 4184 1601 4232 Meerm.
1639 4189 1685 4230 et
1723 4182 1754 4230 Β
1793 4173 2006 4233 ἀδίκως.
2149 4178 2184 4207 “
2224 4182 2255 4229 Β
2294 4174 2525 4235 οἰκείων,
2566 4184 2699 4245 quod

360 4265 566 4315 fortasse
591 4273 815 4328 praestat.
954 4263 992 4293 ¹⁶
1028 4266 1214 4329 Reliqui
1238 4266 1440 4315 Codices
1467 4275 1655 4330 praeter
1679 4267 1713 4315 B
1751 4259 1812 4316 ἓν
1845 4280 1942 4315 non
1980 4266 2171 4316 habent.
2311 4262 2345 4291 ¹⁷
2381 4265 2461 4314 Sic
2487 4272 2617 4315 recte
2645 4267 2696 4316 B.

363 4349 549 4413 Reliqui
586 4347 797 4415 τελευτῇ
834 4349 1071 4399 omittunt.
1211 4348 1247 4375 ¹²³
1285 4351 1318 4398 Β
1357 4347 1777 4417 συντεθειμένοι.
