2900 4950
606 99 729 161 724
1139 149 1145 153 .
1287 107 1325 157 Ι.
1374 105 1518 157 ludex
1553 103 1854 155 novellarum
1888 102 2273 165 chronologicus.

1451 320 1784 395 collatio
1835 319 2095 394 tertis..

1039 475 1290 533 Novellae
1334 476 1756 533 constitutiones
1799 491 2067 532 annorum
2113 474 2498 531 stt—1057*

604 682 762 744 (161.)
809 609 916 729 Mi..
981 677 1161 726 'remus
1195 674 1386 725 unionis
1423 674 1484 724 de
1520 674 1715 738 nuptiis,
1751 673 1938 738 quartis
1973 672 2253 737 praesertim
2275 679 2322 721 et
2341 672 2499 721 tertiis

606 767 763 828 (162.)
844 764 902 815 ll.
972 763 1122 825 impp.
1160 760 1449 821 Romani,
1488 757 1911 809 Constantini
1947 764 1996 807 et
2032 757 2493 820 Christophori

1048 853 1127 895 ctu
1165 852 1212 894 et
1247 852 1301 894 nt
1333 851 1555 907 potentes
1590 857 1618 893 a
1654 842 1947 906 pauperibus
1981 840 2179 905 praedia
2213 856 2310 891 non
2346 842 2499 904 acquin

1042 930 1204 980 fundis
1241 927 1545 978 militaribus.
1574 929 1647 987 (Α.
1686 925 1825 984 922.)
1915 958 2436 976 .......

606 1018 908 1082 (163.)--
983 1015 1101 1077 lmp.
1137 1013 1395 1062 Romani
1434 1012 1753 1075 Lacapeni
1790 1011 1852 1059 de
1886 1011 2199 1060 restaurando
2237 1010 2498 1059 monasteri

1044 1098 1159 1146 tami
1196 1098 1244 1146 in
1280 1102 1442 1145 monte
1479 1097 1684 1145 Athone.
1718 1098 1793 1152 (Δ.
1830 1093 1967 1147 924.)
2004 1129 2443 1144 ......

607 1188 904 1249 (161.)--
980 1183 1097 1245 imp.
1138 1179 1397 1230 Romani
1435 1180 1750 1243 Lacapeni
1787 1192 1932 1228 aurea
1967 1177 2095 1227 hulla
2131 1193 2217 1240 pro
2253 1186 2498 1228 monaster

1045 1265 1178 1315 taini.
1212 1269 1287 1321 (Α.
1323 1263 1461 1324 924.)
1495 1301 1508 1314 .
1581 1301 1593 1312 .
1665 1299 1678 1313 .
1749 1283 1763 1313 ι
1834 1296 2442 1312 ........

606 1355 762 1416 (165.)
825 1352 904 1402 ΙΙΙ.
977 1352 1125 1413 lmpp.
1177 1348 1469 1408 Romani,
1532 1346 2002 1410 christophori
2066 1352 2114 1394 et
2162 1346 2499 1395 Constanti

1044 1432 1172 1482 bulla
1221 1432 1510 1480 confirmans
1557 1431 1803 1481 decretum
1838 1429 2090 1494 synodale,
2140 1438 2190 1479 ut
2225 1429 2499 1493 episcopatu

1045 1515 1159 1565 licet
1209 1516 1257 1564 in
1306 1514 1770 1576 archiepiscopatum
1821 1522 2094 1576 promotus,
2142 1514 2476 1577 metropolitae

1046 1599 1193 1649 riensi
1230 1599 1453 1647 subditus
1489 1605 1694 1647 maneat.
1731 1596 1879 1655 (Inter
1912 1597 2220 1654 920-926.)
2257 1635 2270 1647 .
2341 1634 2355 1648 .
2426 1634 2439 1647 .

610 1688 766 1750 (166.)
837 1686 910 1735 lv,
981 1682 1432 1747 lmpp.llomani‚
1472 1682 1930 1745 Christophori
1966 1682 2499 1732 eteonatantinia

868 1780 885 1792 ‘
1047 1768 1107 1816 de
1141 1766 1556 1829 archiepiscopatu
1595 1767 1806 1815 Patrensi
1842 1768 1889 1815 in
1928 1767 2212 1830 metropolin
2239 1775 2476 1829 promoto.

1050 1850 1257 1901 —926.l
1327 1885 2440 1901 ..............

607 1939 911 2001 (167.)--
981 1936 1131 1999 lmpp.
1170 1935 1423 1984 Romani
1462 1934 1950 1994 etConstantini
1987 1933 2294 1995 aureabulla,
2329 1934 2499 1998 quasis

1045 2019 1220 2068 Atheni
1257 2018 1441 2082 pridem
1478 2032 1710 2066 concessa
1747 2019 2106 2068 confirmantur.
2143 2019 2216 2077 (Δ.
2251 2017 2389 2076 934.)
2428 2054 2439 2066 .

607 2107 764 2169 (168.)
855 2106 916 2155 V.·
978 2105 1127 2166 lmpp.
1166 2102 1450 2162 Romani,
1508 2102 1944 2164 Constantini,
2001 2103 2310 2166 Stephani
2361 2110 2409 2151 et
2457 2103 2491 2150 C

1048 2187 1172 2237 tini
1240 2185 1300 2235 de
1354 2186 1631 2249 potentibus
1686 2186 1745 2235 ab
1799 2186 2119 2250 acquisitione
2181 2186 2485 2250 praediorum

1042 2269 2440 2331 (Α.935.)...........·...

609 2356 911 2421 (169.)--
981 2354 1099 2418 Imp.
1136 2353 1549 2404 Constantini
1587 2353 2124 2417 porphyrogeniti
2161 2354 2221 2404 de
2255 2364 2498 2404 monaster

1054 2438 1209 2488 dromi
1243 2438 1689 2489 Thessalonicense.
1728 2441 1801 2497 (Α.
1836 2439 1971 2493 946.)
2010 2476 2448 2490 ......

608 2526 766 2589 (170.)
835 2523 906 2574 vt.
977 2523 1095 2585 Imp.
1134 2521 1549 2572 Constantini
1588 2523 2121 2587 porphyrogeniti
2169 2523 2230 2572 de
2266 2524 2499 2587 potentib·

816 2632 824 2639 -
1051 2618 1314 2668 pauperum
1350 2606 1729 2668 acquirentibus.
1765 2610 1839 2665 (Α.
1874 2607 2014 2667 947.)
2084 2644 2436 2658 .....

609 2692 908 2757 (171.)--
983 2691 1099 2752 lmp.
1138 2689 1566 2741 Constantini
1605 2691 2140 2756 porphyrogeniti
2177 2691 2237 2739 de
2261 2693 2499 2753 possessio

1048 2775 1247 2824 austerii
1284 2774 1532 2824 iberorum
1566 2776 1615 2824 in
1653 2783 1812 2825 monte
1847 2777 2048 2825 Athone.
2087 2775 2161 2834 (Α.
2196 2776 2333 2833 958.)
2427 2812 2440 2824 .

609 2862 766 2927 (172.)
816 2861 912 2911 vll.
982 2859 1100 2920 imp.
1138 2857 1554 2907 Constantini
1592 2860 2120 2923 porphyrogeniti
2164 2859 2225 2908 de
2259 2856 2490 2922 sportulis

1051 2940 1301 2989 stamentis
1336 2942 1611 3005 aperiendis
1647 2950 1695 2992 et
1729 2950 1783 2993 ut
1816 2944 2216 2994 consuetudinum
2254 2944 2426 2992 modus
2461 2943 2499 2990 in

591 3054 598 3062 ·
1051 3024 1179 3073 dicio
1217 3024 1445 3075 definitus
1483 3026 1561 3074 sit.
1597 3027 1746 3085 (lnter
1779 3026 2086 3087 945-959.)
2175 3063 2188 3077 .
2259 3064 2273 3076 .
2345 3063 2360 3077 .
2428 3062 2442 3077 .

609 3111 906 3175 (173.)vt11.
977 3108 1096 3172 lmp.
1135 3107 1557 3159 Constantini
1597 3110 2134 3175 porphyrogeniti
2188 3109 2445 3179 defundis
2479 3124 2499 3159 n

819 3245 823 3248 ,
1050 3192 1199 3265 (later
1234 3192 1541 3254 945-959.)
1578 3229 1591 3242 .
1665 3231 1677 3247 .
1749 3231 1763 3246 .
1795 3220 1804 3229 -
1834 3231 2438 3246 ........

609 3280 766 3341 (174.)
833 3278 909 3328 lx.
980 3275 1096 3339 Imp.
1137 3274 1549 3327 Constantini
1586 3278 2127 3344 l‘orphyrogeniti
2189 3279 2247 3328 dc
2284 3278 2499 3342 sportulis

1048 3360 1198 3418 (inter
1231 3361 1331 3411 945
1357 3389 1372 3395 -
1402 3361 1541 3419 959.)
1580 3398 2439 3413 ...........

610 3448 765 3511 (175.)
859 3444 913 3495 Χ.
983 3444 1100 3507 Imp.
1142 3444 1559 3493 Constantini
1597 3446 2134 3510 porphyrogeniti
2181 3446 2243 3495 de
2290 3446 2499 3495 homicid

1052 3525 1184 3589 asyli.
1223 3526 1371 3585 (inter
1404 3527 1506 3577 945
1543 3528 1713 3591 ·959.)
1751 3566 2440 3581 .........

612 3615 767 3677 (176.)
837 3612 913 3663 xt.
986 3611 1102 3675 Imp.
1142 3610 1561 3669 Constantini
1604 3612 2148 3679 porphyrogeniti
2194 3615 2255 3664 de
2303 3614 2499 3664 homicid

1052 3694 1167 3759 asyli
1203 3695 1431 3745 secunda.
1470 3696 1619 3755 (Inter
1652 3696 1959 3753 945-959.)
2001 3734 2439 3749 ......

611 3784 768 3843 (177.)
815 3781 912 3831 xu.
983 3780 1100 3843 lmp.
1138 3778 1554 3830 Constantini
1594 3782 2133 3846 porphyrogeniti
2172 3790 2250 3845 ut,
2299 3782 2341 3831 si
2378 3783 2487 3845 quis

1049 3865 1154 3913 sine
1191 3863 1355 3914 tiberis
1391 3864 1671 3930 decesserit,
1708 3867 1846 3915 tertia
1883 3865 2115 3914 bonorum
2156 3866 2253 3914 nro
2289 3880 2499 3916 consecr·

614 3950 767 4013 (178.)
793 3950 915 4001 xm.
986 3949 1101 4012 imp.
1140 3948 1562 4000 Constantini
1601 3949 2141 4014 porphyrogeniti
2176 3950 2236 3998 de
2271 3949 2499 4011 servisl'uq

1054 4046 1149 4096 que
1186 4032 1407 4096 capitulis
1496 4070 2443 4084 ............

612 4117 771 4185 (179.)
794 4118 904 4167 xlv.
978 4119 1095 4180 Imp.
1134 4116 1549 4168 Constantini
1590 4117 2134 4182 porphyrogeniti
2172 4118 2499 4181 rescriptum·

1053 4200 1182 4249 tione
1217 4202 1523 4263 praediorum
1559 4217 1586 4252 a
1621 4202 1898 4265 potentibus
1934 4210 2317 4265 comparatorum
2344 4239 2355 4251 .
2430 4240 2440 4250 .
