2900 4950
1187 201 1305 265 lmp.
1341 202 1486 252 Alexii
1522 204 1766 256 Cmnneui.
2522 196 2644 257 357

304 345 445 418 άπὸ
486 351 619 417 τῶν
663 344 868 436 ἁγίων
911 349 1362 435 περιελθόντα
1405 350 1776 437 ἐκκλησιῶν,
1844 358 1951 419 καὶ
1997 357 2187 421 πᾶσα
2227 357 2347 437 μὲν
2392 353 2428 442 ἡ
2475 382 2646 444 προ-

301 458 461 537 τέρα
481 450 744 538 βουλὴ’
715 477 832 518 επι
859 461 1011 529 ταῖς
1037 451 1513 537 περισχούσαις
1554 452 1671 539 τὴν
1716 454 2139 538 ῥωμανίαν
2186 465 2646 542 στενοχωρίαις

303 552 398 632 εἰς
438 547 818 630 τούναντίον
861 558 1286 640 περιηνέχθη,
1335 552 1759 636 πολλαχόθεν
1804 554 1876 621 δὲ
1904 555 1981 620 τὸ
2010 560 2201 640 κέρας
2231 550 2481 658 ὑψώθη
2511 562 2643 627 τῶν

300 655 842 739 ἐπανισταμένων
883 651 1072 743 ἡμῖν,
1128 657 1235 722 καὶ
1280 654 1358 720 τὸ
1402 658 1519 742 τῆς
1560 657 1905 740 βασιλείας
1946 655 2070 744 ἤδη
2117 656 2371 779 σκάφος
2414 670 2645 728 πεσεῖν

298 753 704 844 ὑποβρύχιον
746 756 1124 836 κινδυνεύει,
1171 756 1232 824 εἰ
1274 755 1364 842 μὴ
1409 752 1447 842 ἡ
1496 757 1833 846 παναλκὴς
1879 757 2154 882 δύναὲιιις
2195 763 2312 824 τοῦ
2344 763 2511 825 θεοῦ
2546 757 2647 839 οἷς

298 852 441 927 οἶδε
503 865 813 945 κρίμασιν
877 852 1079 925 αὐτοῦ
1147 850 1587 945 ἀντιλήψεται
1649 867 1756 926 καὶ
1825 859 1920 938 εἷς
1975 885 2181 946 αυραν
2245 860 2472 948 στήσει
2529 861 2645 948 τὴν

295 961 678 1046 καταιγίδα·
715 959 896 1040 ἔδοξε
923 963 1002 1047 τῇ
1032 956 1341 1048 βασιλείᾳ
1369 955 1555 1044 ἡμῶν
1588 960 2093 1046 ἐπιμελέστερον
2125 957 2647 1045 ἀνιχνεύσασθαι

292 1060 407 1127 καὶ
461 1062 1134 1148 πολυπραγμονῆσαι,
1191 1066 1266 1127 τίω
1317 1061 1394 1149 δή
1451 1086 1619 1129 ποτε
1675 1060 1804 1146 ἄρα
1862 1063 2002 1130 ἐστὶ
2045 1062 2123 1128 τὸ
2169 1062 2285 1129 ἐπὶ
2325 1069 2644 1132 τοσοῦτον

293 1165 565 1251 κινῆσαν
590 1162 708 1251 τὴν
736 1159 930 1250 ὀργὴν
953 1165 1069 1231 τοῦ
1102 1165 1269 1230 θεοῦ
1295 1165 1403 1229 καὶ
1425 1164 1504 1229 τὸ
1533 1158 1877 1246 ἀπότομον
1901 1167 2019 1231 τοῦ
2044 1168 2268 1248 θυμοῦ
2288 1161 2464 1252 αὐτῷ
2486 1162 2639 1232 καθ’

294 1261 494 1353 ἡμῶν.
545 1263 943 1351 παροξύναν.
1047 1261 1275 1349 ἀμέλει
1328 1264 1441 1331 καὶ
1505 1271 1954 1349 συνεσκέψατο
2012 1278 2483 1349 πνευματικοῖς
2534 1271 2645 1334 καὶ

295 1371 520 1449 θείοις
547 1361 828 1453 ἀνδράσι
860 1368 1015 1452 περὶ
1051 1368 1170 1432 τοῦ
1204 1366 1610 1451 πράγματος.
1670 1370 1775 1434 καὶ
1805 1367 1954 1435 ἐπεὶ
1983 1368 2198 1453 ἔμαθε
2222 1363 2377 1453 παρ’
2406 1364 2639 1448 αὐτῶν,

297 1462 371 1535 ού
419 1469 673 1555 φαῦλον
718 1462 889 1534 εἶναι
918 1473 1277 1554 παραίτιον
1306 1471 1424 1535 τοῦ
1456 1473 1653 1535 θείου
1680 1474 2067 1556 μηνίματος,
2117 1466 2441 1555 ἅψασθαι
2473 1466 2644 1549 ὅλως

291 1565 464 1657 ἡμᾶς
504 1573 637 1637 τῶν
681 1563 932 1655 εύαγιῦν
975 1571 1083 1635 καὶ
1129 1575 1338 1636 θείων
1381 1572 1502 1636 τοῦ
1547 1572 1714 1637 θεοῦ
1759 1573 2142 1659 κειμηλίων,
2184 1563 2322 1637 ’κᾶν
2364 1569 2453 1658 μὴ
2500 1566 2641 1638 άπὸ

289 1674 586 1758 πονηρᾶς
626 1673 824 1739 τοῦτο
868 1672 1143 1756 καρδίας
1184 1676 1569 1759 πέπρακταί
1608 1697 1682 1739 τε
1723 1676 1830 1740 καὶ
1862 1671 2485 1760 τετελεσιούργηται,
2535 1670 2642 1741 ὅτι

289 1775 456 1861 μηδὲ
494 1772 580 1841 τὰ
621 1779 786 1841 θεῖα
827 1775 1229 1839 κοινοῦσθαι
1270 1775 1403 1840 τῶν
1451 1772 1886 1856 ἐνδεχομένων
1936 1771 2107 1853 ὅλως
2152 1774 2310 1862 ἐστὶ,
2356 1777 2523 1863 μηδὲ
2554 1776 2639 1843 τὰ

291 1875 386 1954 εἷς
424 1885 649 1962 χεῖρας
692 1879 1163 1960 παρατεθέντα
1203 1876 1371 1940 θεοῦ
1418 1873 1491 1952 ἐξ
1534 1873 1795 1942 ἐκείνων
1835 1864 2040 1954 αὖθις
2070 1870 2640 1961 ἆνταφαιρεῒσθαι

287 1979 396 2043 καὶ
441 1976 537 2057 εἷς
581 1976 805 2059 ἑτέρας
841 1981 1068 2059 χρείας
1108 1973 1679 2060 καταβιβάζεσθαί
1720 2000 1793 2041 τε
1836 1978 1948 2042 καὶ
1992 1982 2439 2062 στρέφεσθαι·
2499 1977 2637 2044 δεῖν

291 2078 454 2164 ἔγνω
499 2073 637 2162 ἅμα
678 2077 797 2161 μὲν
839 2074 958 2164 τὴν
999 2077 1370 2159 μέλλουσαν
1416 2070 1621 2161 ὁρμὴν
1669 2069 2058 2143 ἀναστεῖλαι
2098 2079 2215 2142 τοῦ
2260 2080 2479 2157 κακοῦ,
2526 2078 2636 2145 ἵνα

287 2184 520 2267 μηκέτι
559 2177 637 2245 τὸ
682 2172 822 2246 ἀπὸ
866 2177 1063 2246 τοῦδε
1106 2176 1293 2264 παρὰ
1332 2187 1743 2263 χριστιανοῒς
1769 2178 2122 2262 βασιλεῦσι
2150 2177 2449 2264 πάροδον
2481 2175 2634 2267 εὕρῃ

289 2281 478 2362 ποτὲ,
525 2276 664 2366 ἅμα
708 2280 781 2346 δὲ
823 2281 932 2346 καὶ
976 2278 1062 2346 τὰ
1106 2278 1604 2364 προδιελθόντα
1639 2278 1939 2348 καθόσον
1970 2284 2214 2358 σθένος
2245 2278 2599 2347 ἰάσασθαι.

458 2380 539 2449 α’.
597 2375 847 2448 Ούκοῦν
874 2381 987 2451 καὶ
1014 2381 1569 2468 ἐξομολογουμένη
1603 2379 1892 2448 ἐνώπιον
1914 2384 2080 2448 θεοῦ
2112 2383 2217 2447 καὶ
2251 2375 2634 2467 ἀνθρώπων

284 2481 324 2572 ἦ
379 2486 687 2572 βασιλεία
739 2507 869 2570 μου
914 2485 1021 2550 καὶ
1065 2483 1183 2570 τὴν
1229 2482 1634 2570 συγχώρησιν
1678 2482 1746 2549 ἐν
1791 2478 1893 2563 οἷς
1938 2484 2209 2570 ἔδρασεν
2254 2477 2633 2573 ἀβουλήτως

286 2586 356 2654 ἐκ
395 2592 598 2675 μέσης
643 2580 1131 2708 ἀνακαλουμένη
1173 2588 1405 2672 ψυχῆς,
1452 2589 1902 2671 παρεγγυᾶται
1932 2587 2038 2651 καὶ
2072 2584 2138 2651 ἐν
2171 2584 2433 2673 ἐπηκόῳ
2464 2588 2631 2652 θεοῦ

283 2694 733 2768 κατατίθεται,
788 2687 1009 2754 πάντα
1053 2685 1138 2752 τὰ
1183 2680 1321 2752 ἀπὸ
1365 2690 1482 2773 τῆς
1528 2682 2042 2774 αὐτοκρατορίας
2088 2682 2288 2774 αὐτῆς
2332 2689 2441 2754 καὶ
2486 2685 2636 2774 ἄχρι

282 2792 401 2876 τῆς
453 2789 643 2872 δεῦρο
698 2790 831 2854 τῶν
890 2789 1084 2872 ἱερῶν
1142 2787 1495 2873 ἐκκλησιῶν
1553 2783 2015 2874 ἀφαιρεθέντα
2057 2790 2169 2853 καὶ
2216 2789 2309 2866 εἷς
2351 2788 2469 2867 τὰς
2512 2788 2632 2855 τοῦ

285 2891 606 2976 δημοσίου
646 2894 869 2975 χρείας
913 2892 1288 2974 στραφέντα
1333 2882 2020 2974 ἆποκαταστήσεσθαι
2063 2877 2270 2967 αὖθις
2300 2890 2485 2977 παρὰ
2513 2875 2631 2956 τοῦ

282 2989 561 3077 κράτους
605 2984 805 3074 αὐτῆς
845 2996 995 3066 ταῖς
1039 2987 1407 3075 ἐκκλησίαις
1449 2992 1566 3053 τοῦ
1609 2994 1809 3069 θεοῦ,
1868 2989 2037 3072 μετὰ
2081 2989 2197 3075 τὴν
2242 2994 2358 3075 τῆς
2400 3014 2633 3074 κοσμι-

281 3095 398 3177 κῆς
438 3089 818 3176 καταιγίδος
859 3087 1286 3155 κατάπτωσιν
1330 3092 1441 3155 καὶ
1484 3089 1600 3174 τὴν
1641 3093 1758 3175 τῆς
1799 3091 2143 3174 βασιλείας
2190 3090 2282 3168 εἰς
2312 3091 2388 3155 τὸ
2418 3101 2633 3175 κρεῖτ-

245 3214 398 3258 ·τον
442 3184 1017 3271 ἀποκατάστασιν·
1087 3185 1176 3268 ὥς
1217 3189 1339 3276 γὰρ
1387 3190 1561 3256 ἴδιον
1601 3196 1789 3279 χρέος
1835 3186 2001 3257 αὐτὰ
2048 3185 2463 3274 ἀναδέχεται,
2523 3197 2629 3260 καὶ

280 3287 626 3383 ὀφειλέτης
671 3287 843 3360 εἶναι
882 3302 1032 3370 ταῖς
1076 3287 1293 3377 ἁγίαις
1336 3291 1708 3379 ἐκκλησίαις
1752 3287 1869 3358 οὐκ
1913 3287 2370 3359 ἀπαναίνεται.
2434 3294 2528 3372 εἷς
2559 3297 2631 3361 δέ

277 3421 352 3484 γε
391 3395 508 3463 τὸν
554 3393 867 3481 ἐσόμενον
912 3388 1051 3460 άπὸ
1093 3393 1294 3460 τοῦδε
1328 3392 1564 3479 χρόνον
1609 3394 1806 3482 ἑαυτῇ
1852 3420 1925 3461 τε
1967 3399 2075 3460 καὶ
2112 3397 2289 3461 πᾶσι
2316 3405 2460 3473 τοῖς
2487 3390 2624 3479 μετ’

280 3492 479 3584 αὐτὴν
514 3490 943 3583 ’χριστιανοῒς
995 3497 1347 3580 βασιλεῦσι
1403 3494 1517 3562 διὰ
1571 3499 1689 3584 τῆς
1744 3496 2089 3583 παρούσης
2140 3497 2627 3582 χρυσοβούλλου

277 3601 535 3686 γραφῆς
575 3597 691 3665 τὸν
738 3592 876 3665 άπὸ
920 3600 1085 3664 θεοῦ
1133 3595 1373 3680 δεσμὸν
1406 3596 1779 3685 ἐπιτίθησι,
1824 3604 2056 3684 μηκέτι
2084 3599 2415 3685 τολμῆσαι
2445 3594 2629 3682 ἅψα-

280 3705 451 3767 σθαι
509 3699 732 3785 ἱερῶν,
789 3691 910 3764 κᾶν
966 3700 1157 3764 πᾶσα
1211 3692 1451 3784 ἀνάγκη
1508 3699 1836 3783 βιάζεται,
1894 3698 1982 3784 μὴ
2040 3708 2266 3784 χεῖρας
2310 3693 2628 3782 άνάγνους

277 3801 643 3889 ἐπαφεῖναι
683 3809 828 3878 τοῖς
874 3799 1095 3884 ἱεροῖς,
1140 3796 1228 3883 μὴ
1273 3798 1655 3883 βεβηλῶσαι
1694 3799 1778 3864 τὰ
1823 3805 1988 3865 θεῖα
2030 3798 2337 3885 κειμήλια
2372 3797 2485 3864 διὰ
2512 3801 2629 3882 τῆς

281 3902 374 3981 εἰς
416 3903 777 3991 δημοσίους
821 3898 1087 3978 ἐξόδους
1129 3895 1381 3964 τούτων
1424 3901 1859 3985 περιαγωγῆς.
1935 3904 2138 3983 μέσον
2184 3899 2256 3965 δὲ
2300 3901 2472 3966 θεοῦ
2516 3902 2627 3966 καὶ

280 3998 661 4088 ἀνθρώπων
707 4002 1011 4089 φραγμοῦ
1055 4003 1387 4078 τεθέντος,
1437 3996 1510 4063 ὃν
1557 3993 1630 4064 οὖ
1664 3997 2147 4084 παρελεύσεται
2175 3996 2462 4087 εὐσεβὴς,
2510 3998 2627 4067 ἄν-

279 4110 557 4189 θρωποι
596 4104 717 4188 μὲν
760 4111 906 4180 τοῖς
946 4095 1289 4187 ἡμετέροις
1327 4097 1750 4187 χρησόμεθα,
1799 4096 1964 4177 θεὸς
2003 4099 2075 4166 δὲ
2103 4098 2187 4166 τὰ
2218 4095 2626 4169 ἀνατεθέντα

280 4197 457 4288 αὐτῷ
506 4204 636 4284 ἕξει
679 4198 969 4290 ἀκίνητα,
1014 4204 1124 4269 καὶ
1167 4200 1551 4285 πάντολμος
1590 4202 1729 4285 χεὶρ
1759 4198 2013 4267 τούτων
2044 4195 2156 4285 οὐχ
2188 4198 2456 4288 ἅψεται.
2513 4203 2624 4270 καὶ

283 4305 346 4372 εἲ
387 4327 518 4383 τις,
578 4305 875 4371 δέσποτα
930 4306 1038 4371 καὶ
1080 4302 1235 4384 θεὲ,
1294 4300 1373 4369 τὸ
1432 4295 1572 4369 ἀπὸ
1616 4302 1811 4368 τοῦδε
1850 4310 2074 4389 χεῖρας
2114 4303 2431 4392 τολμήσει
2475 4304 2626 4372 ἐπι-
