2900 4950
1024 293 1148 357 Imp.'
1175 293 1408 342 Manuelis
1447 293 1694 343 Comneni.
2400 286 2520 348 435

193 443 456 523 Imperio
497 462 629 504 meo
675 458 731 507 et
755 443 1059 515 Romanie,
1106 443 1268 506 velut
1312 446 1479 523 sacta
1523 446 1596 504 ab
1640 450 2061 525 apocrisiariis
2108 467 2318 510 eorum
2362 469 2523 528 sym-

185 544 414 624 phonia
485 545 667 606 latiits
731 547 799 606 de
867 545 960 606 his
1015 555 1261 608 tractat.
1358 546 1657 618 Quoniam
1724 565 1870 608 vero
1934 551 2320 628 quesiverunt
2385 563 2525 613 ante

189 646 421 724 factum
465 647 584 708 sibi
626 646 1082 725 chrysobnllion
1127 647 1288 709 beati
1328 648 1558 708 domini
1609 659 1666 708 et
1714 653 1916 726 patris
1978 648 2231 729 Imperii
2268 654 2385 711 mei
2424 671 2524 712 re-

191 752 425 827 corriyi
451 766 678 809 rursus
710 760 765 808 et
795 749 938 808 dari
962 749 1092 818 sibi,
1139 748 1304 808 velut
1327 752 1431 827 qui
1460 748 1593 824 jam
1625 750 1963 811 exciderint
2005 770 2081 812 ex
2110 756 2243 831 ipso
2266 764 2525 832 propter

194 848 402 927 culpas
449 868 558 928 que
601 855 1039 926 contae‘nyerant,
1085 851 1393 910 exaudivit
1441 868 1642 911 omnes
1688 850 2013 931 Imperium
2056 871 2279 924 meum,
2327 866 2383 916 et
2424 858 2523 914 in-

189 960 417 1010 mutate
449 948 645 1025 jussit
691 951 801 1011 hoc
845 964 1040 1013 tomen
1086 951 1273 1011 scribi
1307 956 1571 1031 ponique
1617 951 1722 1019 hic,
1773 952 1995 1014 habens
2039 957 2159 1015 sic:

361 1050 478 1122 „Et
535 1054 676 1131 quid
730 1072 993 1132 unquam
1050 1056 1130 1113 sit
1187 1070 1424 1123 eorum,
1495 1072 1604 1132 que
1659 1063 1804 1113 sunt
1867 1055 2304 1117 commutatio¹³
2367 1076 2522 1136 pure

189 1153 487 1222 „amicitie
534 1171 604 1211 ac
645 1151 834 1232 fidei?
928 1153 1087 1226 Quid
1143 1171 1288 1214 vero
1346 1157 1552 1213 amicis
1611 1166 1664 1213 et
1720 1158 2049 1222 nn'nistris,
2113 1157 2403 1235 periculis
2462 1177 2524 1219 se

188 1252 468 1325 „obicere
519 1272 640 1332 pro
696 1259 900 1314 amicis
956 1266 1015 1315 et
1079 1255 1330 1315 dominis
1387 1254 1795 1333 elliyentibus‚
1867 1255 2075 1316 reddet
2138 1262 2270 1337 quis
2335 1258 2523 1336 equi²⁴

189 1355 550 1432 „ponderis,
612 1365 669 1416 et
712 1359 968 1415 maoeime
1014 1357 1249 1435 qnando
1298 1366 1626 1434 spontanee
1681 1372 1798 1434 pro
1860 1355 1949 1415 bis
2006 1359 2070 1416 in
2130 1359 2525 1420 contamina¹⁵

189 1459 295 1526 „in
343 1454 454 1516 hiis
500 1475 609 1534 que
655 1468 869 1517 contra
915 1457 1110 1517 hostes
1155 1471 1300 1519 sunt
1339 1456 1556 1534 preliis
1610 1456 1673 1515 lvi
1713 1454 2037 1516 venerint?
2124 1455 2346 1519 Nostre
2388 1465 2522 1539 qui-

187 1558 361 1629 „dem
429 1558 692 1617 studium
758 1557 1091 1618 voluntatis
1148 1575 1422 1635 maynam
1482 1557 1633 1616 bane
1689 1575 1815 1617 rem
1868 1575 2129 1636 ponens,
2201 1561 2388 1619 nichil
2446 1564 2525 1622 ad

190 1659 467 1736 „dianam
515 1663 743 1718 invenit
789 1662 1350 1721 remunerationem.
1440 1656 1655 1718 Reddit
1698 1677 1876 1732 vero,
1935 1671 2161 1740 quanta
2217 1661 2319 1719 dot
2374 1674 2521 1722 tem*-

187 1754 477 1838 ‚3p0r2·s¹⁰‚
526 1772 580 1819 et
623 1779 732 1839 qne
775 1763 980 1819 amicis
1039 1769 1099 1818 et
1151 1763 1451 1820 ministris
1504 1770 1647 1819 sunt
1687 1759 2010 1837 placentia.
2100 1761 2257 1823 Sunt
2301 1773 2519 1834 autem,

187 1877 340 1940 „que
386 1861 816 1922 retribuuntur
858 1860 1003 1940 fidei
1043 1870 1095 1919 et
1140 1878 1293 1937 pure
1350 1863 1666 1920 servitutis
1709 1866 1972 1938 premia,
2030 1874 2248 1922 nostra
2293 1865 2523 1941 quidem

188 1964 506 2033 „studiosa
550 1961 865 2022 voluntate
910 1973 966 2022 et
1010 1971 1344 2039 spontaneo
1389 1965 1590 2021 animo
1634 1965 1873 2021 minora
1917 1979 1988 2022 ac
2027 1966 2351 2040 pauciora,
2400 1982 2523 2024 non

186 2063 515 2141 „iynobilia
570 2079 715 2121 vero
775 2063 1052 2141 quedam,
1119 2079 1226 2119 nec
1282 2066 1488 2120 amicis
1533 2072 1587 2121 et
1631 2066 1826 2120 servis
1872 2063 2133 2139 indiyna.
2223 2062 2341 2122 Sed
2383 2066 2524 2143 quid

187 2165 411 2238 „michi
443 2169 784 2242 proemium
828 2159 1008 2221 vult?
1095 2160 1201 2239 Ea,
1246 2180 1356 2241 que
1397 2160 1665 2240 fidelium
1720 2160 2126 2222 {fanaticorum
2168 2174 2329 2232 sunt,
2377 2164 2522 2224 nicl-

184 2265 329 2339 „lus
378 2267 635 2325 omnium
682 2266 1021 2341 iynoravit:
1069 2271 1124 2322 et
1162 2280 1276 2342 quo
1294 2260 1331 2293 ¹⁷
1376 2253 1552 2323 inodo
1583 2275 1882 2323 venerunt
1913 2269 2280 2326 constructis
2310 2265 2520 2326 multi-

185 2368 384 2445 „feris
429 2366 683 2426 navibus
731 2368 807 2425 od
853 2365 1262 2443 Epidamnum,
1311 2366 1471 2442 quod
1504 2363 1908 2441 Dyrrachium
1942 2382 2220 2425 vocamus
2267 2385 2415 2438 nos;
2465 2377 2523 2427 et

186 2469 519 2550 „quomodo
566 2473 733 2529 viros
778 2470 925 2527 navi
959 2475 1300 2546 pugnantes
1345 2468 1696 2526 innumeros
1733 2471 1792 2525 in
1829 2466 2130 2550 auxilium
2160 2468 2330 2528 nobis
2371 2486 2521 2548 pre-

185 2581 661 2645 „sentaverunt3
724 2567 1180 2649 quomodoque¹⁹
1241 2571 1502 2647 proprio
1570 2567 1754 2629 stoIlo
1818 2568 2056 2629 scelesti
2114 2569 2337 2630 stolum
2357 2568 2395 2601 '¹'
2462 2575 2526 2634 vi

184 2670 680 2752 ‚‚snperarnnt²⁰,
744 2671 1065 2749 perdentes
1126 2686 1258 2729 cum
1311 2673 1459 2749 ipsis
1516 2672 1706 2744 viris‚·
1772 2682 1829 2729 et
1885 2672 2042 2749 quod
2084 2689 2247 2731 ’ωηο
2291 2688 2519 2751 quoque

184 2772 400 2849 „nobis
446 2772 816 2832 auxiliantes
868 2782 1306 2848 perseverant5
1360 2780 1416 2830 et
1461 2769 1615 2845 alia,
1680 2789 1788 2849 que
1832 2790 1869 2831 a
1915 2770 2339 2849 thalattocopis
2382 2776 2421 2831 i.
2470 2790 2516 2832 e.

186 2882 293 2949 „in
336 2877 499 2934 mari
539 2870 955 2932 laborantibus
1012 2873 1165 2929 viris
1211 2881 1345 2930 acta
1390 2882 1568 2939 sunt,
1626 2881 1683 2930 et
1738 2890 1846 2949 que
1890 2881 2169 2931 correcta
2212 2885 2521 2933 nonerunt

186 2993 454 3052 „omnm
500 2974 619 3033 etsi
658 2988 770 3031 nos
815 2989 941 3031 non
985 2968 1303 3030 dicamus?
1396 2968 1561 3029 Unde
1592 2975 1739 3030 etin
1785 2974 2273 3030 remuneratione
2304 2970 2520 3046 hujus—

186 3077 391 3150 „modi
429 3078 702 3153 ipsorum
750 3075 1143 3132 servitiorum
1187 3072 1326 3132 bene
1376 3070 1572 3131 voluit
1622 3069 1942 3147 Imperium
1983 3088 2178 3129 meum
2219 3089 2333 3149 per
2370 3089 2520 3149 pre-

135 3166 144 3187 *
185 3196 367 3251 „sens
417 3173 850 3235 chrisobullion
897 3189 1229 3233 sermonem
1257 3177 1542 3250 ,accipere
1587 3189 1688 3229 eos
1733 3188 1934 3229 onitue
1962 3173 2025 3228 in
2072 3179 2335 3249 tempore
2379 3189 2521 3248 roye

182 3279 651 3355 „sollempnium
706 3273 978 3334 librar.²¹
1027 3271 1174 3347 XX„
1244 3282 1300 3333 et
1352 3283 1422 3331 ut
1480 3270 1932 3332 distribuantur
1976 3269 2078 3330 hec
2119 3274 2185 3331 in
2224 3275 2520 3350 proprias

182 3382 507 3456 „ecclesias
551 3377 874 3437 secundum
933 3380 1203 3455 ipsorum
1260 3372 1434 3433 velle.
1528 3370 1870 3433 Honoravit
1920 3382 2121 3432 autem
2166 3381 2222 3432 et
2264 3372 2522 3434 nobilem

183 3484 448 3557 „Ducem
504 3495 716 3539 eorum
770 3475 1288 3537 venerabilissima
1348 3474 1767 3553 protosebasti
1827 3476 2113 3551 diynitate
2180 3493 2308 3533 cnm
2372 3492 2521 3553 roqa

184 3589 402 3656 „etiam
447 3600 558 3642 sua
598 3579 972 3660 plenissima.
1066 3576 1201 3639 Non
1247 3581 1309 3638 in
1348 3594 1624 3657 persona
1674 3593 1818 3636 vero
1864 3577 2055 3655 ipsius
2102 3575 2523 3636 determinavit

184 3686 546 3756 „honoreuu
609 3684 712 3743 sed
756 3683 1184 3741 indesinentem
1232 3697 1355 3739 esse
1402 3689 1579 3759 atque
1621 3688 1982 3758 perpetuum
2025 3685 2082 3736 et
2123 3694 2237 3757 per
2281 3694 2519 3737 succes-

179 3792 424 3863 „siones
465 3781 711 3863 usque²²
754 3782 1081 3843 secundum
1124 3777 1332 3839 diem²³
1387 3780 1627 3854 suerint
1686 3778 1948 3839 Ducibus
1989 3782 2329 3839 transmitti
2370 3777 2519 3853 defi-

321 3983 355 4012 ¹³
404 3988 505 4035 Hoc
552 3985 745 4034 verbum
796 3980 1201 4044 transponendum
1251 3988 1351 4043 est,
1406 3980 1505 4028 sic:
1563 3979 1617 4027 Et
1668 3979 1782 4041 quid
1831 3992 2040 4040 unquam
2095 3977 2157 4025 sit
2210 3976 2517 4025 commutatio

183 4063 430 4137 (ἀμοιβή)
467 4083 650 4130 eorum,
686 4081 811 4132 quae
847 4075 936 4116 etc.
1141 4061 1179 4090 ¹⁴
1231 4065 1327 4113 Lib.
1367 4064 1536 4112 albus:
1577 4066 1723 4127 equis.
1912 4057 1965 4091 ·¹⁵
2016 4063 2114 4109 An:
2167 4064 2413 4110 certamina
2448 4062 2516 4110 vel

181 4157 466 4208 conamina?
651 4150 691 4180 ²⁶
728 4157 828 4201 An:
868 4152 1083 4215 tempus?
1167 4176 1174 4191 ·
1287 4146 1321 4173 ¹⁷
1359 4148 1460 4197 Lib.
1496 4147 1665 4197 albus:
1708 4162 1805 4212 que.
2015 4141 2052 4170 ¹⁸
2089 4144 2250 4192 idem:
2286 4146 2515 4209 quodque.

180 4238 222 4267 ¹⁹
260 4239 423 4288 idem:
462 4239 605 4288 stolii.
759 4234 800 4262 ²⁰
836 4235 997 4285 Idem:
1037 4248 1270 4298 superare.
1430 4228 1469 4256 ²⁸
1505 4231 1686 4281 Malum:
1726 4232 1887 4281 libras.
2035 4224 2077 4253 ²³
2110 4228 2191 4277 Sic
2228 4227 2326 4276 Lib.
2363 4228 2517 4279 albos.

182 4324 289 4375 Lib.
325 4328 510 4387 poetar.
546 4331 595 4372 ut
633 4323 713 4387 qui
748 4337 837 4373 sec.
905 4319 1128 4369 Editores
1163 4319 1224 4367 iis
1258 4318 1355 4381 qui.
1427 4315 1588 4367 Recte.
1758 4311 1797 4339 ²³
1831 4312 2077 4363 Editores:
2120 4314 2339 4378 deinoeps
2356 4326 2518 4362 emen·

181 4411 314 4461 dant.
385 4406 492 4455 Non
529 4420 667 4468 opus.
740 4404 949 4454 Graece:
988 4396 1127 4451 κατὰ
1160 4395 1263 4461 τῆν
1298 4392 1524 4466 ἡμέραν.
2001 4479 2109 4531 28*
