2900 4950
398 269 522 332 536
1288 285 1406 335 eon.
1447 285 1518 334 tv.
1590 284 1701 349 nov.
1739 284 1832 334 xe.

396 436 634 497 Venetie
680 436 947 497 satisfieri
995 436 1053 496 in
1099 435 1224 509 his,
1286 454 1400 514 que
1445 443 1725 496 a‘nostra
1783 433 2096 495 serenitate
2142 433 2194 494 ei
2242 432 2531 512 promissa
2578 443 2761 507 sunt,

397 538 662 599 videlicet
703 537 762 597 in
807 537 1137 598 redditione
1167 555 1383 610 rerum,
1428 555 1544 616 que
1576 535 1864 598 veneticis
1897 534 2087 596 ablate
2118 536 2353 596 suerunt
2394 543 2557 607 tunc,
2607 554 2759 596 cum

399 659 429 700 a
486 657 723 718 semper
777 638 1157 699 memorando
1220 638 1576 719 Imperatore
1637 646 1697 699 et
1762 636 2305 697 desiderantissimo
2370 634 2757 697 celsitudinis

400 749 599 801 nostre
642 747 883 820 patruo,
930 739 1168 800 domino
1215 738 1481 800 Manuele
1528 739 1850 812 Comnano,
1897 737 2050 817 capti
2094 738 2471 810 suerunt,'et
2515 737 2757 798 exhibi-

399 843 559 904 tione
604 842 1072 902 centenariorum
1120 840 1559 920 quatuordecim
1606 857 2046 919 yperperorum,
2093 857 2208 919 que
2248 838 2394 899 ultra
2429 858 2558 899 eam
2590 838 2754 919 ipsis

400 945 688 1024 promissa
734 951 872 1004 sunt
916 942 989 1003 ob
1035 958 1305 1015 causam,
1363 960 1478 1020 que
1535 941 1594 1000 in
1641 939 1935 1001 crisobulo
1978 959 2088 1021 pro
2132 939 2382 1000 hiisdem
2428 940 2585 1001 edito
2636 960 2754 1000 no-

402 1045 726 1117 tificantur,
794 1044 870 1105 ob
926 1043 1109 1123 quos²
1162 1052 1221 1104 et
1282 1061 1463 1103 unum
1523 1042 1924 1103 centenarium
1982 1058 2402 1121 yperperorum
2458 1040 2545 1101 eis
2604 1060 2749 1121 pre-

401 1146 733 1226 impensum
767 1154 874 1205 est.
909 1171 918 1180 ·
963 1145 1195 1225 Quippe
1227 1152 1282 1205 et
1314 1143 1502 1204 nuntii
1545 1144 1617 1203 ad
1665 1153 1923 1204 nostram
1954 1142 2337 1204 clementiam·
2354 1142 2517 1203 missi
2564 1153 2746 1204 sunt:

401 1248 591 1329 primo
634 1247 870 1327 quidem
914 1246 1121 1308 Petrus
1167 1244 1428 1318 michael,
1476 1245 1827 1306 Octavianus
1873 1243 2155 1316 Quirinus
2199 1253 2258 1305 et
2297 1243 2603 1305 Iohannes
2637 1244 2749 1304 mi-

401 1349 585 1424 chael,
631 1348 1075 1410 conventionem
1123 1365 1321 1419 suam,
1390 1365 1564 1425 quam
1612 1346 2110 1425 Imperio‘nostro
2155 1353 2214 1405 et
2257 1345 2540 1406 Romanie
2587 1346 2747 1406 sece-

402 1460 558 1523 runt,
604 1450 935 1528 iuramento
979 1447 1412 1508 corroboratam
1462 1448 1732 1526 equidem
1769 1447 2103 1519 offerenteS,
2146 1457 2208 1507 et
2251 1464 2364 1525 que
2410 1446 2555 1526 ipsis
2601 1467 2746 1527 pm-

402 1552 580 1612 missa
625 1558 764 1610 sunt
810 1567 915 1628 per
959 1547 1370 1627 chrysobolum
1416 1559 1478 1609 ut
1522 1548 1738 1609 dictum
1800 1557 1890 1609 est
1945 1547 2272 1627 exigentes:
2330 1547 2544 1608 deinde
2600 1567 2743 1609 vero

403 1670 536 1712 vero
590 1651 901 1727 sorori(us)
946 1648 1290 1709 nobilissimi
1347 1657 1405 1710 et
1460 1648 1714 1728 Imperio
1772 1658 1973 1711 nostro
2032 1648 2353 1710 fidelissimi
2407 1649 2584 1710 Ducis
2634 1650 2746 1710 Ve-

403 1753 557 1814 netie
603 1753 811 1813 Petrus
856 1750 1174 1811 Cot-narius
1230 1759 1288 1810 et
1331 1748 1671 1811 Dominicus
1716 1751 2033 1824 Memmus,
2089 1759 2436 1830 procurator
2490 1749 2743 1811 ecclesie

402 1853 585 1915 sancti
631 1852 828 1923 Marci,
883 1851 1209 1930 injunctum
1254 1853 1518 1930 profecto
1564 1851 1911 1912 habentem³
1954 1852 2163 1930 agendi
2208 1851 2381 1912 simul
2425 1871 2557 1912 cum
2606 1870 2746 1931 pre-

401 1954 777 2029 cedentibus3
824 1961 1211 2032 reppererunt
1253 1952 1489 2031 quidem
1535 1953 1900 2014 clementiam
1946 1962 2207 2014 nostram
2248 1953 2510 2032 ipsorum
2557 1953 2743 2032 pecti-

399 2056 543 2117 tioni
590 2064 969 2126 annuentem,
1016 2062 1074 2114 et
1116 2053 1188 2114 ad
1235 2055 1652 2133 perfectionem
1698 2073 1921 2127 eorum,
1969 2073 2083 2135 que
2127 2053 2200 2114 ab
2247 2054 2390 2134 ipsis
2433 2054 2744 2133 postulan-

400 2167 515 2230 tur,
561 2166 844 2237 paratam.
932 2155 1142 2217 Verum
1189 2146 1534 2217 universalis
1578 2154 1877 2216 annulatio
1922 2164 1980 2216 et
2022 2156 2273 2235 perditio
2328 2174 2557 2228 rerum,
2624 2175 2743 2237 qne

402 2259 590 2320 ablate
637 2258 782 2338 ipsis
827 2258 1009 2330 fuere,
1055 2256 1332 2317 voluntati
1378 2256 1534 2317 bone
1579 2257 1912 2318 serenitatis
1957 2266 2186 2329 nostre,
2246 2274 2420 2337 quam
2466 2275 2603 2335 erga
2652 2256 2744 2337 ip-

402 2379 501 2421 sos
547 2359 854 2420 clementia
904 2366 1100 2417 nostra
1146 2356 1413 2432 habehat,
1461 2358 1880 2437 impedimento
1911 2358 2181 2436 equidem
2215 2358 2423 2419 stabat.
2513 2358 2743 2421 Idcirco

403 2470 604 2523 nostra
650 2459 936 2522 serenitas
981 2457 1112 2519 illos
1155 2457 1374 2520 imitata
1422 2460 1689 2533 viatores,
1737 2460 1834 2539 qui
1870 2480 1903 2521 a
1932 2460 2041 2530 via,
2088 2460 2339 2521 ducente
2369 2459 2441 2521 ad
2485 2459 2545 2520 id
2577 2460 2740 2540 quod

404 2563 602 2623 volunt
646 2560 1049 2633 diversorium,
1095 2561 1387 2621 modicum
1433 2560 1815 2636 declinantes,
1863 2561 2099 2641 quando
2129 2561 2399 2643 quidem¹
2445 2561 2532 2623 sic
2573 2580 2738 2634 casu,

404 2682 518 2743 que
561 2671 718 2723 recte
763 2662 850 2721 vie
895 2670 1053 2735 sunt,
1101 2681 1382 2741 prospere
1414 2662 1500 2722 eis
1533 2681 1649 2723 non
1691 2661 1910 2742 jacent,
1958 2681 2065 2741 per
2093 2663 2262 2723 aliam
2294 2663 2443 2724 viam
2474 2663 2547 2723 ad
2580 2663 2741 2724 idem

403 2764 706 2844 pervenire
752 2771 1057 2842 coguntur,
1105 2773 1163 2825 et
1207 2765 1277 2824 ad
1325 2764 1579 2824 eundem
1624 2765 1800 2825 finem
1847 2764 2181 2837 deveniunt,
2228 2783 2581 2843 quamquam
2632 2783 2743 2844 per

403 2863 572 2925 aliam
620 2865 801 2927 viam:
848 2874 907 2927 et
950 2866 1020 2926 ad
1069 2865 1240 2926 verba
1285 2866 1527 2927 veniens
1572 2884 1703 2926 cum
1752 2864 1875 2944 jam
1921 2865 2093 2927 dictis
2134 2865 2339 2946 legatis
2383 2885 2492 2945 pro
2537 2884 2737 2927 rerum

403 2986 605 3027 eorum
653 2966 1018 3039 inventione,
1068 2967 1199 3046 quia
1247 2967 1305 3026 in
1343 2967 1608 3045 possibili
1656 2985 1782 3027 eam
1823 2967 2115 3046 jacentem
2164 2969 2534 3046 nequaquam
2579 2986 2743 3027 com-

403 3068 684 3148 periebat,
727 3068 901 3129 alium
949 3069 1187 3129 modum
1235 3066 1320 3128 eis
1366 3066 1611 3147 precipit
1655 3068 1932 3148 reperire,
1977 3088 2086 3148 per
2114 3087 2287 3148 quem
2333 3068 2471 3129 talio
2514 3068 2602 3129 eis
2638 3069 2742 3129 liat

403 3189 598 3230 rerum
645 3189 868 3240 eorum,
915 3189 1028 3248 que
1074 3187 1179 3228 ceu
1226 3169 1498 3248 superius
1530 3168 1892 3230 notificatum
1923 3180 2014 3231 est
2045 3189 2113 3231 ex
2144 3170 2537 3250 promissione
2570 3169 2739 3229 reddi

403 3271 636 3351 quidem
684 3270 992 3342 debebant,
1040 3289 1158 3329 non
1206 3279 1398 3330 autem
1446 3270 1907 3350 reperiebantur,
1954 3282 2013 3331 et
2056 3271 2130 3331 oh
2176 3271 2290 3331 hoc
2333 3289 2494 3332 suam
2540 3271 2746 3330 reddi-

402 3372 621 3432 tionem
676 3372 832 3432 inter
886 3370 1246 3450 inpossibilia
1317 3371 1631 3450 ponebant.
1722 3372 1838 3451 lpsi
1896 3382 2090 3433 autem
2150 3371 2394 3432 multum
2449 3368 2746 3432 babentes

401 3473 690 3545 studium,
748 3491 852 3533 sue
909 3482 1063 3533 terre
1121 3473 1444 3550 proficuum
1507 3472 1874 3534 invenerunt.
1964 3473 2039 3534 Et
2081 3472 2492 3534 habundanter
2535 3480 2743 3533 nostre

403 3573 730 3653 supplicant
778 3572 1074 3634 serenitati
1121 3591 1301 3651 super
1344 3573 1476 3645 hiis,
1523 3593 1636 3652 que
1677 3576 1747 3634 ad
1782 3575 2265 3636 restaurationem
2312 3573 2420 3634 sibi
2468 3573 2593 3633 fleri
2640 3591 2744 3632 vo-

400 3674 545 3748 lunt,
594 3685 650 3736 et
693 3675 843 3755 parti
890 3673 1126 3734 Venetie.
1171 3674 1294 3733 dari
1342 3684 1594 3753 poscunt
1637 3694 1744 3754 per
1788 3675 2081 3736 embolum
2128 3684 2187 3735 et
2232 3694 2340 3753 per
2372 3672 2740 3754 pensionalia

403 3785 461 3840 et
504 3778 690 3839 scalas
735 3775 1088 3846 maritimas,
1154 3774 1383 3835 embolo
1429 3775 1656 3855 pridem
1703 3776 1774 3836 ab
1820 3777 1932 3837 biis
1977 3776 2174 3837 habito
2220 3775 2587 3856 adjacentes,
2635 3795 2743 3836 an-

405 3879 622 3944 nuum³
666 3878 963 3939 introitum
1011 3876 1289 3936 librarum
1335 3896 1754 3958 yperperorum
1804 3878 2243 3957 quinquaginta.

573 3980 646 4041 Et
701 3989 898 4039 nostra
959 3977 1051 4058 pia
1101 3977 1490 4057 tranquillitas
1547 3977 1881 4058 hujusmodi
1928 3998 2132 4039 eornm
2180 3977 2530 4058 peticionem
2580 3977 2746 4039 nullo

539 4231 559 4258 ²
593 4233 695 4282 Lib.
732 4234 898 4284 albus:
939 4237 994 4285 ob
1033 4251 1164 4299 quas.
1237 4233 1458 4283 Editores
1495 4234 1620 4299 conj.
1658 4238 1714 4284 ob
1752 4237 1891 4299 quod.
2099 4230 2118 4259 ³
2156 4232 2302 4282 iidem
2340 4183 2466 4297 (xxij.
2505 4235 2747 4285 habentes.

405 4317 565 4366 Recte.
702 4314 724 4342 ⁴
761 4317 859 4365 Lib.
900 4325 1021 4380 pact.
1060 4319 1169 4382 qnia
1205 4320 1343 4382 quod.
1417 4318 1596 4366 Mar-in:
1637 4334 1921 4383 quamquam.
2080 4314 2100 4344 ⁸
2138 4318 2187 4367 ln
2228 4317 2327 4366 Lib.
2366 4317 2474 4367 albo
2514 4331 2751 4382 compen·

404 4399 533 4449 dium
571 4406 657 4451 est.
731 4399 828 4450 Lib.
868 4407 1045 4463 pactor.
1083 4404 1193 4450 anni
1230 4404 1381 4450 unius.
