2900 4950
1041 283 1157 346 lmp.
1196 283 1438 334 Michaelis
1476 283 1755 345 palaeologi.
2436 275 2558 336 597

220 433 613 515 καθημένων
670 428 739 496 ἐν
783 423 1010 508 αύτοῖς
1054 424 1471 549 ἀνθρώπων·
1527 431 1633 495 καὶ
1678 428 1792 494 τὸν
1840 427 2029 515 ἅγιον
2075 425 2383 519 ὂνούφρ
2402 460 2555 502 ιον·

224 528 666 614 ἕρημοτόπιον
708 528 787 595 τὸ
831 528 1295 615 ἐπιλεγόμενον
1339 533 1457 616 τῆς
1493 530 1917 610 καλίτζας·
1960 538 2201 617 χωρίον
2231 532 2347 620 τὴν
2377 561 2562 621 κρυ-

223 633 429 709 ποῦς
470 629 637 713 μετὰ
681 629 950 696 πάντων
993 634 1126 696 τῶν
1173 631 1443 697 δικαίων
1487 629 1598 696 καὶ
1642 637 2027 714 προνομίων
2061 628 2260 698 αύτοῦ
2291 637 2402 701 καὶ
2430 640 2563 704 τῶν

225 729 343 795 δύο
385 730 762 814 μονοξύλων
807 725 1008 797 αὐτοῦ
1052 758 1157 797 και
1189 735 1322 799 τῶν
1353 726 1612 810 ἁλιέων,
1655 738 2033 819 χωραφίων,
2082 727 2424 816 ἆμπελίων
2454 741 2561 804 καὶ
2606 756 2629 783 ⁰

223 833 341 918 τῆς
385 837 739 919 νεμομένης
782 831 968 917 παρὰ
997 836 1112 920 τῆς
1140 832 1452 917 τοιαύτης
1479 836 1686 919 μονῆς
1715 837 1832 920 γῆς
1866 828 2122 920 ὀρεινῆς
2151 835 2259 901 καὶ
2292 838 2566 923 πεδινῆς

225 932 350 1010 ἕως
390 936 507 1020 τῆς
550 928 1178 1020 άειδαροράχης·
1223 941 1467 1019 χωρίον
1509 932 1626 1022 τὴν
1670 941 2136 1019 καπραίναν
2176 936 2347 1020 μετὰ
2391 937 2560 1005 πάν-

223 1059 357 1098 των
386 1036 518 1099 τῶν
551 1034 821 1101 δικαίων
851 1038 958 1101 καὶ
990 1042 1374 1120 προνομίων
1405 1030 1489 1102 αύ
1496 1040 1644 1101 τοῦ·
1686 1035 1991 1119 μετόχιον
2020 1036 2134 1103 τὸν
2164 1034 2402 1124 άγιον
2432 1041 2558 1128 δη-

221 1132 566 1221 μήτριον
628 1135 706 1201 τὸ
768 1137 1177 1219 διακείμενον
1245 1125 1536 1224 πλησίον
1603 1140 1719 1223 τῆς
1782 1136 2191 1224 μεγάλης
2200 1140 2367 1223 μετὰ
2429 1145 2562 1209 τῶν

225 1242 797 1323 προσκαθημένων
854 1237 921 1305 ἕν
967 1232 1144 1325 αύτῷ
1190 1232 1575 1322 ἀνθρώπων
1623 1241 1725 1305 καὶ
1774 1234 2098 1323 άροσίμου
2144 1235 2409 1329 ἁπάσης
2448 1245 2565 1331 γῆς

226 1332 464 1402 αὐτοῦ·
506 1337 813 1421 μετόχιον
856 1337 934 1403 τὸ
981 1338 1555 1424 ἐπονομαζόμενον
1600 1343 1718 1405 τοῦ
1762 1343 1958 1423 κυροῦ
2006 1340 2443 1424 ἱλαρίωνος
2485 1342 2562 1408 τὸ

226 1438 634 1523 διακείμενον
690 1438 758 1507 ἓν
813 1443 898 1527 τῇ
945 1441 1128 1527 χώρᾳ
1181 1444 1297 1506 τοῦ
1356 1436 1720 1525 άλμυροῦ
1763 1440 1932 1524 μετὰ
1974 1438 2563 1524 τῶνκάμπελώνων

221 1542 329 1604 καὶ
375 1537 646 1607 πάντων
686 1544 817 1607 τῶν
863 1542 1134 1608 δικαίων
1164 1545 1274 1608 καὶ
1305 1547 1690 1626 προνομίων
1720 1536 1921 1607 αὐτοῦ
1941 1562 1955 1576 ·
2001 1542 2085 1607 τὰ
2116 1543 2566 1629 περιελθόντα

222 1642 302 1727 τῇ
358 1639 628 1729 τοιαύτῃ
683 1644 853 1730 μονῇ
912 1642 984 1723 ἐξ
1025 1638 1384 1729 άγορασίας
1429 1637 1725 1727 ἀμπέλια
1770 1642 1837 1709 ἐν
1882 1646 1977 1730 τῷ
2022 1641 2211 1730 τόπῳ
2257 1645 2374 1710 τοῦ
2415 1668 2567 1728 μο-

226 1747 535 1826 ρίβορι·
595 1769 681 1808 τα
736 1738 874 1810 άπὸ
921 1743 1367 1827 προσενέξειύς
1410 1769 1608 1809 τινων
1655 1743 2096 1830 φιλοχρίστων
2142 1741 2399 1830 ἀνδρῶν
2442 1771 2568 1813 πε-

226 1840 582 1927 ριελθόντα
625 1847 706 1929 τῇ
748 1844 1018 1930 τοιαύτη
1082 1848 1252 1932 μονῇ
1298 1839 1594 1926 ἀμπέλια
1639 1844 1704 1910 ἐν
1749 1848 1842 1931 τῷ
1886 1845 2169 1931 τοιούτω
2212 1844 2402 1932 τόπῳ
2446 1849 2564 1912 τοῦ

228 1938 622 2027 ἁλμυροῦ·
667 1943 745 2009 τὸ
777 1944 844 2010 ἐν
873 1948 967 2032 τῷ
999 1943 1141 2030 ὄρει
1170 1949 1284 2030 τῆς
1330 1944 1679 2029 ζαγορᾶς
1723 1938 2019 2030 άγρίδιον
2063 1950 2178 2032 τῆς
2193 1972 2567 2065 εψκυροικα-

228 2044 368 2164 λῆς
405 2043 574 2127 μετὰ
617 2047 747 2109 τῶν
795 2044 1004 2112 ἐκεῖσε
1046 2050 1620 2132 προσκαθημένων
1663 2046 1773 2111 καὶ
1818 2044 2088 2111 πάντων
2130 2049 2262 2113 τῶν
2294 2048 2565 2114 δικαίων

230 2139 432 2210 αὐτοῦ
454 2165 469 2179 ·
511 2144 818 2229 μετόχιον
861 2146 938 2212 τὸ
971 2145 1434 2231 ἐπιλεγόμενον
1465 2145 1581 2233 τὴν
1611 2144 2061 2232 ῥάσουσαν·
2106 2145 2279 2231 πρὸς
2305 2147 2567 2227 τούτοις
2628 2152 2631 2155 ’

232 2247 304 2311 δὲ
345 2248 452 2311 καὶ
498 2245 615 2333 τὴν
661 2247 870 2313 ἐκεῖσε
913 2243 1353 2369 ἇπερριμένην
1396 2247 1603 2334 μονὴν
1646 2250 1764 2312 τοῦ
1801 2252 2023 2330 τιμίου
2056 2246 2564 2332 προδρόμου·

227 2384 314 2393 -
355 2346 439 2415 τὰ
479 2352 758 2415 τοιαῦτα
801 2347 1037 2428 πάντα,
1086 2345 1259 2433 άπερ
1307 2348 1591 2415 εκπαλαι
1633 2351 1739 2415 καὶ
1783 2354 1973 2432 μέχρι
2001 2350 2117 2434 τῆς
2146 2348 2429 2436 σήμερον
2461 2345 2565 2417 εύ-

226 2438 522 2535 ρίσκεται
565 2446 603 2537 ἦ
648 2448 919 2537 τοιαύτη
961 2448 1129 2538 μονὴ
1177 2454 1494 2536 νεμομένη
1530 2476 1602 2517 τε
1629 2451 1735 2516 καὶ
1768 2455 2146 2531 κατέχουσα,
2193 2456 2423 2538 κατέχη
2457 2452 2565 2518 καὶ

229 2556 501 2637 νέμηται
554 2556 763 2618 ταῦτα
822 2579 855 2639 η
914 2550 1184 2639 τοιαύτη
1241 2550 1407 2639 μονὴ
1464 2554 1575 2620 καὶ
1633 2551 1725 2629 εἷς
1765 2551 1842 2616 τὸ
1892 2551 2040 2639 ἑξῆς
2084 2545 2563 2641 άναφαιρέτως,

229 2647 789 2734 άναποσπάστως,
837 2649 1279 2740 ἆνενοχλήτως
1320 2678 1393 2719 τε
1434 2655 1541 2719 καὶ
1590 2648 2028 2731 ἆδιασεὶστως
2075 2653 2241 2721 κατὰ
2282 2652 2400 2740 τὴν
2442 2678 2566 2721 πε·-

228 2753 503 2873 ρίληψιν
557 2758 688 2820 τῶν
739 2754 1129 2838 προσόντων
1185 2748 1346 2839 αὐτῇ
1405 2754 1518 2819 ἐπὶ
1575 2754 1838 2832 τούτοις
1893 2755 2385 2838 δικαιωμάτων,
2454 2757 2561 2822 καὶ

230 2849 526 2940 ἀνώτερα
570 2853 789 2940 πάσης
831 2857 935 2920 καὶ
983 2859 1308 2931 παντοίας
1353 2855 1754 2972 δημοσιακῆς
1797 2853 2108 2937 ἐπηρείας
2151 2858 2252 2920 καὶ
2289 2854 2564 2943 συζητῆ-

231 2980 419 3033 σεως,
467 2951 619 3020 ἄνευ
661 2960 962 3040 μέντοιγε
994 2957 1127 3020 τῶν
1161 2954 1278 3021 δύο
1309 2953 1559 3054 τούτων
1602 2955 1997 3043 κεφαλαίων,
2043 2958 2158 3039 τῆς
2187 2980 2258 3020 τε
2286 2978 2567 3040 καστρο-

231 3062 490 3133 κτισίας
534 3058 638 3122 καὶ
683 3061 1243 3141 κατεργοκτισίας·
1289 3059 1495 3121 ταῦτα
1538 3053 1661 3139 γὰρ
1709 3080 1799 3133 ως
1842 3056 2211 3142 κοινωφελῆ
2241 3058 2348 3121 καὶ
2382 3055 2568 3141 παρὰ

229 3161 364 3224 τῶν
406 3155 725 3226 τοιούτων
767 3161 882 3244 τῆς
922 3160 1128 3243 μονῆς
1169 3156 1512 3240 κτημάτων
1556 3150 2158 3243 άπαιτηθησονται.

409 3262 506 3346 Τῇ
552 3258 874 3346 ἔμφανείᾳ
915 3265 1136 3325 τοίνυν
1179 3261 1296 3324 τοῦ
1341 3256 1674 3340 παρόντος
1712 3255 2196 3341 χρυσοβούλλου
2227 3254 2422 3342 λόγου
2450 3260 2567 3344 τῆς

227 3363 576 3448 βασιλείας
615 3384 744 3445 μου
787 3361 1060 3439 καθέξει
1100 3358 1184 3426 τὰ
1226 3361 1503 3425 τοιαῦτα
1545 3357 1840 3445 κτήματα
1881 3352 1919 3445 ἦ
1964 3356 2232 3441 τοιαύτη
2262 3356 2428 3443 μονὴ
2460 3361 2567 3424 καὶ

232 3463 329 3541 εἰς
371 3461 448 3527 τὸ
494 3462 639 3547 ἑξῆς
683 3456 1111 3548 ἆναφαίρετα,
1157 3456 1672 3539 άναπόσπαστα,
1720 3454 2130 3547 ἇνενόχλητα,
2178 3453 2570 3526 ἆδιάσειστα

232 3567 340 3631 καὶ
389 3559 848 3652 άνεπηρέαστα
887 3566 1086 3648 χωρὶς
1129 3566 1262 3628 τῶν
1306 3563 1813 3648 διαληφθέντων
1860 3560 1978 3626 δύο
2011 3562 2407 3647 κεφαλαίων,
2454 3588 2569 3628 κα-

235 3666 382 3744 θὼς
427 3665 712 3732 ἔκπαλαι
752 3667 858 3730 καὶ
901 3671 1089 3749 μέχρι
1131 3666 1248 3751 τῆς
1291 3663 1574 3751 σήμερον
1621 3659 1986 3747 εὑρίσκεται
2012 3665 2222 3748 ὗαῦτα
2253 3669 2567 3749 νεμομένη

238 3792 310 3834 τε
353 3768 458 3833 καὶ
504 3772 864 3848 κατέχουσα
906 3765 1073 3849 μετὰ
1116 3769 1249 3832 τῶν
1295 3767 1566 3831 δικαίων
1600 3758 1847 3829 αὐτῶν·
1894 3763 2006 3830 ἐπὶ
2039 3760 2249 3850 τούτῷ
2279 3762 2403 3849 γὰρ
2435 3763 2571 3847 ἔγε-

235 3867 413 3955 γόνει
455 3870 536 3956 τῇ
572 3867 1022 3953 διαληφθείσῃ
1063 3873 1390 3952 σεβασμίᾳ
1421 3868 1858 3950 πατριαρχικῇ
1887 3866 2073 3949 μονῇ,
2120 3867 2199 3949 τῇ
2232 3863 2572 3950 ἐπικεκλη-

238 3975 396 4057 μένῃ
441 3973 557 4057 τῆς
597 3972 1234 4054 μακρινιτίσσης
1275 3968 1384 4032 καὶ
1416 3959 1519 4030 ἐπ’
1557 3960 1832 4047 ὀνόματι
1860 3970 2193 4052 τιμωμένῃ
2224 3968 2341 4051 τῆς
2369 3960 2572 4049 ὕπερ·-

241 4068 438 4156 άγνου
480 4094 609 4155 μου
652 4068 1066 4155 θεομήτορος
1105 4069 1223 4153 τῆς
1268 4060 1485 4145 ὀξείας
1529 4064 1946 4149 ἐπισκέψεως
1987 4064 2099 4130 καὶ
2128 4065 2286 4149 περὶ
2312 4064 2390 4131 τὸ
2420 4064 2573 4151 ὅρος

238 4173 359 4237 τοῦ
404 4170 747 4257 δρόγγου
791 4171 1183 4255 διακειμένῃ,
1219 4170 1329 4254 ’τῇ
1371 4165 1721 4253 γονικόθεν
1765 4164 2169 4254 διαφερούσῃ
2213 4169 2307 4253 τῷ
2353 4166 2575 4254 οἰκείῳ

229 4264 359 4358 ’τῆς
398 4273 740 4356 βασιλείας
779 4296 908 4357 μου
952 4271 1321 4356 κομνηνῷ
1353 4271 1526 4354 κυρῷ
1558 4267 1907 4353 νικολάῳ
1936 4270 2031 4354 τῷ
2060 4268 2568 4356 μαλιασηνῷ,

238 4371 354 4443 καὶ
398 4366 435 4437 ὅ
478 4371 710 4457 παρὼν
749 4373 1230 4460 χρυσόβουλλος
1275 4371 1467 4458 λόγος
1494 4374 1611 4458 τῆς
1636 4371 1981 4457 βασιλείας
2006 4392 2155 4454 μου,
2204 4364 2575 4448 ἀπολυθεὶς
