2900 4950
340 229 464 291 212
1167 238 1285 288 con.
1322 239 1380 289 ιι.
1451 238 1565 287 mov.
1606 236 1694 285 cx.
1737 236 1849 284 cm.

341 396 593 457 solutum
626 391 720 465 sit,
767 399 826 450 et
855 389 1081 469 prolato
1112 386 1437 448 inventario
1467 385 1739 447 resarciri
1770 383 1882 445 sibi
1914 381 2188 463 postulet,
2225 382 2274 443 si
2307 382 2449 461 quid
2479 382 2684 444 damni

340 518 371 557 a
419 495 628 556 marito
670 493 731 553 in
776 490 955 552 rebus
1000 489 1123 550 suis
1167 507 1231 549 se
1275 506 1513 568 passam
1560 487 1744 548 dicat:
1791 485 1934 546 citra
1966 484 2356 545 inventarium
2388 503 2526 546 vero
2566 486 2689 546 evi-

536 595 842 655 dentomve
886 589 1294 671 probationem
1341 588 1489 650 nihil
1533 595 1696 669 petat
1739 606 1850 649 nec
1892 585 2149 666 petendo
2194 585 2493 666 accipiat¹.

1165 758 1673 833 ΔΙΑΤΑΞΙΣ
1720 748 1834 850 ρι’.

343 893 537 989 Περὶ
588 901 722 968 τοῦ
775 891 913 987 τὴν
963 895 1286 991 γυναῖκα
1339 880 1792 990 ἀπογραφὴν
1842 887 2221 959 ποιεῖσθαι
2271 893 2402 983 τῆς
2443 915 2519 961 τε
2572 893 2686 963 οἶ-

340 1013 541 1096 κείας
589 1007 889 1107 προικὸς
937 1007 1064 1080 καὶ
1114 1016 1242 1101 τῆς
1294 1007 1436 1100 πρὸ
1490 1003 1741 1106 γάμου
1788 1002 2075 1096 δωρεᾶς
2123 1002 2251 1077 καὶ
2289 1012 2419 1099 τῆς
2462 1005 2684 1102 ἄλλης

344 1126 632 1224 ἀπάσης
686 1125 1039 1223 ἀνδρῴας
1087 1123 1602 1210 ὑποστάσεως,
1671 1120 1973 1195 ἐπειδὰν
2034 1119 2169 1193 τὸν
2234 1118 2486 1229 γάμον
2551 1131 2680 1197 λυ-

339 1251 576 1343 θῆναι
634 1243 967 1342 συμβαίη
990 1249 1045 1329 2,
1118 1241 1383 1337 καὶ“τῇ
1438 1239 1801 1338 προενὲξει
1854 1246 1984 1333 τῆς
2033 1238 2477 1341 ἀπογραφῆς
2525 1244 2680 1314 ἐπι-

345 1365 585 1461 ζητεῖν
638 1367 706 1437 εῗ
749 1390 919 1436 τινα
966 1359 1157 1460 λε’γοι
1201 1357 1404 1454 παρὰ
1448 1365 1586 1432 τοῦ
1632 1356 1832 1432 ἰδίου
1861 1360 1892 1404 ⁸
1946 1355 2224 1453 ἀνδρὸς
2267 1356 2681 1454 ὑποστῆναι

340 1480 829 1574 καινοτομίαν
865 1483 964 1561 εἰς
1009 1476 1102 1549 τὰ
1148 1472 1524 1572 ἀνήκοντα
1570 1476 1788 1570 αὐτῇ,
1833 1473 2067 1570 χωρὶς
2110 1472 2191 1548 δὲ
2237 1477 2683 1578 ἀπογραφῆς

452 1599 568 1671 εἴτ’
631 1593 768 1671 οὖν
797 1601 828 1647 4
879 1598 1240 1696 ἐναργοῦς
1290 1591 1731 1678 ἀποδείξεως
1780 1590 2015 1687 μηδὲν
2068 1591 2334 1688 ζητεῖν,
2385 1591 2569 1690 μήτε

981 1712 1351 1807 ζητοῦσαν
1400 1707 1968 1806 ἀπολαμβάνειν
1988 1714 2040 1784 ⁵.

387 1872 396 1879 ’
510 1864 712 1933 Μετὰ
753 1866 886 1930 τῶν
932 1860 1169 1941 ἄλλων,
1218 1856 1346 1927 ὅσα
1388 1862 1545 1945 περὶ
1588 1860 1743 1938 τοὺς
1784 1860 2034 1945 γάμους
2081 1858 2517 1949 εὗαγῶς·τοῒς
2559 1859 2680 1952 ἀρ-

338 1975 557 2054 χαίοις
599 1962 1052 2052 προνενόηται,
1099 1964 1209 2028 καὶ
1249 1960 1486 2027 τούτου
1533 1960 1804 2047 δεούσης
1847 1968 2170 2047 προνοίας
2209 1962 2518 2047 τυχόντος
2556 1971 2676 2034 τοῦ

338 2070 615 2157 μέρους“
671 2068 862 2154 (φημὶ
923 2062 1000 2150 δὴ
1045 2066 1163 2128 τοῦ
1204 2063 1373 2147 μετὰ
1426 2064 1544 2151 τὴν
1587 2062 1864 2150 γαμικὴν
1910 2063 2210 2131 διάλυσιν
2263 2065 2353 2153 μὴ
2404 2066 2521 2154 τὴν
2562 2092 2678 2154 γυ-

340 2182 535 2239 ναῖκα
579 2165 766 2246 ὅπως
810 2166 1026 2248 ἔτυχεν
1069 2161 1581 2231 ἀντιποιεῖσθαι
1622 2167 1738 2252 τῆς
1765 2167 1898 2229 τῶν
1929 2158 2240 2252 ἀνδρῴων
2270 2168 2677 2253 πραγμάτων

340 2271 607 2360 λήψεώς
647 2294 721 2336 τε
762 2270 870 2334 καὶ
913 2271 1380 2348 κατασχέσεως,
1429 2259 1566 2330 ἀλλ’
1619 2265 1677 2333 εἰ
1717 2267 1873 2350 περὶ
1917 2265 2169 2334 τούτων
2200 2262 2671 2358 ἀμφισβητοίη,

340 2371 665 2457 πρότερον
723 2370 1008 2456 δημοσίᾳ
1058 2368 1176 2451 τῆς
1230 2391 1303 2432 τε
1346 2365 1592 2444 οἰκείας
1648 2365 1925 2452 προικὸς
1974 2376 2082 2434 καὶ
2123 2371 2242 2456 τῆς
2283 2369 2417 2456 πρὸ
2460 2370 2675 2456 γάμου

342 2475 593 2559 δωρεᾶς
643 2473 754 2537 καὶ
804 2473 922 2556 τῆς
979 2464 1180 2555 ἄλλης
1235 2462 1502 2554 ἀπάσης
1557 2462 1856 2555 ἀνδρῴας
1911 2477 2301 2556 περιουσίας
2349 2470 2465 2559 τήν
2506 2474 2677 2558 μετὰ

338 2574 637 2641 θάνατον
679 2574 798 2637 τοῦ
844 2565 1081 2655 ἀνδρὸς
1122 2575 1543 2657 γεγενημένην
1588 2564 1984 2657 ἀπογραφὴν
2029 2570 2408 2658 ἐξενεγκεῖν,
2457 2579 2563 2642 καὶ
2612 2578 2679 2644 εἴ

337 2701 406 2742 τι
450 2675 517 2741 ἐν
559 2672 761 2759 ταύτῃ
808 2670 1306 2756 διαγινώσκοιτο
1352 2669 1539 2756 παρὰ
1579 2673 1696 2736 τοῦ
1724 2676 2009 2755 γαμέτου
2040 2668 2474 2759 ἀνηλωμένον,
2519 2677 2675 2743 τού-

337 2799 457 2841 του
499 2772 616 2861 τὴν
660 2769 1130 2859 ἀναπλήρωσιν
1182 2771 1251 2838 ἐκ
1304 2776 1435 2837 τῶν
1495 2771 1738 2838 ἐκείνου
1796 2772 2007 2858 ζητεῖν
2052 2774 2500 2859 πραγμάτιον),
2561 2782 2669 2846 καὶ

337 2873 575 2942 τούτου
622 2872 698 2959 δὴ
744 2872 1055 2957 καθάπερ
1099 2862 1176 2959 ἦν
1205 2871 1489 2968 θεμιτὸν
1518 2881 1663 2950 τοῖς
1694 2868 1991 2955 ἀρχαίοις
2026 2875 2481 2960 διωρισμένου,
2529 2883 2669 2948 νυνὶ

341 2970 407 3044 δ’
456 2970 770 3061 ὀλιγωρίᾳ
813 2974 1349 3059 παραδοθέντος,
1411 2972 1641 3059 ἐπειδὴ
1684 2976 1802 3059 τῆς
1842 2977 1975 3039 τῶν
2020 2968 2306 3060 ἀρχαίων
2350 2987 2671 3066 προνοίας

336 3078 415 3144 τὸ
455 3075 773 3164 χρήσιμον
817 3071 1198 3158 συνείδομεν
1243 3070 1430 3152 ἀξιον
1484 3073 1853 3154 σώζεσθαι,
1908 3074 1988 3140 τὸ
2044 3074 2305 3144 ἐκείνων
2360 3074 2672 3149 ἀνανεού-

334 3202 526 3265 μενοι
566 3183 923 3262 θέσπισμα
966 3170 1285 3261 ὃρίζομεν,
1333 3170 1473 3242 ἀπό
1502 3198 1575 3258 γε
1600 3177 1719 3240 τοῦ
1763 3173 2097 3260 παρόντος
2127 3172 2526 3268 ἀπογραφὰς
2552 3186 2671 3271 τῆς

307 3305 409 3348 -τε
449 3277 728 3364 προικὸς
768 3280 874 3345 καὶ
921 3281 1038 3364 τῆς
1079 3274 1215 3361 πρὸ
1257 3274 1470 3361 γάμου
1517 3277 1768 3361 δωρεᾶς
1820 3275 1932 3341 καὶ
1983 3281 2101 3365 τῆς
2153 3278 2351 3367 ἄλλης
2401 3277 2671 3372 άπάσης

333 3384 453 3448 τοῦ
509 3376 748 3464 ἀνδρὸς
803 3383 1192 3463 περιουσίας
1249 3376 1317 3443 ἐκ
1372 3376 1625 3454 παντὸς
1677 3377 1931 3462 τρόπου
1986 3378 2171 3465 παρὰ
2222 3392 2372 3460 ταῖς
2411 3386 2668 3469 γυναιξὶ

337 3479 874 3559 σπουδάζεσθαι,
936 3473 1056 3557 ὥς,
1116 3476 1230 3542 ἐάν
1273 3500 1442 3542 ποτε
1484 3478 1639 3565 γυνὴ
1684 3476 1856 3563 πρὸς
1908 3478 2217 3568 τοιαύτην
2262 3482 2670 3570 φιλονεικίας

335 3577 670 3647 ὑπόθεσιν
712 3580 1002 3663 καταστῇ
1046 3578 1149 3642 καὶ
1198 3576 1368 3663 πρὸς
1410 3576 1528 3664 τήν
1572 3573 1873 3666 ἀνδρῴαν
1910 3592 2150 3667 χωρεῖν
2191 3578 2477 3670 ὕπαρξιν
2521 3581 2667 3660 ἀντὶ

334 3684 467 3749 τῶν
508 3676 970 3747 καταστάντων
1016 3677 1109 3756 εἰς
1136 3684 1413 3762 μείωσιν
1444 3680 1703 3747 οἰκείων
1734 3674 1931 3761 ἀξιοῖ,
1979 3680 2051 3762 ἐξ
2077 3681 2320 3770 ἐκείνης
2347 3689 2465 3773 τῆς
2492 3682 2669 3756 ἀπο-

334 3784 593 3872 γραφῆς
644 3779 796 3869 ἤτοι
850 3771 1256 3857 ἀποδείξεως
1309 3777 1387 3845 τὸ
1443 3780 1699 3848 δίκαιον
1755 3784 1888 3848 τῶν
1950 3780 2162 3868 λόγων
2223 3788 2668 3873 γνωρίζεσθαι

468 3985 484 4014 ¹
520 3987 657 4037 Extat
690 3986 737 4035 in
776 3982 926 4034 codd.
976 3984 1251 4048 synopseos
1297 3985 1609 4050 Bieneriano,
1657 3986 1804 4036 Paris.
1840 4001 1908 4049 gr.
1951 3987 2074 4038 1351
2117 3995 2164 4038 et
2204 3989 2331 4041 1357
2368 3994 2435 4055 Δ,
2484 4002 2530 4044 et
2564 3996 2663 4047 Vnt.

338 4070 452 4121 852.
522 4070 759 4120 Laudatur
793 4068 853 4117 ab
890 4068 1050 4117 Herm.
1087 4068 1125 4131 1,
1165 4067 1245 4132 13,
1280 4068 1363 4120 34.
1519 4067 1539 4096 ³
1577 4069 1693 4120 Cod.
1731 4070 1863 4121 Bien.
1901 4073 2176 4137 Synopseoe
2211 4074 2444 4140 reliquam
2480 4087 2665 4141 partem

336 4154 556 4206 rubricae
588 4159 700 4215 post
734 4146 970 4218 συμβαίη
1006 4153 1194 4202 omittit.
1330 4149 1350 4178 ⁸
1385 4155 1590 4204 Verbum
1628 4146 1770 4203 ἰδίου
1805 4156 1852 4205 in
1892 4157 2009 4208 Cod.
2046 4158 2157 4223 Syn.
2186 4160 2482 4212 Paris.1351
2513 4162 2665 4214 deest.

335 4238 356 4266 ⁴
392 4236 592 4298 Scrimg.
626 4228 732 4285 εἴτε
767 4221 876 4283 οὖν.
953 4234 1207 4288 Emendavi
1243 4252 1269 4285 e
1307 4237 1452 4289 Parin.
1494 4237 1641 4288 1351.
1778 4235 1799 4265 ⁶
1835 4239 1903 4289 lta
1936 4241 2086 4292 Paris.
2117 4243 2263 4294 1351.
2333 4245 2479 4308 Vulgo
2495 4241 2660 4313 λαμρ.

334 4323 357 4350 ⁸
392 4319 460 4369 Cf.
496 4317 670 4379 Ecloga
703 4316 762 4379 11,
798 4317 827 4365 5
866 4325 913 4367 et
948 4319 1119 4367 lunere
1156 4319 1329 4369 (ἔασι-,5.
1365 4320 1450 4370 ἀει
1486 4321 1595 4386 Byz.
1631 4321 1813 4372 Rechts
1844 4323 1864 4372 1
1898 4338 1948 4387 p.
1984 4324 2066 4376 56.
