2900 4950
408 269 531 330 494
1269 283 1403 333 con.
1442 283 1514 333 ιν.
1584 283 1696 333 mov.
1737 281 1909 333 Lxxn.

405 446 672 512 „contra
718 435 850 511 ejus
897 435 1140 497 heredes
1183 445 1240 496 et
1284 451 1662 497 successores
1706 434 1805 496 vel
1850 445 2065 496 contra
2095 433 2449 496 Bononiam
2489 434 2589 496 vel
2620 454 2785 497 con-

405 548 553 612 „tra
596 537 857 618 aliquam
901 547 1131 598 terram
1176 540 1368 616 ipsius
1401 535 1662 615 Imperii,
1709 555 1887 617 quam
1929 554 2093 597 nunc
2137 535 2311 596 habet
2352 535 2450 596 vel
2488 555 2677 616 quam
2710 541 2783 597 in

377 651 630 715 ·‚,antea
675 638 931 699 Domino
988 636 1319 713 adjuvante
1373 641 1750 718 acquisierit,
1809 655 1996 718 neque
2046 654 2165 716 per
2208 637 2528 698 consilium
2572 657 2779 718 neque

404 758 562 819 „per
599 742 917 819 pecuniam
963 757 1150 818 neque
1186 757 1306 817 per
1350 737 1574 799 stolum
1617 739 1808 800 idem³
1830 758 1948 818 per
1976 737 2257 799 navalem
2285 742 2627 799 exercitum
2656 758 2777 800 ne-

404 861 561 922 „que
603 840 731 902 ullo
778 840 979 920 aliquo
1023 840 1217 910 modo,
1281 859 1469 919 neque
1513 839 1849 901 Januenses
1896 840 2004 901 hoc
2047 841 2278 918 sacient
2320 858 2509 920 neque
2553 839 2775 920 aliqua

404 941 903 1019 „conjunyentur
948 940 1127 1017 justa
1183 941 1281 1001 vel
1333 941 1566 1017 injusta
1612 946 1922 1003 occasione
1964 940 2154 1002 alicui
2194 941 2421 1002 homini
2463 952 2773 1003 coronato

404 1043 549 1118 „vel
597 1060 724 1104 non
780 1052 1101 1110 coronato,
1160 1047 1266 1121 qm·
1316 1047 1397 1103 sit
1456 1042 1552 1103 vel
1606 1048 1713 1123 qui
1763 1046 1909 1116 erit,
1968 1043 2304 1103 christiano
2351 1041 2451 1102 vel
2488 1061 2767 1121 payano,

403 1147 586 1219 „viro
631 1142 728 1205 vel
769 1143 1043 1204 mulieris
1059 1143 1097 1213 ⁴,
1144 1147 1262 1222 qui·
1289 1148 1453 1205 mori
1496 1143 1594 1204 vel
1634 1148 1838 1204 vivere
1881 1148 2110 1221 possit:
2171 1147 2327 1203 sicut
2372 1145 2439 1203 de
2486 1143 2768 1222 capitulo

402 1249 734 1320 „coronati
774 1255 1103 1307 tractatum
1146 1257 1238 1305 est
1283 1250 1343 1306 in
1392 1248 1567 1306 curia
1594 1244 1859 1305 ‚Domini
1900 1243 2329 1322 Imperatoris,
2376 1256 2436 1307 et
2477 1244 2767 1306 intellec-

401 1357 578 1421 „tum
621 1356 680 1407 et
721 1349 1192 1424 interpretatum
1235 1358 1326 1454 qt
1365 1346 1517 1406 mihi
1557 1357 1613 1406 et
1656 1365 1693 1406 a
1734 1365 1826 1406 me
1875 1346 2301 1425 confirmatum
2343 1345 2422 1405 ad
2460 1344 2763 1407 honorem

401 1458 507 1522 „et
555 1447 904 1525 proficuum
958 1444 1091 1521 ejus
1139 1444 1388 1525 Imperii
1437 1458 1493 1507 et
1536 1437 1899 1518 Romam·ae‚'
1951 1450 2107 1507 sicut
2165 1457 2220 1507 et
2263 1464 2367 1524 eyo
2415 1446 2596 1508 debeo
2646 1447 2762 1508 hoc

402 1550 857 1625 „interpretari
893 1546 1302 1608 Januensibus
1359 1558 1428 1608 ut
1487 1559 1545 1610 et
1596 1552 1662 1608 in
1716 1557 1895 1608 antea
1938 1551 2026 1608 sic
2068 1547 2231 1608 istud
2275 1546 2610 1626 capitulum
2652 1552 2761 1609 in-

402 1647 765 1725 „telliyatur
809 1659 865 1708 et
909 1648 1290 1709 observetur.

569 1748 693 1823 „Et
736 1767 1041 1828 nunqu-am
1083 1751 1309 1827 sacient
1351 1748 1689 1811 Janueuses
1736 1751 2057 1829 dampnum
2103 1747 2363 1825 alicujus
2410 1759 2579 1810 terre
2624 1748 2759 1810 Im·—

399 1854 756 1930 ‚,peratoris
804 1861 859 1911 et
899 1869 1160 1928 persone
1203 1850 1334 1925 ejus
1384 1851 1482 1912 vel
1525 1849 1808 1911 heredum
1854 1861 1909 1910 et
1954 1867 2378 1911 successorum
2407 1849 2564 1926 ejus.
2626 1848 2759 1910 Ne-

399 1970 558 2032 „que
585 1953 830 2029 sacient
876 1952 1332 2012 diminucionem
1377 1955 1619 2031 imperii
1657 1956 1757 2012 sui
1797 1952 1895 2012 vel
1938 1951 2165 2012 honori
2179 1950 2201 1981 ⁵
2245 1949 2377 2028 ejus
2424 1969 2613 2031 neque
2657 1955 2757 2013 in-

399 2056 690 2134 „quirent
736 2053 888 2114 hanc
926 2071 1043 2133 per
1087 2071 1149 2113 se
1195 2052 1293 2113 vel
1335 2052 1536 2123 aliter,
1583 2054 1686 2114 sed
1729 2056 1983 2114 maxime
2029 2057 2087 2113 si
2126 2051 2353 2131 aliquid
2397 2051 2518 2113 tale
2561 2053 2756 2114 intel-

397 2152 709 2229 „leaeerint
764 2158 828 2216 in
885 2166 1055 2214 terra
1097 2152 1322 2226 Janue,
1387 2155 1634 2215 debeant
1680 2153 1788 2214 hoc
1831 2153 2200 2214 disturbare.
2291 2152 2366 2213 Et
2410 2156 2468 2212 si
2507 2153 2580 2213 ab
2627 2154 2755 2215 ali-

396 2256 655 2337 „quibus
697 2255 895 2333 suerit
938 2253 1209 2315 assultus
1253 2255 1456 2333 sactus
1504 2254 1599 2316 vel
1643 2256 1906 2316 obsessio
1954 2265 2171 2315 contra
2215 2252 2476 2334 aliquam
2514 2264 2754 2316 terram

394 2356 873 2437 „Imperatoris‚
932 2354 1267 2417 Januenscs
1324 2360 1428 2436 qui
1478 2360 1544 2417 in
1590 2360 1775 2419 terris
1821 2355 1946 2416 illis
1990 2357 2228 2433 suerint
2270 2357 2529 2424 inventi,
2591 2355 2753 2418 bona

398 2459 563 2539 „side
621 2462 748 2518 sine
809 2455 946 2517 dolo
1005 2467 1060 2517 et
1114 2456 1338 2535 fraude
1386 2458 1595 2521 debent
1639 2457 1781 2518 illas
1831 2458 2169 2540 deffendere
2214 2468 2270 2518 et
2317 2460 2626 2519 custodire
2668 2459 2753 2519 ad

393 2561 731 2637 „honorem
775 2559 1005 2620 domini
1045 2556 1442 2637 Imperatoris
1489 2571 1546 2619 et
1592 2560 1871 2620 heredum
1917 2563 2127 2639 ipsius.
2216 2558 2290 2619 Si
2331 2578 2473 2620 vero
2521 2559 2747 2640 aliquis

395 2658 707 2736 „alicujus
762 2661 990 2721 inimici
1039 2679 1116 2720 ea:
1169 2672 1346 2739 parte
1400 2660 1604 2739 aliqua
1649 2659 1972 2739 aliquando
2012 2665 2361 2740 pervenerit
2411 2659 2753 2722 Christiani

396 2760 539 2835 „vel
581 2760 877 2822 Saraceni
916 2765 1041 2822 sive
1076 2764 1306 2841 payani
1343 2780 1561 2823 versus
1606 2762 1839 2842 aliquas
1878 2773 2089 2841 partes
2122 2760 2522 2842 Imperatoris
2554 2780 2746 2841 usque

395 2863 521 2938 „ad
573 2881 892 2923 numerum
937 2873 1172 2924 centum
1213 2862 1524 2941 yolearum
1572 2852 1668 2926 uel
1702 2863 1879 2942 plus,
1938 2868 2217 2923 universi
2254 2861 2597 2923 Januenses
2643 2867 2750 2942 qui

392 2975 585 3040 „tunc
627 2968 861 3025 inventi
897 2964 1138 3042 suerint
1180 2967 1245 3024 in
1291 2969 1477 3027 terris
1522 2964 1824 3033 Rornanie,
1872 2964 2080 3025 debent
2122 2969 2362 3027 intrare
2404 2967 2468 3024 in
2511 2963 2741 3041 yoleris

394 3067 673 3141 „domini
712 3065 1109 3144 Imperatoris
1160 3084 1289 3125 cum
1335 3071 1633 3127 consuetis
1679 3064 1868 3126 soldis
1916 3070 2081 3128 curie
2128 3067 2355 3127 domini
2393 3062 2739 3144 Imperato-

393 3172 535 3243 ,‚ris
581 3186 726 3247 quos
774 3169 1086 3228 consuevit
1131 3167 1278 3228 dare
1323 3166 1574 3237 latinis,
1642 3178 1699 3228 et
1742 3172 1835 3228 ire
1883 3174 2098 3228 contra
2142 3167 2562 3245 supradictum
2607 3177 2741 3227 sto-

390 3269 565 3344 „lum
610 3287 741 3329 cum
781 3268 1009 3347 yaleris
1058 3266 1407 3337 Grecoru-m,
1456 3281 1513 3332 et
1556 3288 1680 3330 non
1711 3278 2130 3367 r‘evertentur,
2180 3269 2362 3328 donec
2404 3265 2561 3327 illud
2602 3284 2741 3327 ser-

387 3372 655 3447 „vicium
711 3369 1084 3449 compleatur
1140 3380 1194 3429 et
1240 3369 1575 3430 Grecorum
1623 3369 1828 3450 9alere
1885 3378 2285 3430 revertantur
2327 3367 2423 3428 vel
2464 3371 2529 3428 in
2576 3366 2743 3428 Con-

389 3470 895 3548 „stantinopolim
960 3468 1057 3530 vel
1101 3473 1165 3529 in
1208 3468 1390 3530 aliam
1438 3483 1670 3531 terram
1716 3473 1943 3532 domini
1986 3470 2405 3550 Imperatoris.
2498 3467 2741 3529 Verun-

389 3582 638 3647 ‚,tamcn
681 3571 917 3648 quando
960 3570 1224 3647 predicti
1261 3569 1599 3633 Januenses
1647 3572 1857 3633 debent
1899 3574 2156 3641 moveri,
2205 3570 2503 3632 habebunt
2549 3570 2741 3632 licen-

388 3675 583 3749 „tiam
641 3669 1022 3750 relinquendi
1072 3675 1136 3732 in
1192 3674 1468 3733 custodia
1522 3677 1771 3734 navium
1815 3683 1868 3734 et
1915 3691 2124 3733 rerum
2168 3690 2424 3733 suarum
2469 3672 2739 3732 homines

387 3773 547 3851 „XX
591 3792 738 3855 quos
784 3770 1116 3833 maluerint
1158 3772 1253 3834 vel
1297 3773 1605 3853 eleqeri'nt.
1681 3773 1755 3835 In
1791 3777 2073 3852 propriis
2120 3791 2263 3835 vero
2307 3774 2532 3852 yaleris
2562 3773 2740 3834 ibunt

387 3874 774 3951 „Januenses
831 3885 974 3955 quot
1030 3892 1274 3936 armare
1322 3880 1617 3955 poterint.
1710 3874 1780 3936 Si
1829 3894 1973 3937 vero
2019 3874 2357 3937 Januenses
2411 3878 2476 3935 in
2531 3873 2740 3955 aliqua

386 3988 607 4054 „terra
652 3978 881 4039 domini
919 3974 1321 4056 Imperatoris
1388 3996 1576 4058 neque
1619 3996 1804 4038 unam
1845 3976 2113 4055 yaleravn
2157 3994 2402 4038 armare
2441 3979 2739 4055 poterint,

388 4097 643 4154 „omnes
702 4082 769 4140 in
825 4097 951 4140 eam
1006 4079 1329 4141 intrabunt
1374 4093 1431 4143 et
1477 4078 1870 4159 complebitur
1913 4097 2201 4140 numerus
2244 4076 2448 4159 yolere
2491 4096 2569 4138 ex
2612 4077 2740 4140 alia

386 4190 602 4256 „yente
647 4181 1047 4259 sufficienter.

393 4321 424 4329 υ

679 4324 950 4334 --—--——·--———-
987 4330 996 4333 -
1015 4330 1044 4335 .-
1055 4329 1106 4335 —

520 4392 539 4419 ³
577 4394 677 4443 lmo
721 4395 1005 4455 legendum:
1045 4401 1094 4447 id
1131 4408 1212 4448 est.
1352 4396 1371 4424 ⁴
1411 4399 1654 4460 Legerim:
1694 4402 1892 4451 mulieri.
2029 4399 2050 4427 ⁵
2086 4403 2239 4463 Lege:
2278 4403 2484 4452 honoris.
