2900 4950
1106 284 1115 291 ’
1195 294 1550 357 ΡτοΙεςυπιεηε.
2407 302 2538 346 xxx!

181 439 372 526 παρὰ
418 441 498 508 δὲ
524 442 648 527 τῆς
678 438 961 507 συνόδου
989 442 1106 507 τοῦ
1139 440 1591 527 οἷκουμενικοῦ
1605 444 2032 535 Ιπατριάρχου
2065 444 2182 513 δύο
2211 446 2534 535 κληρικοί·

178 546 288 609 καὶ
336 544 687 629 δημοσίως
731 536 892 608 αὐτὸ
935 545 1506 626 μεταστέλλεσθαι
1547 544 1714 628 μετὰ
1745 549 2220 634 στρατιωτικῆς
2249 548 2538 634 δορυφο-

181 650 331 727 ρίας
387 647 502 710 καὶ
560 646 981 729 προπομπῆς
1041 646 1476 731 συγκλητικῶν
1522 642 1853 731 ἀρχόντων
1896 646 2064 713 κατὰ
2105 646 2224 734 τὴν
2267 648 2534 736 πρώτην

177 748 300 810 τοῦ
362 739 831 831 αύγούστου
886 745 1120 831 μηνὸς,
1176 747 1281 811 καὶ
1336 753 1910 831 μεταπέμπεσθαι
1963 752 2161 831 τοῦτο
2216 749 2385 833 μετὰ
2427 753 2532 817 καὶ

179 849 274 912 τιῖ
276 874 315 912 ν
362 846 678 932 ἕγκρίτων
719 849 1023 930 μοναχῶν
1066 849 1183 933 τῆς
1223 842 1542 934 ἡμετέρας
1586 855 1951 933 σεβασμίας
1991 853 2198 937 μονῆς
2240 854 2357 915 τοῦ
2404 851 2536 937 ξη-

180 946 713 1031 ροπυτάμου,
770 945 961 1030 χάριν
1003 950 1119 1034 τῆς
1162 942 1363 1014 αὐτοῦ
1411 949 1920 1035 προσκυνήσεως
1961 954 2068 1017 καὶ
2116 959 2535 1036 παγκοσμίου

178 1044 537 1131 ύψώσεως,
586 1042 718 1114 ⁶229?
768 1044 942 1114 οὕτω
974 1049 1459 1116 συστέλλεσθαι
1488 1053 1593 1117 καὶ
1626 1053 2188 1135 μετακομίζεσθαι
2219 1052 2390 1137 πρὸς
2418 1052 2534 1140 τὴν

180 1149 521 1235 ῥηθεῖσαν
583 1147 789 1237 μονήν
842 1148 1007 1234 μετὰ
1042 1154 1177 1237 ’τῆς
1229 1150 1691 1237 προσηκούσης
1735 1157 2148 1239 προπομπῆς
2188 1156 2294 1219 καὶ
2344 1149 2533 1221 εύλα-

180 1257 392 1335 βείας.
484 1250 720 1316 τούτου
761 1250 950 1334 χάριν
993 1251 1239 1341 κελεύει
1282 1251 1360 1318 τὸ
1403 1252 1640 1336 κράτος
1682 1255 1798 1340 τῆς
1840 1255 2185 1337 βασιλείας
2226 1277 2385 1337 μου,
2433 1257 2535 1322 δί-

182 1353 446 1418 δοσθαι
510 1350 772 1439 ἐτήσιον
839 1354 1183 1435 σολέμνιον
1246 1364 1389 1432 τοῖς
1445 1357 2183 1440 ξηροποταμηνοῒς
2237 1355 2536 1440 πατράσι

180 1448 363 1535 ὖπὲρ
426 1456 709 1539 ψυχικῆς
773 1448 958 1539 ἡμῶν
1025 1460 1356 1541 σωτηρίας
1411 1455 1524 1521 διὰ
1577 1454 1694 1542 τὴν
1751 1459 1884 1521 τῶν
1936 1454 2364 1534 ἐνοικούντων
2424 1452 2526 1524 ἐπ’

181 1549 387 1641 ἀρετῇ
447 1554 976 1649 διαβεβοημένων
1030 1559 1333 1639 μοναχῶν
1393 1555 1695 1643 δαπάνην
1750 1560 1884 1622 τῶν
1939 1551 2341 1642 ἀναγκαίων,
2399 1562 2532 1625 τῶν

180 1661 497 1741 πατέριον
553 1656 623 1722 ἐκ
675 1655 927 1722 τούτων
971 1651 1408 1737 ἆποζώντων·
1477 1658 1535 1725 εί
1577 1656 1699 1742 γὰρ
1742 1657 1898 1736 τοὺς
1942 1657 2007 1725 ἒν
2050 1662 2144 1744 τῷ
2191 1654 2531 1748 ὀλύμτίῳ

179 1759 287 1823 καὶ
344 1760 446 1844 τῷ
503 1761 805 1845 κυμινᾷ
859 1760 967 1824 καὶ
1011 1762 1105 1844 τῷ
1149 1761 1266 1824 τοῦ
1311 1757 1720 1843 λάτρους“
1759 1759 2098 1843 μοναστὰς
2142 1760 2254 1826 διὰ
2294 1784 2533 1847 χρυσο-

179 1859 486 1944 βούλλων
540 1855 580 1946 ἡ
638 1858 759 1946 ἐμὴ
827 1858 1048 1946 ἐλέησε
1110 1860 1447 1944 βασιλεία,
1517 1861 1748 1947 πολλῷ
1810 1861 2063 1944 μᾶλλον
2120 1866 2533 1946 χρεωστικῶς

181 1964 315 2026 τῶν
357 1961 621 2027 οἰκείων
666 1956 941 2043 εύχετῶν
985 1960 1079 2039 εἰς
1122 1955 1222 2028 ἀεὶ
1268 1960 1383 2047 τὴν
1426 1961 1815 2048 κηδεμονίαν
1860 1962 2149 2045 ποιήσει.

354 2061 430 2126 ν’.
507 2057 716 2129 (Όθεν
760 2064 866 2127 καὶ
912 2060 1025 2127 τὸν
1070 2061 1373 2147 παρόντα
1393 2062 1896 2184 ι..χρυσόβουλλον
1928 2062 2121 2148 λόγον
2154 2063 2532 2147 ἐπιχορηγεῖ

182 2165 289 2229 καὶ
336 2161 768 2248 ἓπιβραβεύει
808 2166 889 2251 τῇ
931 2164 1213 2251 ῥηθείσῃ
1257 2167 1444 2251 μονῇ,
1496 2158 1577 2229 δι’
1628 2186 1702 2228 ου
1750 2158 2002 2230 εὐδοκεῖ
2043 2167 2149 2230 καὶ
2195 2165 2528 2244 θεσπίζει,

185 2264 296 2331 ἵνα
335 2267 418 2352 τῇ
464 2262 705 2330 τούτου
753 2263 1075 2351 ἐμφανείᾳ
1120 2265 1185 2332 οἱ
1228 2268 1344 2353 τῆς
1371 2267 1579 2351 μονῆς
1605 2263 1845 2350 ταύτης
1872 2268 2146 2349 μοναχοὶ
2178 2268 2295 2330 τοῦ
2329 2260 2532 2335 ὁσιω-

182 2364 386 2431 τάτου
444 2365 766 2433 παύλου
818 2368 937 2431 τοῦ
983 2362 1675 2453 ξηροποταμηνοῦ
1722 2363 1835 2431 διὰ
1873 2364 1953 2430 τὸ
1997 2365 2367 2451 προνόμιον
2411 2371 2529 2433 τοῦ

186 2467 525 2549 ζωοποιοῦ
570 2476 795 2553 τιμίου
840 2466 1033 2547 ξύλου
1065 2467 1521 2591 λαμβάνωσιν
1521 2467 1590 2534 ἐκ
1619 2470 1735 2533 τοῦ
1766 2474 2039 2551 ταμείου
2069 2473 2186 2556 τῆς
2213 2473 2532 2554 κραταιᾶς

184 2573 315 2636 τῶν
370 2571 761 2656 ῥωμαίων
814 2572 1158 2654 βασιλείας
1211 2570 1378 2637 κατὰ
1422 2574 1560 2637 πᾶν
1605 2570 1749 2649 ἔτος
1795 2564 1920 2636 ἀνὰ
1958 2572 2212 2652 χιλίους
2256 2566 2530 2636 ὀκτακοἡ

186 2676 371 2750 σίους
414 2675 697 2754 χρυσοῦς
736 2674 853 2758 τῆς
897 2671 1056 2759 ἐμῆς
1096 2675 1398 2757 χαραγῆς,
1446 2670 1561 2737 διά
1601 2697 1674 2739 τε
1706 2669 1861 2750 τοὺς
1890 2672 2218 2759 ῥηθέντας
2249 2673 2531 2751 ξενῶνας

186 2777 289 2839 καὶ
334 2772 424 2840 τὰ
466 2783 882 2857 νοσοκομεῖα,
926 2776 1032 2839 καὶ
1082 2772 1196 2838 διὰ
1237 2772 1315 2838 τὸ
1359 2772 1688 2857 ἑορτάζειν
1732 2778 2188 2860 πανηγυρικῶς
2215 2773 2383 2858 μετὰ
2413 2799 2531 2861 φι-

186 2875 493 2958 λοτιμίας
535 2876 640 2940 καὶ
686 2873 1018 2956 παννύχου
1064 2873 1358 2953 στάσεως
1397 2884 1577 2959 τρεῖς
1621 2873 1919 2961 ἐτησίους
1962 2874 2226 2959 ἑορτάς·
2283 2875 2368 2941 τὰ
2409 2879 2526 2962 τῆς

186 2974 513 3044 θεοτόκου
558 2976 627 3041 ἐν
671 2978 807 3061 ναῶ
850 2978 944 3062 τῷ
988 2978 1234 3060 νομικῷ
1279 2971 1437 3059 άγια
1482 2973 1759 3052 εἷσόδια,
1805 2977 2039 3060 κλῆρος
2072 2979 2182 3042 καὶ
2210 2976 2332 3062 γὰρ
2352 2971 2528 3098 εοεύτῇ

188 3075 453 3145 ανωθεν
509 3075 717 3163 ἐδόθη
776 3076 852 3142 τὸ
897 3071 1268 3162 ἆγιώνυμον
1316 3073 1501 3160 ὅρος
1557 3074 1675 3161 τὴν
1718 3079 1834 3161 τῆς
1879 3085 2293 3160 παγκοσμίου
2337 3073 2527 3161 {stpeh-

188 3203 355 3258 σεως
406 3181 528 3244 τοῦ
578 3184 809 3262 τιμίου
866 3177 1058 3257 ξύλου
1114 3181 1232 3243 τοῦ
1278 3182 1608 3262 παναγίου
1653 3179 1971 3259 σταυροῦ,
2033 3172 2133 3241 ὅτι
2182 3177 2367 3261 παρὰ
2410 3182 2530 3245 τοῦ

188 3281 463 3365 κράτους
492 3282 612 3367 τῆς
633 3274 941 3364 εὐσεβοῦς
968 3274 1155 3364 ἡμῶν
1182 3279 1528 3364 βασιλείας
1557 3277 1797 3361 ταύτην
1828 3276 2233 3343 πεπλούτικε
2258 3277 2526 3361 χάριτα·

184 3384 285 3448 καὶ
329 3380 412 3447 τὸ
454 3379 816 3470 μαρτύριον
859 3383 991 3446 τῶν
1037 3375 1240 3464 ἁγίων
1270 3385 1667 3446 θεοσέπτων
1694 3377 1993 3462 μεγάλων
2022 3378 2370 3465 μαρτύρων
2398 3402 2528 3463 μου

180 3481 703 3566 τεσσαράκοντα,
765 3477 871 3546 ὅτι
911 3479 1134 3548 πάντα
1175 3481 1259 3548 τὰ
1299 3484 1431 3547 τῶν
1478 3476 1681 3564 ἆγίων
1723 3478 1973 3545 τούτων
2021 3479 2351 3565 σεβάσμια
2394 3482 2530 3549 λεί-

180 3597 365 3667 ψανα
410 3583 481 3649 ἐν
524 3585 606 3669 τῇ
646 3586 816 3669 μονῇ
859 3582 1062 3670 ταύτῃ
1108 3581 1221 3649 διὰ
1260 3581 1745 3668 χρυσοβούλλου
1788 3580 2314 3667 τεθησαύρισται
2343 3581 2530 3665 παρὰ

179 3689 290 3773 τῆς
332 3683 611 3771 πρώτης
637 3689 1067 3770 κτητορίσσης
1096 3682 1339 3769 ἐκείνης
1366 3688 1484 3769 τῆς
1514 3677 1823 3765 ἀοιδίμου
1852 3684 2245 3769 βασιλίσσης
2274 3708 2329 3748 π
2351 3707 2438 3748 ου
2457 3687 2529 3747 λ-

178 3794 456 3872 χερίας
498 3789 619 3872 τῆς
662 3790 1029 3870 παρθένου,
1074 3779 1227 3850 καθ’
1272 3782 1347 3850 ὃν
1389 3783 1623 3867 χρόνον
1668 3778 1831 3870 αὐτῇ
1876 3786 1955 3870 τῇ
1999 3788 2292 3870 μακαρίᾳ
2333 3791 2529 3865 βασι-

181 3890 310 3955 λίδι
354 3883 497 3955 κατ’
549 3884 712 3970 ὄναρ
760 3886 827 3952 οἱ
863 3883 1432 3972 μεγαλομάρτυρες
1458 3888 1801 3969 χριστοῦ
1834 3881 2012 3968 ἅγιοι
2041 3882 2531 3967 τεσσαράκοντα

182 3987 737 4078 ἐνεφανίσθησαν.
829 3986 1001 4072 πρὸς
1052 3984 1315 4065 τούτοις
1372 3988 1443 4053 δὲ
1488 3983 2137 4071 προσεκληρώθησαν
2179 3987 2285 4052 καὶ
2334 3980 2529 4073 ἀφιε-

182 4091 495 4179 ρώθησαν
542 4085 637 4170 ὥς
682 4083 1118 4157 ἆδιάσπαστα
1158 4086 1432 4172 μετόχια
1475 4087 1581 4152 καὶ
1623 4085 1688 4151 οἱ
1720 4084 1787 4151 ἐν
1814 4088 1894 4171 τῇ
1923 4086 2362 4173 βασιλευούσῃ
2392 4090 2525 4154 τῶν

181 4193 435 4262 πόλεων
496 4187 764 4278 εὐαγεῖς
817 4199 997 4275 τρεῖς
1052 4183 1254 4268 οἶκοι,
1318 4184 1356 4253 3
1398 4212 1472 4254 τε
1516 4185 1582 4256 ἐν
1627 4190 1721 4273 τῷ
1765 4192 2075 4273 νεωρίῳ
2134 4185 2206 4254 ἐκ
2245 4186 2524 4274 βάθρων

296 4415 338 4445 ⁸⁵
372 4415 677 4468 Ιοοιείετίιι
714 4414 765 4462 in
800 4413 912 4463 Asia
949 4413 1121 4462 min'ori
1158 4413 1265 4463 sita.
