2900 4950
264 129 269 138 ⁸
372 152 452 216 68
1251 164 1370 213 con.
1405 164 1466 214 ιι.
1534 163 1816 215 Nov.1.11.

370 309 528 400 ὕλην
572 310 792 397 λαβὼν
833 310 952 390 τὰς
1008 311 1081 391 ἐξ
1133 305 1330 397 ἀρχῆς
1381 313 1492 377 καὶ
1545 316 1771 397 μέχρις
1825 311 2071 379 ἐκείνου
2128 312 2295 379 κατὰ
2340 311 2714 400 διαφόρους

366 413 640 500 χρόνους
681 415 760 499 τῇ
805 413 1102 499 ρωμαϊκῇ
1158 411 1541 498 ἐπικρατείᾳ
1597 411 1928 491 διατάξεις
1981 417 2547 497 τεθεσπισμένας,
2608 413 2719 480 οἰ-

371 523 578 594 κείαις
624 520 968 602 φροντίσιν
1009 516 1116 579 καὶ
1162 512 1399 591 πόνοις
1444 514 1630 599 ἔργον
1674 508 2216 596 ἀξιοθαύμαστον
2261 513 2377 601 τὴν
2420 517 2553 580 τῶν
2597 513 2719 580 νό-

368 644 513 701 μων
558 612 714 701 ὅλην
760 618 1265 699 σωματοποιΐαν
1312 614 1405 692 εἰς
1449 609 1817 699 εὐεργεσίαν
1867 617 2000 681 τῶν
2043 609 2352 702 ὑπηκόων
2410 613 2716 701 ἐφιλοτι-

368 718 627 806 μήσατο
672 715 1326 795 κατασκευάσασθαι,
1388 717 1495 781 καὶ
1543 716 1609 782 εἴ
1647 741 1714 781 τι
1753 718 1873 801 μὲν
1918 711 2310 783 ὑπεναντίον
2351 715 2465 782 καὶ
2507 710 2716 800 ἀνάρ-

371 844 620 904 μοστον
686 820 1061 905 διεφαίνετο
1129 812 1589 901 ἀνακαθάρας,
1660 815 1741 883 δι’
1793 806 1883 885 ὧν
1951 818 2023 883 δὲ
2086 815 2202 901 τὴν
2269 811 2713 901 εὐαρμοστίαν

374 921 968 1006 ἐμπολιτευομένην
1026 918 1189 1003 ἔγνω
1245 921 1451 983 ταῦτα
1510 918 1604 997 εἷς
1659 921 1727 985 ἓν
1785 917 2318 1005 συνυφηνάμενος
2370 922 2478 985 καὶ
2522 941 2712 985 στοι-

370 1021 654 1104 χειώσας
708 1028 813 1086 καὶ
872 1016 1101 1104 ὥσπερ
1160 1019 1254 1097 εἷς
1311 1018 1619 1106 στάθμην
1674 1019 1854 1106 δίκης
1903 1026 2064 1103 μίαν
2110 1019 2710 1106 καταστησάμενος,

372 1117 481 1209 ὕφ’
530 1113 608 1210 ἧς
636 1120 712 1186 τό
754 1147 828 1187 τε
872 1121 1127 1188 δίκαιον
1154 1122 1261 1185 καὶ
1291 1118 1368 1185 τὸ
1392 1119 1482 1206 μὴ
1513 1123 1814 1187 τοιοῦτον
1844 1113 1920 1186 ὃν
1951 1121 2322 1204 διεκρίνετο.
2385 1115 2553 1187 ἀλλὰ
2579 1119 2709 1206 γὰρ

283 1241 292 1249 ·
375 1220 464 1301 ὥς
487 1224 656 1289 ἔοικε
680 1226 1017 1304 πανταχοῦ
1046 1220 1395 1287 κάλλιστον
1424 1221 1502 1286 τὸ
1530 1222 1733 1305 μηδὲν
1764 1219 1945 1307 ἄγαν.
2006 1225 2112 1288 καὶ
2143 1221 2263 1308 γὰρ
2290 1217 2462 1288 οὕτω
2491 1223 2713 1300 καλῶς

374 1325 467 1403 εἷς
513 1327 580 1392 ἓν
626 1323 818 1405 σῶμά
858 1349 932 1389 τε
973 1321 1458 1410 ποιησάμενος3
1498 1321 1615 1407 τὴν
1646 1329 2283 1410 καταμεμερισμένην
2311 1327 2446 1388 τῶν
2485 1322 2712 1408 νόμων

375 1423 766 1502 ὑπόστασιν,
814 1422 924 1489 καὶ
964 1422 1049 1488 τὰ
1092 1422 1162 1501 ἐξ
1204 1412 1296 1488 ὧν
1339 1421 1417 1487 τὸ
1463 1421 1847 1506 ἐναρμόνιον
1876 1428 1991 1508 τῆς
2035 1427 2302 1511 νομικῆς
2331 1424 2715 1507 οἰκονομίας

373 1525 695 1603 πολλάκις
738 1533 1154 1618 παρεκιγεῖτο
1200 1520 1700 1606 ἐξισωσάμενος,
1754 1527 1860 1590 καὶ
1905 1524 2076 1608 πρὸς
2116 1531 2273 1608 μίαν
2320 1530 2714 1612 συμφωνίαν

375 1626 445 1692 ἐκ
497 1629 614 1691 τοῦ
674 1623 845 1708 πρὸς
901 1623 1115 1691 {stiva
1168 1622 1341 1706 μόνα
1396 1623 1514 1710 τὴν
1571 1624 1840 1692 πάντων
1897 1620 2409 1693 ἀπευθύνεσθαι
2474 1630 2713 1713 ψῆφον

374 1726 527 1804 τοὺς
570 1725 952 1805 δικάζοντας
1007 1723 1448 1811 καταστήσας,
1509 1728 1617 1791 καὶ
1675 1720 1942 1810 ἀμάχως
1993 1733 2235 1812 κρίνειν
2291 1725 2713 1812 συμβιβάσας

375 1831 453 1914 τῇ
500 1827 795 1913 εἷρηναίᾳ
837 1828 944 1891 καὶ
991 1819 1219 1912 ἀμάχῳ
1263 1828 1396 1891 τῶν
1426 1832 1721 1910 νομίμων
1761 1829 2138 1914 κεφαλαίων
2168 1827 2584 1906 καταστάσει,
2632 1823 2714 1895 οὗ

377 1929 648 2013 στέρξας
693 1926 806 1994 ἐπὶ
849 1926 1139 2005 τούτοις,
1207 1922 1373 1992 ἀλλὰ
1418 1924 1687 2014 ἄμεινόν
1731 1954 1798 1994 τι
1852 1930 2236 2016 διανοηθεὶς
2277 1932 2356 2015 τῇ
2401 1930 2720 2016 πολιτείᾳ

373 2027 541 2112 μετὰ
597 2031 805 2093 ταῦτα
856 2029 1277 2112 χαρίζεσθαι,
1347 2027 1586 2094 ἔλαθεν
1647 2024 1747 2107 οἷς
1803 2025 2073 2112 ὕστερον
2117 2028 2560 2117 ἐνομοθέτησε
2599 2033 2716 2096 καὶ

375 2132 467 2216 τῷ
513 2128 760 2216 πρώτῳ
806 2127 1252 2215 λυμηνάμενος
1297 2126 1462 2213 ἔργῳ
1506 2130 1614 2194 καὶ
1658 2128 1736 2193 τὸ
1782 2128 2082 2215 δεύτερον
2126 2125 2243 2196 οὐκ
2272 2129 2717 2215 ἐργασάμενος

376 2228 753 2314 ἄμεμπτον,
823 2228 1197 2313 ἀντιλογίας
1260 2234 1367 2295 καὶ
1436 2230 1652 2312 ἔριδος
1718 2228 1785 2296 ἐκ
1845 2234 1962 2317 τῆς
2024 2225 2296 2316 ὕστερον
2353 2226 2529 2315 αὐτῷ
2588 2256 2718 2298 πε-

378 2335 753 2416 πραγμένης
794 2326 1188 2408 ὑποθέσεως
1234 2325 1347 2395 οὖκ
1393 2325 1613 2417 ὀλίγης
1657 2329 1827 2416 πρὸς
1881 2329 1998 2420 τὴν
2041 2336 2370 2416 προτέραν
2416 2326 2709 2398 ἀνακεκι-

378 2437 668 2519 νημένης.
757 2434 850 2517 τῷ
892 2433 1011 2514 μὲν
1057 2420 1173 2498 οὖν
1218 2431 1436 2518 οἰκείῳ
1481 2430 1749 2518 καμάτῳ
1798 2428 2007 2511 οὕτως
2038 2426 2118 2498 δι’
2169 2431 2404 2499 ἑαυτοῦ
2449 2426 2485 2498 ὅ
2531 2432 2716 2499 ἰου-

378 2532 805 2611 στινιανὸς
828 2531 1225 2617 ἐλωβήσατο.
1279 2528 1353 2599 οὗ
1379 2532 1509 2621 μὴν
1531 2528 1698 2600 ἀλλὰ
1720 2536 1826 2599 καὶ
1853 2539 2043 2618 μέχρι
2069 2537 2188 2599 τοῦ
2219 2537 2332 2601 νῦν
2363 2533 2435 2614 ἐξ
2462 2534 2714 2601 ἐκείνου
2751 2564 2758 2575 ·

375 2639 492 2701 τοῦ
538 2637 766 2720 καιροῦ
813 2631 964 2718 ἄρτι
1005 2634 1126 2716 μὲν
1168 2629 1304 2699 ὑπὸ
1348 2640 1679 2719 νεωτέρων
1723 2634 2210 2720 θεσπισμάτων
2256 2633 2408 2721 ἄρτι
2459 2635 2529 2701 δὲ
2571 2630 2714 2701 ὑπὸ

379 2739 751 2823 συνηθειῶν
808 2728 1242 2801 ἀθεσπίστων
1305 2738 1413 2801 καὶ
1477 2737 1682 2823 μόνην
1737 2738 2292 2822 προβαλλομένων
2356 2735 2538 2818 ἰσχὺν
2589 2736 2715 2824 τὴν

376 2840 508 2904 τῶν
555 2834 761 2919 ὄχλων
808 2831 1146 2921 ἀρέσκειαν
1190 2836 1443 2921 πολλῆς
1489 2836 1950 2923 ἐπιγενομένης
1988 2844 2429 2923 καινοτομίας,
2473 2841 2713 2923 μικροῦ

376 2937 460 3004 τὰ
501 2941 633 3004 τῶν
678 2937 895 3020 νόμων
942 2942 1348 3022 συγκέχυται,
1406 2940 1512 3004 καὶ
1573 2936 1710 3004 ἄνω
1764 2941 1871 3005 καὶ
1920 2937 2097 3005 κάτω
2142 2937 2585 3023 πεττευόμενα
2626 2938 2718 3005 τὰ

379 3038 736 3124 πράγματα
780 3044 1070 3126 φέρεται.
1160 3037 1274 3106 διὰ
1313 3041 1531 3119 τοῦτο,
1581 3040 1769 3125 ε’ίπερ
1799 3065 1867 3105 τι
1897 3038 2078 3120 ἄλλο,
2123 3043 2232 3106 καὶ
2276 3039 2511 3107 τούτου
2551 3035 2714 3125 ἡμῖν

378 3143 509 3206 τῶν
568 3135 1097 3226 ἀναγκαιοτάτων
1156 3141 1250 3219 εἷς
1302 3140 1380 3206 τὸ
1436 3148 1760 3226 προνοίας
1824 3135 2429 3228 ἀντιλαμβανούσης
2492 3152 2715 3224 τυχεῖν

378 3236 565 3320 ἀξίου
614 3248 975 3329 [φανέντος,
1022 3241 1139 3327 τὴν
1181 3245 1313 3307 τῶν
1357 3241 1642 3324 νόμωνΓ
1684 3248 2157 3328 πραγματείαν,
2204 3242 2302 3310 ἔτι
2346 3242 2417 3309 δὲ
2452 3240 2717 3323 καὶτὰς

380 3343 473 3419 εἷς
515 3341 631 3424 τὴν
675 3346 806 3408 τῶν
850 3340 1253 3426 πραγμάτων
1300 3342 1623 3426 διοίκησιν
1652 3343 2127 3427 παρελθούσας
2158 3349 2515 3430 συνηθείας
2559 3343 2716 3410 ἐπι-

380 3441 814 3522 σκεψάμενοι,
881 3445 1012 3505 τῶν
1069 3442 1187 3522 μὲν
1243 3440 1462 3522 νόμων
1505 3441 1621 3529 τὴν
1666 3437 2041 3530 ἀντιλογίαν
2086 3440 2711 3528 ἀπεσκευασάμεθα,

379 3544 516 3606 πᾶν
561 3534 924 3606 ἀντίπαλον
967 3547 1073 3605 καὶ
1120 3540 1290 3623 πρὸς
1332 3540 1447 3627 τὴν
1495 3547 1825 3628 φέρουσαν
1863 3540 2116 3631 ἀγωγὴν
2145 3550 2278 3611 τῶν
2307 3545 2717 3632 πραγμάτων

381 3637 704 3724 ἀθέμιτον
749 3644 864 3725 τῆς
914 3643 1181 3727 νομικῆς
1237 3635 1425 3721 ἀξίας
1481 3638 2218 3735 ἀποχειροτονήσαντες,
2274 3646 2395 3726 τὰς
2451 3640 2505 3712 δ’
2555 3644 2717 3717 ὅσαι

382 3742 733 3828 συνήθειαι
788 3736 865 3809 οὐ
924 3741 1195 3829 φαύλως
1249 3741 1514 3812 ἐδόκουν
1572 3741 1719 3813 οὐδ’
1781 3747 2162 3833 ἐπιβλαβῶς
2226 3748 2570 3835 ῥυθμίζειν
2626 3751 2717 3817 τὰ

380 3843 753 3928 πράγματα,
793 3843 1035 3922 ταύτας
1061 3850 1289 3928 μηκέτι
1318 3853 1676 3930 συνηθείας
1705 3843 1982 3935 ἀλόγους
2011 3845 2182 3917 εἶναι
2209 3849 2707 3931 καταλιπόντες,

380 3938 517 4010 ἀλλ’
575 3943 669 4022 εἰς
727 3942 1028 4024 ἐξουσίαν
1082 3949 1551 4030 θεσπίσματος
1603 3950 2155 4035 καταστήσαντες,
2217 3950 2356 4017 ἐστὶ
2416 3945 2479 4016 δ’
2531 3948 2709 4018 ὅπου

514 4177 533 4205 ⁸
577 4182 634 4231 n.
665 4181 942 4244 Stephanus
978 4190 1026 4232 et
1058 4183 1317 4247 Agylaeus:
1375 4181 1987 4253 σωματοποιησάμενος.
2197 4188 2219 4216 ⁴
2269 4191 2458 4240 Inclusa
2503 4204 2558 4241 ex
2596 4206 2715 4242 con-

375 4266 562 4330 jectura
596 4266 737 4316 addo.
