2900 4950
322 284 360 347 8
825 366 835 379 ἱ
1190 294 1310 348 con.
1345 297 1380 344 ι.
1452 295 1567 344 nov.
1604 293 1684 343 ιιι.
1723 295 1795 343 ιν.

1329 445 1501 506 Nov.
1547 445 1649 505 m.

1250 564 1334 625 Im
1384 611 1398 625 .
1441 565 1477 625 J
1493 564 1729 626 ustini

422 668 496 730 de
538 667 610 730 iis
655 667 754 747 qui
800 667 860 729 iti
906 667 1323 748 Mesopotamia
1342 585 1429 728 pet
1474 666 1740 728 Osroene
1788 674 1846 726 et
1891 664 2288 745 Euphratensi
2332 666 2563 731 illicitas

498 782 503 789 ’
924 770 1160 849 nuptias
1207 776 1643 833 contraxerunt.
1734 769 1820 839 (Α.
1869 767 2071 844 566.)¹

512 919 697 1015 Περὶ
747 927 904 995 τῶν
953 923 1037 996 ἐν
1087 920 1407 1017 ὖσροηνῇ
1462 918 1587 993 καὶ
1638 916 2152 1013 μεσοποταμίᾳ
2203 924 2496 1018 γοίμους

938 1037 1349 1131 ἀθεμίτους
1406 1038 2057 1119 συναλλαξοίντων.

631 1152 690 1207 ‘O
725 1151 935 1213 αὐτὸς
967 1154 1299 1224 βασιλεὺς
1330 1153 1515 1225 πέτρῳ
1549 1150 1747 1224 κόμητι
1782 1154 1880 1205 τοῦ
1916 1128 2073 1204 θείου
2107 1155 2350 1221 ταμείου.

504 1260 599 1345 Τῇ
643 1262 777 1324 τῶν
820 1257 1038 1342 νόμων
1084 1252 1382 1343 ἀκριβείᾳ
1423 1258 1530 1322 καὶ
1575 1251 1919 1340 βασιλικὴν
1962 1251 2388 1338 ἐγκαταμῖξαι
2432 1255 2672 1342 φιλανὸ

326 1365 646 1445 θρωπίαν
692 1360 870 1427 ἔστιν
916 1355 1027 1425 ὅτε
1067 1363 1199 1424 τῶν
1244 1356 1713 1443 προσηκόντων
1757 1360 2154 1440 καθέστηκε,
2211 1356 2320 1420 καὶ
2375 1351 2672 1438 μάλιστα

327 1456 518 1542 ἡνίκα
558 1461 715 1539 τοὺς
758 1457 1089 1545 ὗπηκόους
1130 1459 1386 1544 πολλῆς
1442 1459 1674 1543 ζημίας
1727 1482 1800 1524 τε
1854 1458 1962 1522 καὶ
2005 1455 2255 1540 βλάβης
2311 1454 2674 1540 ἐξαιρεῖται

328 1566 526 1628 τοῦτο
571 1560 1045 1646 πραττόμενον,
1093 1556 1337 1626 ὁποῖον
1378 1558 1545 1627 κατὰ
1585 1557 1666 1623 τὸ
1709 1556 1926 1642 παρὸν
1969 1561 2063 1643 τῷ
2107 1553 2399 1644 ἡμετέρῳ
2443 1566 2671 1625 ποιεῖν

333 1663 516 1743 ἔδοξε
544 1662 783 1748 κράτει.
872 1666 966 1749 τῷ
1011 1662 1133 1747 γὰρ
1175 1657 1468 1748 ἡμετέρῳ
1499 1666 1724 1744 πατρί,
1770 1658 1938 1742 μετὰ
1979 1662 2111 1724 τῶν
2144 1656 2361 1725 ἄλλων
2393 1654 2672 1745 ἆγαθῶν

329 1768 439 1830 καὶ
486 1764 917 1852 σωφροσύνης
972 1759 1376 1850 ἇντεχομένῳ
1420 1763 1703 1846 πολλῆς,
1771 1759 2008 1843 νόμος’
2062 1766 2457 1847 γέγραπται,
2516 1760 2674 1839 τοὺς

332 1862 685 1950 ἀθεμίτοις
730 1861 1122 1950 ὁμιλοῦντας
1164 1864 1402 1950 γάμοις
1430 1862 1721 1943 κολάζων
1764 1888 1838 1929 τε
1880 1865 1986 1928 καὶ
2035 1862 2299 1948 ζημιῶν,
2344 1864 2452 1928 καὶ
2499 1861 2674 1947 πρὸς

330 1966 408 2033 τὸ
452 1968 601 2033 δέον
648 1967 994 2052 ἐπανάγων
1026 1962 1115 2045 ῶς
1142 1966 1230 2052 μὴ
1261 1969 1379 2052 τῆς
1409 1964 1671 2053 φύσεως
1703 1961 1903 2052 αὐτῆς
1933 1962 2298 2047 ἐπιθυμεῖν
2324 1959 2667 2050 ὑπερόρια.

331 2067 444 2134 καὶ
483 2068 682 2148 καλὸς
727 2064 762 2133 ὃ
807 2067 1007 2152 νόμος
1048 2070 1157 2134 καὶ
1204 2067 1468 2155 σφόδρα
1509 2062 1666 2152 ἡμῖν
1712 2061 2032 2151 ἀρέσκων,
2081 2061 2252 2132 ὥστε
2295 2075 2400 2131 καὶ
2445 2065 2671 2149 κύριον

329 2164 674 2257 ἡγούμεθα
717 2174 950 2237 τοῦτον
1004 2172 1113 2236 καὶ
1171 2179 1430 2255 κρατεῖν
1481 2167 1822 2252 κελεύομεν
1868 2166 2155 2246 πάντως.
2245 2162 2414 2234 ἀλλὰ
2456 2191 2665 2253 προσ-

330 2273 546 2359 ῆλθον
587 2268 745 2360 ἡμῖν
788 2269 1034 2338 πολλοὶ
1079 2271 1147 2339 ἐκ
1201 2277 1707 2354 μεσοποταμίας
1761 2294 1833 2336 τε
1887 2270 1992 2334 καὶ
2054 2262 2370 2356 όσροηνῆς
2412 2271 2518 2334 καὶ
2566 2264 2673 2335 εὖ·-

335 2381 705 2461 φρατησίας
759 2376 891 2438 τῶν
949 2372 1281 2457 ἐπαρχιῶν
1345 2367 1446 2441 (οὗ
1491 2369 1665 2436 πολι)
1723 2371 1796 2435 δὲ
1849 2368 2052 2446 τοὺς*
2105 2373 2376 2455 περσῶν
2425 2369 2672 2449 ταύτας

335 2474 698 2555 διεστάναι)
738 2473 1196 2552 ’διδάσκοντες,
1253 2473 1439 2552 τινὰς
1479 2474 1600 2557 μὲν
1645 2465 1875 2558 ἀγνοίᾳ
1919 2474 2034 2536 τοῦ
2079 2469 2314 2555 νόμου,
2367 2471 2554 2552 τινὰς
2597 2474 2671 2541 δὲ

331 2583 723 2664 νικηθέντας
773 2580 868 2662 τῷ
926 2574 1144 2642 πάθει
1184 2578 1302 2662 τῆς
1345 2575 1716 2658 ἐπιθυμίας
1757 2575 1836 2660 τῇ
1884 2575 2018 2639 τῶν
2063 2576 2329 2659 περσῶν
2376 2574 2671 2658 ἒπιμίξει

329 2681 437 2744 καὶ
482 2681 616 2744 τῶν
661 2674 762 2744 ἐπ’
812 2673 1040 2756 αὐτοῖς
1078 2681 1464 2765 σαρακηνῶν
1507 2674 1924 2761 παρανόμοις
1954 2679 2383 2762 συναφθῆναι
2410 2674 2667 2762 γάμοις,

333 2776 505 2848 ῶστε
546 2778 797 2845 τούτων
843 2778 1042 2857 ἐνίοις
1084 2779 1336 2857 παῖδάς
1378 2805 1451 2846 τε
1494 2781 1600 2844 καὶ
1656 2775 1955 2862 ἐγγόνους
2006 2782 2339 2862 γενέσθαι.
2393 2777 2670 2865 ταύτην

330 2906 405 2947 τε
444 2880 791 2968 πρόφασίν
833 2906 1020 2959 τινας
1059 2883 1180 2965 μὲν
1222 2883 1339 2967 τῆς
1383 2884 1574 2967 σφῶν
1618 2874 1834 2945 αὐτῶν
1883 2879 2270 2958 πλεονεξίας
2326 2878 2670 2965 λαβόντας,

330 2981 535 3067 βραχύ
600 3008 669 3048 τι
734 2982 1165 3069 καταβάλλειν
1227 2977 1380 3049 καθ’
1453 2982 1725 3050 ἕκαστον
1793 2981 1938 3060 ἔτος
2009 2980 2119 3047 ἐπὶ
2186 2980 2303 3068 τὴν
2369 2985 2486 3068 τῆς
2553 2985 2672 3068 σῆς

333 3082 751 3171 ἕνδοξότητος
809 3080 1008 3172 ἀρχὴν
1072 3087 1181 3151 καὶ
1247 3083 1648 3170 προστάξεις
1713 3083 2111 3167 κομίζεσθαι
2178 3077 2521 3166 ἀναζητεῖν
2588 3082 2672 3149 τὰ

330 3189 607 3254 τοιαῦτα
674 3189 779 3254 καὶ
847 3186 1121 3253 ἐκδικεῖν
1186 3186 1621 3271 βουλομένας·
1708 3183 1862 3262 τοὺς
1930 3186 2002 3249 δὲ
2075 3182 2673 3264 ἒπιτετραμμένους

330 3290 540 3354 ταῦτα
582 3298 807 3355 ποιεῖν
851 3287 1121 3372 αἰσχροῦ
1165 3287 1433 3368 κέρδους
1465 3287 1649 3353 ἕνεκα
1693 3287 2166 3370 συκοφαντίαις
2197 3280 2352 3359 τοὺς
2380 3283 2672 3363 πολλοὺς

330 3384 614 3469 άδικεῖν,
673 3386 1059 3473 ἐπηρεάζειν
1111 3389 1219 3452 καὶ
1275 3385 1634 3471 πράγματα
1687 3393 1833 3461 τοῖς
1888 3380 2281 3460 άνευθύνοις
2338 3388 2666 3468 παρέχειν.

328 3488 441 3555 καὶ
486 3487 1010 3573 τελευτησάντων
1066 3485 1388 3563 πολλάκις
1439 3490 1572 3551 τῶν
1631 3481 1971 3569 άθεμίτως
2028 3489 2507 3570 συναφθέντων
2553 3481 2671 3553 άλ-

332 3588 556 3676 λήλοις
617 3586 775 3666 τοὺς
828 3586 1088 3654 ἐκείνων
1143 3585 1397 3664 παῖδάς
1449 3611 1522 3653 τε
1578 3588 1684 3652 καὶ
1746 3584 2046 3670 ἐγγόνους
2109 3587 2217 3651 καὶ
2277 3586 2670 3673 ἐπεγγόνους

333 3685 522 3757 οὐδὲν
566 3686 1020 3776 ἡμαρτηκότας
1052 3685 1473 3769 εἰσπράττειν
1509 3688 1710 3766 δίκας,
1759 3683 1926 3772 ὑπὲρ
1960 3676 2049 3753 ὧν
2082 3687 2146 3754 οἱ
2165 3687 2426 3755 τούτων
2456 3701 2671 3775 γονεῖς

331 3796 437 3859 καὶ
484 3791 806 3878 πρόγονοι
846 3792 1179 3877 συνῆλθον
1225 3789 1319 3866 εἷς
1360 3787 1570 3873 γάμον
1600 3783 1926 3877 ἀλλήλοις.
2001 3792 2107 3855 καὶ
2138 3793 2347 3857 ταῦτα
2377 3793 2670 3878 λέγοντες

330 3897 445 3980 τῆς
488 3897 607 3960 τοῦ
650 3889 964 3981 ἡμετέρου
1048 3890 1327 3976 κράτους
1368 3885 1591 3976 ἠξίουν
1637 3892 2159 3979 φιλανθρωπίας
2199 3902 2436 3976 τυχεῖν.

331 4081 586 4130 Αῑὴεοοε.ε
636 4080 765 4128 Δατ.
806 4081 944 4130 xvm
976 4073 1319 4146 Ὀκτωβρίων
1352 4074 1411 4130 ἐν
1444 4074 1758 4142 Χαλκηδόνι
1802 4076 2079 4146 βασιλείας
2120 4076 2213 4129 καὶ
2254 4073 2512 4135 ὑπατείας
2541 4072 2667 4130 'Iov-

331 4160 520 4214 στίνου
554 4156 873 4229 Αὐγούστου
907 4157 984 4219 εἰς
1018 4160 1090 4214 ια’
1127 4167 1332 4225 (Heimb.
1368 4167 1462 4230 legi
1497 4167 1593 4216 vult
1626 4161 1688 4214 τὸ
1728 4159 1825 4228 α’).
1897 4167 2168 4217 'thennim-‚t
2207 4159 2531 4231 ἐξεφωνῆθη
2580 4160 2668 4216 ἐπὶ

330 4248 430 4298 τοῦ
464 4242 685 4318 πρώτου
719 4242 873 4302 ἔτους
909 4243 1275 4300 ίουστινιανοῦ
1311 4251 1408 4299 τοῦ
1446 4244 1849 4316 εὐσεβεστάτου.

466 4331 481 4364 ²
518 4334 568 4384 Ιιι
606 4334 888 4385 collectione
912 4336 1209 4388 Novella-um
1245 4337 1417 4386 Justini
1454 4342 1530 4386 est
1563 4337 1675 4386 Nov.
1701 4331 1796 4385 111:
1835 4335 1946 4385 inde
1970 4336 2153 4399 primus
2179 4334 2328 4386 edidit
2354 4335 2666 4397 Serimgerus.

333 4416 353 4444 ²
386 4417 498 4469 Nov.
534 4420 788 4471 lusciniam
832 4421 938 4472 154.
1074 4419 1108 4455 *
1145 4422 1299 4473 Malim
1332 4420 1465 4470 τῶν.
2609 4429 2616 4440 ·
