2900 4950
270 229 296 271 Ν
337 235 461 296 564
1221 240 1340 291 con,
1379 240 1449 290 tv.
1524 241 1633 288 xm.
1674 234 1801 290 xcv,

345 399 524 480 hujus
568 393 898 475 chrysoboii
932 393 1168 473 imperii
1216 393 1350 465 mei,
1395 383 1465 451 ei
1514 406 1674 449 nunc
1717 384 1777 450 'et
1821 389 2103 467 deinceps
2142 386 2351 467 juditia
2383 386 2715 467 peccunia·

343 500 427 560 ria
477 499 631 559 inter
672 495 980 556 Venetieos
1026 503 1085 555 et
1130 493 1352 554 Grecos
1383 491 1760 552 decidantur.

514 599 734 659 Prete
756 614 875 657 rea
925 595 1183 675 quidem,
1230 594 1279 653 si
1326 593 1397 652 de
1443 591 1734 657 seditione
1778 590 1867 651 vei
1911 591 2339 670 repugnatione
2368 590 2523 650 inter
2555 589 2715 650 Gre-

344 700 478 763 cum
523 709 583 761 et
617 698 954 760 Veneticum
1002 695 1288 756 existente
1321 688 1625 759 moveatur
1650 710 1846 764 causa,
1894 710 2100 770 magna
2140 692 2376 770 quidem
2406 690 2709 752 existente

343 802 736 863 seditione‘et
781 799 854 860 ad
901 796 1332 858 multitudinem
1380 790 1625 855 deventa
1672 802 1733 853 et
1775 793 1846 853 ad
1895 792 2275 854 homicidium
2312 794 2460 853 forte
2488 810 2709 872 perve-

275 943 290 949 -
345 904 544 973 niente
602 911 702 963 aut
760 918 1001 978 magnas
1057 897 1291 977 plagas,
1350 904 1494 955 tunc
1547 893 1930 954 cancellarius
1976 892 2094 968 vie,
2156 895 2243 955 vei
2288 912 2363 953 eo
2404 913 2435 953 a
2482 910 2703 972 magna

347 1005 491 1065 urbe
534 1003 796 1074 absente,
842 1009 986 1060 tunc
1029 996 1329 1078 presens²¹
1378 996 1438 1056 in
1485 995 1702 1075 palatio
1734 995 2190 1057 vlachernarum
2224 995 2703 1075 primiceriorum

349 1117 407 1167 et
449 1104 868 1166 strattiotarum
915 1099 1252 1180 hujusmodi
1302 1096 1767 1177 perscrutabitur
1808 1112 2065 1169 cansam,
2131 1107 2206 1167 et,
2255 1107 2318 1157 ut
2361 1096 2435 1157 ab
2479 1116 2555 1156 eo
2599 1116 2707 1156 co—

348 1218 683 1287 gnoscetur,
729 1203 912 1264 solvet
955 1212 1015 1261 et
1059 1201 1402 1273 ulciscetur3
1448 1194 1622 1278 parva
1670 1216 1807 1259 vero
1852 1205 1911 1258 et
1953 1198 2254 1258 adunam
2301 1197 2388 1257 vei
2434 1198 2505 1258 ad
2544 1199 2706 1258 duos

351 1309 632 1380 deducta,
679 1306 727 1366 si
755 1303 1011 1383 ,quidem
1059 1302 1395 1363 vulneratus
1439 1299 1669 1379 plagam
1716 1299 2071 1359 mediocrem
2116 1299 2418 1360 sustinens
2462 1309 2563 1359 aut
2608 1298 2708 1359 in-

344 1407 562 1487 juriam
593 1402 901 1467 veneticus
947 1403 1138 1475 tuerit,
1185 1402 1341 1480 apud
1385 1412 1531 1461 tnnc
1573 1400 1982 1461 camenas-ium
2032 1393 2136 1471 vie',
2184 1401 2269 1460 vel
2314 1419 2386 1461 eo
2418 1419 2448 1460 a
2484 1418 2701 1478 magna

349 1509 495 1569 urbe
551 1508 826 1578 absente,
887 1504 1042 1583 apud
1090 1510 1229 1564 tunc
1275 1516 1553 1579 magnum
1599 1502 1968 1580 iugariastam
2016 1501 2341 1581 querellam·
2380 1512 2702 1580 proponat,

351 1620 409 1670 et
452 1607 775 1670 secundum
824 1605 981 1681 leges
1028 1603 1338 1664 vindictam
1383 1601 1644 1663 habebit.
1736 1604 1796 1663 Si
1844 1622 1979 1665 vero
2019 1604 2240 1664 Grecos
2286 1602 2458 1663 fuerit
2500 1603 2703 1681 ydiota

353 1709 626 1788 quidem,
685 1716 743 1766 et
800 1725 917 1767 non
979 1724 1050 1765 ex
1103 1702 1346 1764 senatus
1391 1702 1665 1764 consulto
1708 1715 1809 1764 ant
1851 1705 1927 1763 de
1969 1704 2316 1765 clarioribus
2360 1703 2704 1765 honunibus

350 1811 510 1871 curie
556 1807 790 1887 Imperii
837 1807 949 1871 mei
995 1807 1347 1878 consistens,
1413 1805 1568 1883 apud
1614 1804 1867 1883 legatum
1914 1804 2322 1866 Venetioorum
2366 1815 2427 1865 et
2469 1805 2582 1866 sub
2626 1824 2703 1865 eo

345 1912 577 1992 judices
621 1911 696 1970 de
741 1909 952 1988 injuria
997 1918 1060 1969 et
1099 1908 1391 1973 dedecore
1435 1904 1754 1966 movebunt
1796 1924 2053 1979 causam,
2119 1916 2174 1967 et
2220 1906 2294 1967 ab
2338 1898 2469 1968 istis
2510 1908 2707 1967 susci-

351 2014 475 2093 piet
515 2012 848 2072 vindictam.
916 2010 1236 2089 Diligenter
1279 2008 1436 2068 enim
1486 2006 1799 2086 Imperium
1844 2026 2042 2095 mengn
2090 2008 2349 2081 contidit,
2396 2009 2554 2088 quod
2600 2026 2706 2068 su·

351 2132 462 2196 per
503 2112 841 2193 hujusmodi
888 2111 1157 2191 capitulis
1197 2118 1565 2170 sacramenta
1612 2126 1721 2187 pro
1759 2106 1993 2187 justicia
2043 2102 2486 2170 intervenientia
2513 2110 2705 2169 Vene-

355 2216 471 2289 tici,
520 2215 731 2295 quibus
770 2213 1055 2292 judicium
1103 2221 1193 2272 est
1228 2210 1629 2282 commissum,
1676 2228 1793 2270 non
1828 2210 2173 2288 despicient,
2221 2211 2401 2271 immo
2431 2211 2705 2271 similiter

355 2327 412 2378 et
469 2317 529 2377 in
590 2313 926 2394 hujusmodi
985 2312 1178 2371 causis
1229 2310 1525 2390 justiciam
1574 2311 1932 2385 custodient,
1995 2312 2492 2391 quemadmodum
2535 2322 2595 2372 et
2638 2312 2703 2372 iit

354 2415 868 2499 peccuniariie‚·et
912 2432 1029 2474 non
1078 2422 1302 2475 tantum
1351 2414 1635 2476 honorem
1680 2412 1769 2476 vet
1812 2412 2070 2474 dedecus
2100 2412 2220 2475 sive
2249 2402 2583 2493 proficuum
2612 2413 2704 2474 vet

355 2519 676 2597 dampnum
723 2516 1128 2575 veneticorum
1176 2515 1494 2588 curabunt,
1542 2525 1825 2594 quantum
1872 2533 2077 2575 eorum
2120 2525 2525 2590 sacramenta,
2584 2533 2701 2595 que

356 2620 431 2681 ab
488 2620 574 2678 eis
629 2636 737 2695 pro
787 2615 1019 2694 justicia
1067 2617 1239 2688 ssent,
1300 2616 1358 2676 in
1406 2616 1680 2676 omnibus
1728 2611 1878 2676 bene
1922 2618 2218 2677 custodire
2263 2625 2322 2678 et
2362 2618 2700 2678 observare.

358 2721 442 2780 Ne
487 2728 682 2779 autem
732 2718 901 2795 ionga
949 2727 1230 2797 sequatur
1274 2735 1433 2778 mora
1480 2717 1557 2775 in·
1582 2716 1820 2796 judiciis
1866 2719 2021 2778 inter
2051 2719 2268 2780 Grecos
2313 2730 2370 2779 et
2393 2719 2702 2779 Veneticos

361 2820 602 2893 suturis,
663 2840 772 2880 nec
827 2817 1001 2879 libelii
1060 2819 1184 2878 dies
1240 2837 1351 2878 nec
1396 2817 1836 2879 interdictorum
1885 2839 2072 2898 usque
2115 2820 2173 2879 in
2220 2821 2417 2899 viginti
2464 2820 2551 2880 vei
2599 2820 2706 2881 tri-

357 2922 538 3002 ginta,
585 2931 760 3001 prout
803 2921 1559 2981 communiter'secnndum
1606 2920 1764 2998 leges
1807 2929 2060 2995 tenetur,
2106 2921 2521 2983 connumerari
2569 2939 2703 2981 meo

357 3027 549 3105 ptaoet
601 3023 884 3103 Imperi0‚
943 3023 1048 3082 sed
1104 3023 1429 3082 secandum
1486 3019 1691 3081 novam
1750 3021 2284 3083 constitutionem„
2336 3024 2702 3102 sempiterne

361 3125 641 3187 memorie
688 3124 1060 3203 Imperatoris
1106 3133 1164 3184 et
1208 3123 1398 3183 dilecti
1444 3122 1639 3201 patrui
1684 3122 1919 3202 Imperii
1962 3125 2099 3197 mei,
2147 3124 2368 3185 domini
2416 3124 2703 3185 Manuelis

363 3226 668 3298 Corimani,
714 3226 920 3286 factam
970 3225 1042 3284 de
1081 3222 1337 3302 judiciis,
1384 3241 1500 3302 qne
1546 3224 1701 3284 inter
1743 3233 2055 3286 extraneos
2099 3235 2154 3286 et
2204 3226 2506 3305 indigenas
2537 3223 2700 3286 cives

359 3337 798 3390 conversantur.

530 3430 847 3506 Insuper
891 3436 948 3487 et
990 3425 1162 3486 aliam
1209 3421 1561 3504 peticionem
1615 3429 1816 3507 sepius
1861 3428 2212 3488 declaratam
2257 3427 2703 3507 prudentissimi

357 3530 530 3608 legati
575 3528 647 3588 ad
695 3547 889 3588 meum
936 3528 1197 3588 fecerunt
1244 3528 1558 3606 imperium
1596 3527 1984 3607 justissimam
2032 3539 2092 3591 et
2120 3548 2253 3590 meo
2283 3529 2703 3609 acceptabilem

360 3631 633 3710 Imperio.
702 3629 1003 3691 Petierunt
1046 3628 1224 3701 enim,
1272 3638 1335 3689 ut
1380 3628 1655 3689 venetico
1702 3630 1760 3689 in
1808 3630 1998 3709 aliqua
2047 3631 2283 3710 regione
2319 3631 2553 3711 Imperii
2587 3633 2703 3693 mei

360 3733 648 3796 moriente
693 3731 910 3792 nullam
957 3729 1208 3808 praetori
1257 3739 1410 3790 terre
1456 3731 1527 3790 ad
1575 3730 1729 3791 bona
1774 3732 2031 3793 defuncti
2057 3733 2313 3810 Venetici
2347 3734 2474 3794 fieri
2506 3751 2707 3796 aetes-

275 3849 282 3856 “
361 3836 608 3906 sionem,
655 3832 835 3893 immo
879 3830 1206 3892 seeundum
1249 3830 1527 3910 placitum
1560 3832 1760 3893 Veneti
1806 3832 2063 3894 defuncti
2109 3833 2240 3914 ejus
2284 3835 2709 3913 dispensentur

359 3955 462 3999 res
503 3935 588 3995 vel
636 3934 710 3994 ab
753 3933 884 4013 ejus
929 3932 1504 4004 fideicommissariis,
1551 3934 1600 3994 si
1649 3936 2086 3995 testamentorie
2118 3936 2404 4014 contingit
2433 3954 2568 3996 eum
2601 3935 2709 3996 ob-

363 4037 531 4110 iisse,
577 4034 662 4096 vei
708 4035 782 4096 ab
826 4034 938 4096 hiis
981 4035 1080 4115 qui
1127 4034 1527 4115 reperirentur
1570 4045 1709 4096 tunc
1749 4035 1829 4096 ibi
1876 4036 2182 4098 veneticis.
2271 4037 2491 4099 Annuit
2532 4037 2713 4116 igitur
2864 4113 2869 4120 Ι

365 4136 680 4215 imperium
736 4155 932 4198 meum
990 4145 1049 4198 et
1104 4137 1201 4197 tali
1249 4155 1452 4196 eorum
1498 4137 1807 4215 peticioni,
1875 4147 1934 4198 et
1977 4155 2087 4217 per
2129 4157 2378 4218 presens
2422 4140 2709 4219 scriptum

503 4351 536 4379 ³¹
573 4355 713 4402 Forte
743 4370 948 4417 pmescs.
1087 4354 1128 4380 ²²
1163 4356 1232 4403 Cf.
1267 4371 1414 4417 supra
1451 4357 1563 4408 Νῦν.
1604 4357 1733 4406 vat
1768 4371 1812 4406 ο.
1834 4355 1880 4406 3.
