2900 4950
291 171 415 235 344
1172 177 1753 230 c0n.1v.N0v.x1x.

299 333 469 423 φοὺς
509 331 625 419 τὴν
668 326 854 417 η’βην,
901 326 1090 418 παρὰ
1130 332 1332 413 μέρος
1373 325 1594 411 λαβὼν
1640 291 1946 402 ἕκαστον,
2005 316 2088 389 δι’
2139 321 2484 411 ἐγγράφων
2526 321 2653 390 αὖ·

297 434 580 511 τοτελῶς
622 426 778 515 παρ’
830 430 1092 497 ἐκείνων
1134 433 1573 515 γεγενημένων
1617 425 1734 510 τὴν
1792 419 2140 510 ἀνίσχυρον
2183 423 2356 510 πρὸς
2399 423 2649 509 νόμους

295 532 552 621 γραφὴν
596 534 734 597 τοῦ
759 530 1016 616 πατρὸς
1064 526 1155 610 ὥς
1182 526 1335 615 ύγιᾶ
1369 531 1707 612 τιμᾶσθαι
1736 524 2159 607 πανταχόθεν
2190 521 2645 615 ἀκριβωμένην

301 634 627 722 διαθήκην
670 639 1015 715 πεποίηκε,
1062 635 1170 699 καὶ
1218 628 1389 718 ὅρκῳ
1430 628 1587 708 τοὺς
1616 631 1695 716 τῇ
1725 626 1945 714 γνώμη
1976 627 2178 714 ταύτῃ
2211 627 2646 712 ἐμμείναντας

301 732 629 823 ἀδελφοὺς
675 736 1065 816 σωματικῶς
1108 728 1557 820 ἠσφαλίσατο·
1620 729 1769 797 ἐπεὶ
1826 752 1940 795 ουν
1980 729 2170 807 τέλος
2227 718 2409 816 εὗρεν
2461 725 2641 818 αύτῷ

294 840 601 905 τοιοῦτον
644 832 723 900 τὸ
767 829 936 919 ὑπὲρ
979 837 1097 920 τῆς
1138 835 1517 910 τελευταίας
1558 832 1801 917 βουλῆς
1841 833 1959 895 τοῦ
2003 829 2260 914 πατρὸς
2296 825 2643 916 ἀγώνισμά

298 963 374 1006 τε
414 939 520 1004 καὶ
568 933 988 1019 σπούδασμα,
1032 937 1143 1001 καὶ
1190 928 1379 1000 οὐδὲν
1424 921 1540 999 οῦν
1568 922 1648 1020 ἦν
1693 931 1793 999 ἔτι
1820 931 2063 998 λοιπὸν
2094 932 2388 1018 ἐχέγγυον
2420 927 2641 1020 ἀσφα-

233 1032 238 1038 ’
302 1042 608 1121 λέστερον
651 1039 768 1122 τῆς
810 1035 1120 1122 τοιαύτης
1161 1036 1279 1100 τοῦ
1326 1031 1716 1118 πράγματος
1758 1034 2270 1119 παραφυλακῆς,
2333 1044 2479 1113 τοῖς
2531 1033 2638 1101 ἐλ-

296 1142 601 1226 λογίμοις
653 1140 786 1203 τῶν
846 1141 1122 1221 κρίσεων
1183 1135 1556 1221 διαιτηταῖς
1605 1129 2050 1201 ἀνακαλύπτει
2091 1134 2176 1201 τὰ
2219 1136 2651 1219 παρακολου-.

298 1240 625 1326 θήσαντα,
673 1235 1052 1359 δημοσιεύει
1081 1235 1204 1315 τὰς
1247 1233 1612 1322 ἐγγράφους
1645 1234 1908 1321 γνώμας
1935 1238 2069 1301 τῶν
2100 1230 2427 1324 ἀδελφῶν,
2473 1243 2641 1305 θεα-

297 1342 505 1426 τρίζει
543 1338 661 1427 τὴν
706 1333 844 1405 ἀπὸ
888 1341 1005 1404 τοῦ
1051 1340 1430 1422 σωματικοῦ
1478 1333 1673 1457 ὅρκου
1719 1332 2109 1425 ἀσφάλειαν,
2164 1336 2377 1424 ἐρωτᾷ
2422 1337 2481 1404 εἰ
2524 1332 2641 1404 αῦ-

298 1442 554 1528 τάρκως
600 1440 732 1522 ἔχει
773 1442 890 1505 τοῦ
924 1433 1232 1525 ἀκριβοῦς
1261 1434 1299 1525 ἦ
1331 1434 1504 1524 ὑπὲρ
1535 1464 1651 1524 της
1678 1438 1998 1525 πατρῴας
2024 1438 2401 1524 βουλήσεως
2428 1439 2640 1528 τούτῳ

302 1542 584 1629 σπουδὴ,
629 1540 707 1607 τὸ
753 1542 986 1607 πλεῖον
1014 1544 1214 1624 μέρος
1261 1535 1578 1624 εύρίσκων
1614 1543 1748 1607 τῶν
1778 1536 2171 1606 δικαστῶν(
2138 1544 2641 1626 ομογνωμονοῦν

303 1643 631 1731 έγγράφην
678 1641 935 1709 ἐκεῖθεν
977 1639 1095 1727 τὴν
1129 1639 1244 1707 ἐπὶ
1285 1640 1499 1728 τούτῳ
1530 1640 1789 1728 γνώμην
1826 1642 2180 1727 κομίζεται,
2224 1637 2424 1725 ύγιῶς
2464 1640 2642 1728 πρὸς

302 1743 573 1831 νομικὴν
619 1737 953 1829 ἀκρίβειαν
1000 1742 1305 1825 ἔχουσαν,
1363 1745 1472 1810 καὶ
1530 1743 1702 1829 πρὸς
1743 1750 1940 1810 θείου
1991 1742 2204 1831 φόβου
2250 1742 2642 1831 συντήρησίν

300 1871 375 1914 τε
415 1848 523 1913 καὶ
567 1842 1049 1932 παραφυλακὴν
1096 1842 1391 1927 ἐμμελῶς
1433 1844 1547 1911 καὶ
1588 1846 1955 1913 τελευτῶν*
1999 1839 2102 1913 ἐπὶ
2151 1839 2349 1938 αύτὴν
2397 1844 2641 1933 ἐκείνην

302 1947 422 2034 τὴν
464 1947 808 2032 βασιλείαν
851 1941 1036 2032 ἡμῶν
1081 1941 1399 2032 ἀναφέρει
1447 1946 1533 2012 τὰ
1578 1946 1849 2028 ἕκαστα,
1907 1950 2016 2014 καὶ
2074 1947 2251 2034 ζητεῖ
2304 1945 2417 2014 καὶ
2455 1947 2644 2034 παρὰ

302 2046 542 2135 ταύτης
583 2053 866 2132 μαθεῖν,
927 2045 986 2112 εἰ
1028 2043 1209 2131 χώρα
1254 2048 1518 2114 δίδοται
1570 2059 1716 2127 τοῖς
1759 2047 2036 2135 ἐφήβοις
2077 2042 2278 2115 αὐτοῦ
2324 2043 2643 2136 ἀδελφοῖς

303 2149 471 2234 μετὰ
513 2148 894 2233 σωματικὸν
940 2144 1131 2232 ὅρκον
1185 2150 1298 2215 καὶ
1348 2148 1467 2235 τὴν
1526 2148 1782 2216 ἐκεῖθεν
1827 2144 2198 2237 ἀσφάλειαν
2257 2145 2336 2216 δι’
2386 2147 2643 2217 ἀποκα-

303 2249 687 2329 ταστάσεως
731 2240 936 2328 αὖθις
980 2243 1421 2317 ἀναπαλαίων
1465 2249 1542 2315 τὸ
1589 2251 1853 2337 γεγονὸς
1894 2253 2001 2318 καὶ
2046 2250 2212 2317 κατὰ
2253 2255 2370 2339 τῆς
2413 2247 2642 2331 οὐσίας

303 2351 509 2419 πάλιν
548 2361 788 2436 χωρεῖν
830 2354 949 2418 τοῦ
994 2350 1250 2435 πατρὸς
1294 2352 1712 2437 αἱρουμένοις
1753 2356 1949 2419 τοῦτο
1990 2363 2232 2421 ποιεῖν.
2322 2349 2643 2439 ὑπέκρουε

301 2453 425 2541 γάρ
468 2479 572 2533 τις
617 2449 816 2520 αὐτὸν
862 2449 978 2519 οὐκ
1022 2449 1331 2540 ἀγένητος
1380 2453 1723 2539 λογισμὸς,
1781 2453 1870 2543 μὴ
1926 2453 2005 2521 τὸ
2058 2457 2174 2542 τῆς
2227 2456 2470 2542 βουλῆς
2508 2457 2640 2522 τῶν

304 2553 614 2643 ἀδελφῶν
657 2550 900 2635 ἀτελὲς,
947 2556 1289 2635 δικασταῖς
1334 2556 1498 2635 ἰ’σως
1541 2555 1891 2641 περιτυχὸν
1920 2556 2093 2643 πρὸς
2135 2557 2354 2641 νόμων
2386 2558 2640 2641 ἔχουσιν

306 2652 424 2725 οὐκ
468 2652 729 2743 εὐφυῶς
773 2656 1253 2744 παραφυλακὴν
1295 2651 1338 2743 ἢ
1365 2660 1473 2724 καὶ
1520 2651 1963 2738 ἀνεξετάστως
2003 2658 2356 2726 θάλπουσι
2383 2658 2500 2746 τὴν
2526 2661 2644 2746 τῆς

304 2756 561 2846 ἡλικίας
606 2752 933 2838 ἀτέλειαν,
981 2757 1338 2843 πράγματα
1384 2760 1531 2845 δοίη
1575 2762 1809 2826 τοῦτοΒ
1854 2759 1949 2838 εἰς
1992 2756 2265 2846 ῦστερον
2307 2764 2416 2828 καὶ
2459 2762 2644 2840 δίκας

303 2860 645 2947 λαγχάνειν
700 2870 845 2939 τοῖς
899 2854 1219 2947 ἀδελφοῖς
1274 2864 1426 2943 περὶ
1482 2856 1861 2948 ἀνατροπῆς
1905 2861 2250 2946 ἐνωμότων
2295 2866 2641 2951 συνθηκῶν

304 2962 737 3044 στασιάζουσι
789 2960 900 3028 καὶ
943 2961 1059 3047 τὴν
1103 2960 1299 3048 κακὴν
1343 2961 1585 3049 ταύτην
1629 2970 1808 3050 νίκην
1852 2966 2113 3051 κινῆσαι
2171 2964 2638 3051 φιλονεικοῦσι.

301 3067 412 3132 καὶ
457 3060 495 3131 ὅ
537 3066 658 3150 μὲν
703 3063 915 3150 ἐρωτᾷ
959 3061 1072 3129 διὰ
1114 3066 1324 3129 ταῦτα
1377 3065 1486 3131 καὶ
1531 3065 1647 3152 τὴν
1704 3059 1845 3131 ἀπὸ
1886 3068 2002 3151 τῆς
2055 3067 2399 3150 βασιλείας
2456 3063 2640 3154 ἡμῶν
2726 3069 2733 3073 ’

309 3168 488 3255 ζητεῖ
526 3167 1042 3252 προσλαβέσθαι
1082 3164 1340 3251 γνώμην
1386 3165 1505 3232 ε’πὶ
1544 3169 1638 3252 τῷ
1682 3167 2039 3252 πράγματι.

483 3267 564 3335 α’.
633 3263 810 3333 Ἡδέ
850 3290 924 3351 γε
946 3269 1062 3331 τοῦ
1089 3264 1367 3350 κράτους
1409 3262 1594 3350 ἡμῶν
1637 3273 2024 3352 θεοσέβεια,
2069 3272 2187 3356 τῆς
2228 3262 2427 3351 αὐτῆς
2471 3263 2645 3335 εἶναι

306 3376 536 3447 κακίας
579 3366 1103 3452 διαγινώσκουσα
1147 3361 1528 3452 αὐτουργεῖν
1570 3394 1639 3434 τι
1680 3376 1992 3454 γίνεσθαι
2039 3374 2156 3436 τοῦ
2195 3373 2488 3454 χείρονος
2529 3368 2645 3436 καὶ

306 3468 396 3555 μὴ
444 3464 864 3535 ἀναστέλλειν
906 3469 1102 3532 τοῦτο
1148 3467 1536 3550 δυνάμενον,
1601 3474 1832 3558 νομικῇ
1876 3497 1949 3539 τε
1990 3467 2403 3557 ἠκολούθησε
2458 3464 2643 3557 ἀκρι-

305 3575 457 3656 βείᾳ
500 3570 607 3634 καὶ
637 3574 871 3646 θείους
901 3566 1236 3655 ἐσεβάσθη
1267 3569 1615 3653 θεσμοὺςῡ,
1660 3571 1774 3639 καὶ
1813 3572 1981 3640 κατὰ
2024 3574 2401 3657 σωματικοῦ
2446 3567 2640 3657 ὅρκου

309 3669 400 3759 μὴ
444 3671 767 3737 δίδοσθαί
808 3693 977 3740 ποτε
1019 3668 1207 3756 παρὰ
1249 3670 1576 3739 δικαστῶν
1618 3684 1762 3753 τοῖς
1805 3680 2148 3760 νεωτέροις
2178 3669 2643 3741 ἀποκατάστα-

309 3797 437 3855 σιν,
488 3769 669 3859 μάλα
712 3775 966 3858 τρανῶς
1007 3775 1115 3839 καὶ
1158 3773 1649 3861 μεγαλοφώνως
1692 3774 1804 3842 διὰ
1853 3779 1968 3862 τῆς
2022 3775 2366 3901 παρούσης
2403 3796 2642 3863 χρυσο-

302 3873 587 3961 βούλλου
630 3877 886 3962 γραφῆς
929 3880 1287 3958 νομοθετεῖ
1314 3900 1388 3942 τε
1422 3879 1535 3942 καὶ
1564 3876 2001 3957 διατάττεται,
2045 3879 2155 3944 καὶ
2184 3876 2301 3964 τὴν
2330 3876 2641 3963 τοιαύτην

304 3976 671 4062 πρόσταξιν
725 3980 986 4062 κρατεῖν
1043 3975 1137 4055 εἷς
1190 3976 1268 4043 τὸ
1321 3977 1564 4061 μέλλον
1606 3977 1793 4064 παρὰ
1837 3980 2234 4066 δικαστηρίῳ
2290 3980 2493 4046 παντὶ
2539 3977 2642 4045 ὲν-

641 4132 722 4139 -----,.-Δ

973 4132 1012 4142 .-

439 4209 471 4242 *
505 4213 646 4261 Forte
682 4210 1002 4263 τελευταῖον.
1164 4214 1185 4242 ⁸
1217 4217 1588 4268 Emendavernm
1624 4218 1735 4269 olim
1775 4215 1970 4283 τούτῳ.
2044 4219 2151 4270 Non
2187 4233 2326 4282 opus.
2464 4216 2487 4244 ⁹
2522 4217 2640 4266 Cod.

307 4294 458 4348 θεῖος
490 4288 744 4358 {ceptio-⁹.
787 4290 1011 4363 θεσμός.
