2900 4950
337 220 464 285 33ss
1246 230 1365 283 con.
1404 232 1476 285 nv.
1546 230 1659 280 Nov.
1698 228 1805 283 ιιι.

338 386 515 452 πᾶσι
556 391 701 461 τοῖς
741 375 895 465 μεθ’
942 376 1114 466 ἡμᾶς
1159 377 1614 460 ἐλευσομένοις
1653 375 2041 462 βασιλεῦσιν
2085 367 2384 459 εὐσεβέσι
2424 374 2532 441 καὶ
2567 372 2696 462 τὴν

337 487 454 552 τοῦ
507 483 1012 569 χριστιανισμοῦ
1068 479 1295 566 κλῆσιν
1354 477 1889 565 ἐπαληθεύουσιν
1934 470 2449 560 αὐτοκράτορσιν
2493 467 2698 542 ἀδελ-

339 586 553 672 φικῶς
596 584 882 669 καθεξῆς
927 579 1450 668 ἐπισκήπτομεν,
1507 578 1598 667 μὴ
1646 576 1935 661 ζηλωτὰς
1976 581 2294 663 γενέσθαι
2334 576 2453 642 τοῦ
2498 569 2698 661 ἆγεν-

336 688 492 764 νοῦς
555 685 752 751 τοῦδε
814 685 922 749 καὶ
988 680 1563 765 παρανομωτάτου
1628 677 2015 764 πράγματος
2075 680 2187 745 καὶ
2240 675 2691 764 τολμήματος,

337 787 503 873 μηδὲ
562 783 680 852 ἐπὶ
733 784 887 863 τοὺς
940 793 1084 861 τοῖς
1139 783 1273 867 πρὸ
1333 778 1550 849 αὐτῶν
1604 780 2283 868 καθυπηρετήσαντας
2323 771 2367 866 ἢ
2406 780 2515 845 καὶ
2562 773 2685 867 ἀφ’

340 888 624 971 αἵματος
663 886 830 964 >ι’σως
873 879 1317 970 ᾦκειωμένους
1359 878 1874 967 ἆναξιοπρεπῶς
1914 880 2033 968 τήν
2069 875 2263 967 ὀργὴν
2297 879 2689 968 ἐπαφεῖναι,

340 987 454 1056 καὶ
496 985 581 1053 τὰ
627 987 1029 1074 διαφέροντα
1072 983 1333 1064 τούτοις
1376 986 1601 1052 πάντα
1643 984 1846 1070 μηδὲν
1893 983 2042 1051 δέον
2073 984 2529 1069 δημοσιεῦσαι,
2576 985 2696 1051 καὶ

346 1088 442 1167 εἷς
500 1082 785 1173 ἀνάγκην
843 1080 1082 1163 αὐτοὺς
1138 1089 1488 1173 συμφορᾶς
1551 1088 1954 1170 περιστῆσαι
2008 1077 2050 1168 ἢ
2104 1083 2184 1151 τὸ
2242 1086 2359 1150 τοῦ
2405 1084 2697 1168 αἵματος

342 1190 702 1275 προσγενὲς
757 1181 799 1275 ἢ
859 1185 931 1252 τὸ
986 1189 1101 1273 τῆς
1155 1184 1414 1273 γνώμης
1466 1187 1898 1265 κακοθελὲςᾞ
1947 1179 2029 1251 δι’
2082 1182 2118 1251 ὃ
2159 1179 2485 1264 κάκείνοις
2526 1184 2695 1272 πρὶν

342 1285 799 1378 ᾧκειώθησαν.
887 1290 994 1355 καὶ
1039 1286 1161 1373 γὰρ
1207 1287 1451 1354 εἰδέναι
1495 1287 1666 1373 πρὸς
1711 1282 1990 1374 ἀνάγκης
2019 1289 2128 1355 καὶ
2160 1309 2346 1353 ουτοι
2377 1280 2694 1374 ὀφείλου-

345 1414 471 1470 σιν,
518 1384 610 1468 ὥς
652 1416 771 1457 καν
813 1389 892 1455 τὸ
937 1394 1181 1475 στέφος
1224 1389 1698 1474 περιεβάλοντο
1745 1386 2029 1468 ἄνωθεν,
2077 1382 2246 1455 ἄλλά
2287 1411 2362 1472 γε
2392 1382 2428 1454 ὅ
2454 1386 2697 1508 χρόνος

344 1490 574 1569 αὐτοῖς
630 1485 1003 1593 ᾆριθμητὸς
1057 1493 1173 1611 τῆς
1219 1490 1383 1575 ζωῆς
1425 1493 1535 1557 καὶ
1580 1487 1645 1567 (ὅ
1689 1513 1894 1577 φησιν
1939 1515 1976 1557 ο
2020 1485 2371 1577 προφήτης
2411 1489 2524 1557 καὶ
2565 1497 2697 1574 βα·

345 1591 589 1671 σιλεὺς)
634 1584 1011 1678 παλαιστὰς
1057 1586 1282 1669 αὐτοῖς
1324 1592 1442 1671 τὰς
1486 1589 1731 1678 ἡμέρας
1775 1592 1973 1659 ἔθετο
2017 1616 2054 1657 ο
2098 1591 2292 1671 θεὸς,
2353 1593 2460 1658 καὶ
2500 1597 2700 1676 χρεία

345 1693 607 1772 τούτοις
650 1718 762 1759 και
808 1693 1021 1778 φίλων
1065 1692 1176 1759 καὶ
1220 1697 1542 1779 συγγενῶν
1586 1692 1697 1760 καὶ
1738 1688 2049 1780 ὖπηκόων
2080 1688 2195 1759 οὐκ
2225 1716 2508 1778 αγεννων
2524 1696 2567 1728 ¹²
2596 1692 2699 1815 εἰς

345 1796 461 1883 τὴν
506 1799 621 1881 τῆς
661 1796 1004 1880 βασιλείας
1048 1788 1421 1881 ἀντίληψιν,
1471 1794 1528 1861 εἰ
1569 1795 1870 1878 μέλλοιεν
1915 1790 2114 1880 ύγιῶς
2145 1794 2577 1881 οἰκονομῆσαι
2604 1793 2696 1863 τὰ

352 1896 743 1982 πράγματα·
787 1902 1004 1981 μέτρῳ
1050 1897 1124 1961 δὲ
1164 1894 1252 1982 μὴ
1289 1898 1467 1981 καλῶ
1496 1899 1850 1982 μετροῦσιν
1876 1890 2517 1983 ἀντιμετρηθήσεται
2549 1895 2700 1964 ἶσο-

346 2000 688 2077 τάλαντον,
735 2000 842 2065 καὶ
887 1995 971 2064 τὰ
1014 1990 1273 2076 ἀδικίας
1319 1994 1476 2082 ζυγὰ
1520 1994 1635 2065 οὐκ
1667 1997 1935 2077 ἐνδίκως
1965 1992 2110 2063 οὐδ’
2148 1992 2250 2064 ἐπ’
2284 1992 2524 2077 αὐτοὺς
2550 1997 2700 2067 ἑτε-

349 2099 795 2187 ροζυγήσαντα
836 2101 929 2185 τῷ
975 2093 1179 2186 ἀδίκῳ
1223 2099 1300 2165 τὸ
1348 2101 1599 2167 δίκαιον
1642 2099 2140 2187 καταστήσεται,
2186 2105 2563 2186 καθαπερεί
2589 2126 2698 2167 τι·

349 2226 461 2280 νος
520 2201 823 2288 φθόγγου
881 2194 1282 2286 εὐαρμοστία
1338 2200 1411 2280 ἐξ
1464 2196 1854 2289 ἀντιφώνων
1913 2206 2349 2287 συνισταμένη
2411 2202 2694 2287 χορδῶν.

353 2297 522 2370 ἀλλὰ
573 2302 695 2388 γὰρ
753 2300 832 2367 τὸ
888 2305 1004 2389 τῆς
1053 2303 1444 2382 πλεονεξίας
1502 2304 1666 2381 ἴσως
1722 2304 1988 2382 διακαὲς
2004 2306 2043 2339 ¹³
2087 2297 2129 2390 ἢ
2171 2301 2250 2368 τὸ
2292 2305 2412 2390 τῆς
2450 2309 2700 2387 μανίας

351 2405 748 2493 περιφλεγὲς
804 2401 1017 2482 ἐνίους
1072 2404 1237 2483 ἴσως
1288 2407 1420 2471 τῶν
1475 2398 1628 2488 μεθ’
1687 2400 1859 2493 ἡμᾶς
1914 2399 2411 2492 αὐτοκρατόρων
2468 2403 2700 2474 ἐκκαύ-

350 2530 559 2575 σαντα
612 2504 834 2572 κατὰ“
889 2509 1021 2571 τῶν
1074 2501 1232 2593 ἡμῖν
1289 2506 1695 2590 δεδογμένων
1741 2506 2036 2574 ἐνταῦθα
2078 2511 2487 2593 παροινῆσαι
2529 2529 2701 2591 συμ-

349 2616 692 2677 πείσουσι·
757 2608 1100 2692 χρημάτων
1143 2606 1264 2693 γὰρ
1311 2602 1675 2692 ἀλλοτρίων
1720 2608 1886 2692 ἔρως
1938 2612 2051 2676 καὶ
2093 2607 2313 2693 θυμὸς
2353 2607 2690 2693 βακχεύων

351 2705 707 2787 ἀλλόκοτος
762 2711 878 2795 τῆς
937 2712 1151 2796 ψυχῆς
1204 2709 1797 2795 προκαταλαβόντα
1838 2709 1916 2777 τὸ
1962 2710 2379 2796 λογιζόμενον
2423 2705 2697 2798 ὁμίχλην
2767 2715 2773 2721 ’

351 2811 680 2879 ἐνσείουσι
732 2813 825 2896 τῷ
885 2813 1018 2889 νοΐ,
1080 2811 1191 2878 καὶ
1245 2811 1416 2896 πρὸς
1470 2808 1546 2876 τὸ
1606 2815 1752 2899 φῶς
1807 2813 2173 2898 διαβλέψαι
2213 2815 2330 2898 τῆς
2373 2806 2699 2898 ἀληθείας

351 2913 696 2979 κωλύουσι.
784 2919 1025 2995 μανίας
1086 2914 1158 2980 δὲ
1202 2912 1310 2979 καὶ
1357 2914 1798 2993 πλεονεξίας15
1839 2917 2195 3000 μαργῶσαν
2240 2917 2482 2999 στῆσαι
2523 2939 2698 2998 πυρ·

350 3014 543 3084 καῑὰν
585 3016 694 3081 καὶ
740 3007 1223 3102 ἆποτεφρῶσαι
1260 3014 1478 3101 φλόγα
1528 3015 2030 3103 παφλάζουσαν,
2078 3010 2199 3083 οὐκ
2227 3010 2480 3100 εὐχερὲς
2523 3009 2697 3084 ἀλλὰ

352 3116 683 3201 δύσεργον.
745 3109 970 3200 ἀμέλει
1014 3116 1126 3183 καὶ
1167 3116 1283 3184 τὸν
1327 3114 1695 3201 ἁγιώτατον
1738 3119 1845 3184 καὶ
1892 3117 2339 3202 οἱκουμενικὸν
2366 3116 2698 3203 πατριάρ-

348 3243 468 3305 χην
525 3217 784 3300 σύναμα
835 3221 915 3305 τῇ
963 3218 1280 3307 ἶερωτάτῃ
1327 3219 1437 3287 καὶ
1479 3225 1643 3306 θείᾳ
1684 3222 1817 3285 τῶν
1864 3214 2214 3306 ἀρχιερέων
2258 3219 2513 3305 συνόδῳ
2556 3242 2699 3287 κοι-

352 3317 561 3388 νωνὸν
607 3321 1112 3407 προσλαβομένη
1158 3325 1279 3388 τοῦ
1326 3326 1697 3404 σκέμματος
1738 3315 1777 3405 ἦ
1827 3316 2095 3407 εὐσεβὴς
2137 3317 2322 3408 ἡμῶν
2361 3321 2693 3405 βασιλεία,

353 3420 465 3487 καὶ
517 3420 634 3506 τὴν
689 3417 905 3487 αὐτῶν
959 3430 1148 3504 χεῖρα
1202 3425 1295 3507 τῶ
1352 3427 1774 3507 γραμματείῳ
1819 3422 1990 3506 τῷδε
2032 3421 2539 3509 προσχρήσασα,
2599 3423 2700 3507 τῷ

350 3523 473 3605 μὲν
516 3524 660 3606 θεῷ
705 3520 820 3587 διὰ
860 3519 1111 3587 τούτων
1157 3517 1273 3600 (ὥς
1313 3525 1553 3588 κοινῶν
1595 3525 1728 3588 τῶν
1774 3527 2005 3608 ψυχῶν
2034 3531 2372 3609 ποιμένων
2400 3522 2512 3592 καὶ
2539 3519 2698 3609 ἡμῖν

354 3621 471 3687 τὸν
517 3619 847 3707 δεσπότην
890 3631 1040 3701 ταῖς
1082 3619 1251 3707 ὑπὲρ
1295 3619 1481 3709 ἡμῶν
1526 3623 1860 3708 λατρείαις
1905 3627 2374 3712 ἱλασκομένων)
2403 3621 2494 3707 ῶς
2524 3625 2700 3711 ἱερὸν

356 3719 556 3809 ἁγνὸν.
595 3720 709 3790 καὶ
750 3718 1114 3806 ἆμόλυντον
1160 3720 1591 3811 ἆγιοπρεπῶς
1634 3721 2079 3814 ἆναφέρομεν·
2146 3738 2293 3806 τοῖς
2336 3729 2411 3795 δὲ
2451 3722 2702 3814 ἀθετῆ-

357 3849 474 3894 σαι
528 3823 613 3894 τὰ
667 3825 1023 3911 δεδογμένα
1077 3827 1234 3914 τῇδε
1275 3827 1682 3917 τολμήσουσι
1725 3829 1836 3896 καὶ
1881 3829 1977 3909 εἷς
2020 3829 2405 3898 ἐναντίωσιν
2446 3828 2698 3896 τούτων

356 3929 682 4009 καθάπαξ
712 3928 957 4007 ἐλθεῖν,
998 3923 1071 3994 ού
1102 3929 1406 4015 γλῶσσαν
1435 3934 1678 4018 χρυσῆν
1707 3930 1876 3998 κατὰ
1903 3931 2019 3999 τὸν
2049 3930 2314 4016 ἄχαν““
2359 3929 2701 4018 ἱεροσυλή-

879 4052 1072 4061 -.-..

470 4058 552 4067 -ι,-

494 4099 527 4127 ¹¹
566 4103 770 4152 Omnino
807 4102 1058 4164 legendnm
1093 4098 1393 4157 καλοθελὲς.
1587 4101 1627 4129 ¹²
1660 4104 1740 4153 Sic
1777 4106 1935 4154 Wiue.
2007 4103 2060 4154 ln
2098 4104 2293 4153 schedis
2330 4106 2450 4155 meis
2487 4119 2542 4154 ex
2583 4103 2703 4153 eod.

362 4184 507 4233 Paris.
552 4184 672 4236 1351
713 4186 910 4247 legitur:
952 4178 1207 4250 ἀγεννῶς.
1375 4184 1410 4215 ¹⁸
1446 4189 1587 4237 Witte
1624 4181 1852 4241 δισκαὲς.
2009 4186 2047 4214 ¹⁴
2086 4189 2250 4239 Idem:
2289 4183 2398 4237 καί.
2548 4184 2589 4214 ¹⁶
2622 4187 2703 4238 Sic

360 4269 521 4362 Syme.
593 4269 643 4318 In
679 4269 871 4321 schedis
906 4271 1028 4321 meis
1064 4271 1294 4334 scriptum
1331 4272 1546 4323 invenio:
1583 4268 1794 4337 μανίαν
1827 4268 1890 4324 δὲ
1920 4268 2014 4323 καὶ
2036 4268 2364 4330 πλεονεξίαν.
2507 4268 2546 4298 ¹⁶
2582 4271 2702 4322 Cod.

362 4367 526 4420 “1⁸1²-
