2900 4950
1225 257 1339 320 Imp.
1380 256 1565 306 Leonis.
2428 244 2549 303 207

219 399 649 491 ἆπερῥίφθαι
688 407 796 471 καὶ
843 402 1185 489 ἄχρηστον,
1234 403 1416 489 δίκην
1462 397 1602 469 ἇπό
1645 426 1716 487 γε
1757 405 1877 468 τοῦ
1920 407 2030 469 νῦν
2073 405 2207 470 τῶν
2234 404 2551 470 τοιούτων

222 501 552 590 ἇρχόντων
584 501 734 573 ἀντὶ
760 509 875 591 τῆς
910 506 1230 589 δημοσίου
1261 505 1512 590 κλοπῆς
1542 497 2047 587 ἀπαιτουμένων
2078 502 2194 590 τὴν
2228 505 2551 573 ἔκπτωσιν

216 611 334 693 τῆς
377 602 577 695 ἀρχῆς
620 610 727 674 καὶ
772 604 888 692 τὴν
935 605 1028 683 εἷς
1070 604 1148 670 τὸ
1194 605 1552 670 διπλάσιον
1613 599 1977 671 ἇντέκτισιν
2035 594 2124 669 ὦν
2181 601 2549 692 ὑφείλοντο,

217 712 325 775 καὶ
375 713 505 777 τῶν
551 707 667 774 ἐπὶ
709 706 957 792 τούτῳῧ
1001 705 1555 793 κοινωνησάντων,
1605 699 1903 791 εὐπόρων
1934 707 2054 788 μὲν
2099 702 2338 785 ὄντων,
2385 708 2555 792 πρὸς

215 810 333 897 τὴν
378 806 577 898 αὐτὴν
617 806 1051 894 ὑπαγομένων
1085 807 1335 894 ζημίαν,
1384 801 1657 893 ἀπόρων
1690 808 1762 873 δὲ
1790 807 2096 890 μάστιξιν
2128 807 2553 890 αἰκιζομένων

215 914 324 980 καὶ
371 906 583 997 ἇτίμῳ
630 916 893 995 κουρείᾳ
936 911 1040 975 καὶ
1089 919 1330 995 φυγαῖς
1375 903 1774 993 ὗπερορίοις.

1081 1126 1244 1132 --.,-Ᾰ-,
1265 1125 1398 1130 ,----
1506 1123 1688 1130 ————————

1213 1314 1385 1377 Nov,
1432 1313 1570 1376 CVI.

347 1484 350 1489 ⁴
403 1434 478 1494 Ut
518 1451 808 1513 pauperes
853 1451 1065 1492 uxores
1111 1440 1168 1492 et
1212 1431 1510 1492 indotatae
1556 1431 1657 1492 filii
1702 1431 2032 1510 portionem
2080 1432 2362 1511 capiant¹.

1045 1603 1226 1671 AIA
1235 1600 1549 1676 ΤΑΞΙΣ
1594 1594 1721 1694 (ις’.

221 1733 416 1828 Περὶ
466 1741 603 1807 τοῦ
655 1731 788 1815 τὰς
840 1731 1165 1827 ἀπόρους
1215 1739 1577 1833 γυναῖκας
1620 1731 1744 1806 καὶ
1786 1738 2052 1827 προῖκα
2096 1732 2197 1828 μὴ
2242 1739 2554 1837 εἰσενεγ-

219 1848 520 1937 κούσας,
572 1851 697 1923 καὶ
747 1849 910 1948 περὶ
962 1860 1098 1925 τοῦ
1153 1848 1569 1948 λαμβάνειν
1618 1849 1883 1932 παιδὸς
1924 1858 2202 1945 μοῖραν
2246 1852 2478 1934 αὐτοῖς
2500 1859 2551 1925 ².

388 2003 680 2086 Πρᾶγμα
735 2000 1114 2087 παράλογόν
1170 2027 1319 2080 πως
1374 2002 1606 2066 δοκοῦν
1660 2002 1768 2065 καὶ
1826 2002 1920 2085 τῷ
1980 2002 2212 2086 δικαίῳ
2267 2001 2357 2087 μὴ
2404 2024 2555 2067 συν-

221 2102 544 2186 επόμενον
598 2104 812 2179 καλῶς
870 2102 1036 2185 ἔχειν
1091 2099 1248 2185 ἡμῖν
1304 2107 1782 2186 καταφαίνεται
1839 2100 1933 2177 εἷς
1990 2100 2107 2187 τὴν
2163 2107 2551 2185 πρέπουσαν

218 2205 620 2289 καταστῆναι
662 2203 878 2283 τάξιν,
938 2202 1140 2286 νόμον
1185 2206 1339 2288 περὶ
1391 2201 1628 2268 τούτου
1674 2202 2114 2284 διαθεμένοις.
2204 2209 2271 2268 τί
2316 2202 2393 2288 δὴ
2440 2193 2553 2269 οὖν

217 2304 297 2370 τὸ
341 2308 614 2389 πρᾶγμα
660 2303 876 2387 ἒστίν,·
922 2299 1033 2371 οἶα
1080 2303 1250 2384 εἰκὸς
1293 2302 1617 2381 πολλάκις
1658 2313 1956 2389 γυναῖκες
2001 2304 2231 2391 ἔρημοι
2261 2303 2551 2370 πλούτου

217 2405 330 2473 καὶ
373 2406 658 2495 κτήσεως
715 2400 1029 2492 ἀνδράσιν
1075 2402 1465 2484 εύπλούτοις
1526 2401 1939 2489 ἁρμόζονται.
2033 2395 2228 2471 αὗται
2275 2409 2391 2471 τοῦ
2435 2431 2552 2492 γα-

216 2515 419 2593 μέτου
465 2507 778 2586 λιπόντος
820 2507 934 2578 τὸν
977 2515 1125 2593 βίον
1155 2508 1230 2573 τὸ
1265 2507 1331 2574 ἐκ
1363 2511 1479 2593 τῆς
1511 2507 1755 2573 ἐκείνου
1788 2516 2177 2593 περιουσίας
2207 2507 2551 2593 ἐρχόμενον
2598 2563 2611 2588 ,

215 2616 417 2695 μέρος
461 2611 739 2693 (ἔρχεται
771 2610 841 2675 δὲ
874 2609 985 2675 ἐπὶ
1015 2611 1134 2692 μὲν
1164 2615 1432 2692 τέτρασι
1462 2612 1699 2674 παισὶν
1732 2604 2077 2694 ὁμώνυμος
2105 2613 2222 2675 τοῦ
2255 2604 2551 2695 ἀριθμοῦ

216 2710 454 2777 τούτου
497 2710 703 2795 μερὶς,
753 2710 863 2775 ἐπὶ
913 2712 982 2776 δὲ
1029 2711 1298 2775 πλείοσι
1339 2711 1545 2792 μόνον
1587 2715 1812 2776 τέκνου
1849 2710 2014 2789 ἑνός)
2062 2706 2178 2778 οὐκ
2209 2711 2301 2788 εἷς
2333 2707 2551 2779 ἀΐδιον

219 2813 541 2891 ἐξουσίαν,
590 2805 735 2892 opi-6³
787 2808 956 2875 ὥστε
1001 2813 1152 2895 περὶ
1200 2805 1401 2875 αὐτοῦ
1446 2815 1638 2895 κῦρος
1684 2811 1849 2892 ἔχειν
1896 2811 2193 2891 διάταξιν
2222 2820 2552 2880 τίθεσθαι

215 2917 413 2979 τοῦτο
462 2911 903 2995 λαμβάνουσι,
961 2910 1196 2996 μόνης3
1257 2912 1328 2976 δὲ
1370 2914 1488 2996 τῆς
1534 2910 1600 2976 ἐν
1643 2915 1735 2996 τῷ
1780 2918 1906 2997 βίῳ
1948 2911 2237 2996 χρήσεως
2279 2918 2384 2981 καὶ
2431 2917 2549 2980 τοῦ

220 3015 479 3080 ἐκεῖθεν
536 3016 651 3098 τῆς
707 3010 871 3096 ζωῆς
925 3009 1040 3096 τὴν
1096 3017 1402 3094 χορηγίαν
1445 3012 1883 3093 πορίζεσθαι·
1941 3015 2431 3100 καταλιπούσης
2478 3017 2551 3082 δὲ

216 3113 337 3200 τὴν
385 3112 550 3199 ζωὴν
597 3111 688 3189 εἷς
732 3109 885 3189 τοὺς
928 3111 1178 3187 παῖδας
1234 3108 1272 3198 ἡ
1330 3110 1596 3189 ἐξουσία
1651 3115 1767 3175 τοῦ
1812 3113 2114 3177 τοιούτου
2157 3120 2394 3198 μέρους
2435 3142 2551 3198 με-

220 3220 546 3280 θίσταται
567 3234 579 3247 ·
624 3211 712 3298 μὴ
762 3211 1291 3298 συγχωρουμένης
1323 3206 1549 3289 ἁδείας
1570 3214 1648 3298 τῇ
1678 3216 1928 3296 γυναικὶ
1963 3209 2053 3291 ὥς
2087 3213 2354 3292 οἰκείοις
2383 3209 2556 3280 ἇπο-

217 3314 601 3400 χρήσασθαι
644 3311 1009 3398 πράγμασι,
1064 3311 1237 3400 πλὴν
1283 3312 1343 3378 εἷ
1382 3310 1472 3399 μὴ
1521 3309 1783 3379 ἇτεκνία
1826 3317 2074 3400 προσῇ,
2132 3318 2238 3381 καὶ
2287 3315 2399 3382 διὰ
2439 3318 2555 3402 τῆς

221 3413 533 3502 τοιαύτης
577 3416 926 3496 δυστυχίας
971 3408 1282 3502 εὐτυχήσῃ
1328 3413 1444 3499 τὴν
1489 3419 1621 3479 τῶν
1667 3414 2069 3499 πραγμάτων
2127 3417 2554 3483 δεσποτείαν·

224 3511 395 3583 ὥστε
438 3512 553 3581 οὐκ
600 3510 752 3582 οἶδα
795 3515 1078 3600 πότερον
1125 3514 1378 3595 εὔξεται
1421 3510 1461 3603 ἢ
1505 3515 1660 3603 γυνὴ
1704 3515 1960 3602 καρπὸν
1985 3520 2239 3596 κοιλίας
2282 3518 2464 3598 ἰδεῖν,
2511 3511 2555 3604 ἢ

221 3616 662 3702 καταράσεται
701 3615 790 3704 μὴ
839 3621 1044 3704 φῦναι
1085 3622 1348 3695 τοῦτον,
1397 3612 1479 3683 ἵν’
1529 3613 1738 3695 οὕτως
1785 3614 1972 3705 ὀφθῇ
2016 3626 2206 3704 κυρία
2246 3623 2362 3706 τῆς
2406 3621 2553 3686 δια-

224 3718 548 3805 φερούσης
589 3718 874 3803 μερίδος.

357 3939 376 3967 ⁵
413 3943 610 4003 Scrimg.
649 3933 872 3987 τούτων.
947 3939 1146 3988 Emend.
1184 3940 1348 4001 Steph.

361 4024 371 4051 ¹
410 4026 507 4074 Ecl.
545 4026 654 4074 Nov.
695 4025 774 4074 53.
833 4024 1117 4073 cf.Psen.v.
1140 4022 1422 4073 865—867.
1464 4022 1622 4069 Herm.
1663 4022 1710 4082 V,
1748 4021 1795 4082 8,
1834 4021 1912 4070 82.
2053 4019 2072 4046 ²
2108 4023 2270 4072 Zuieb.
2293 4032 2339 4072 et
2359 4025 2548 4075 Meerm.

227 4107 437 4157 addunt:
479 4102 620 4167 ζήτει
656 4107 769 4156 τῶν
799 4103 976 4171 βασιλ.
1014 4109 1089 4170 βι.
1128 4100 1211 4165 κη’
1245 4101 1313 4154 τί.
1359 4098 1427 4167 ιβ’
1463 4117 1585 4170 κεφ.
1625 4096 1694 4167 γ’.
1729 4132 1777 4140 —
1809 4107 2060 4155 Caeterum
2097 4107 2145 4156 in
2166 4108 2337 4170 Ecloga
2363 4111 2550 4162 rubrica

228 4192 296 4239 sic
334 4193 493 4243 audit:
532 4187 656 4256 περὶ
691 4184 971 4256 ἀπροίκων
1003 4189 1277 4254 γυναικῶν
1312 4190 1409 4238 τοῦ
1442 4182 1741 4254 λαμβάνειν
1774 4185 1971 4243 παιδὸς
2002 4191 2222 4258 μοῖραν.
2380 4192 2398 4220 ³
2435 4196 2551 4245 Pen-

227 4275 341 4323 dent
377 4277 492 4326 baec
529 4292 555 4325 a
593 4277 990 4339 praecedentibus
1024 4274 1187 4340 κῦρος
1231 4268 1404 4340 ἔχειν,
1457 4289 1547 4323 nec
1595 4289 1716 4338 opus
1767 4282 1841 4325 est
1888 4284 1937 4325 ut
1986 4291 2092 4326 cum
2141 4278 2307 4342 steph.
2344 4288 2391 4328 et
2426 4280 2551 4343 Agyl.

225 4350 376 4407 ἕνεκα
413 4361 652 4425 suppleas·
2253 4367 2257 4372 ’
