2900 4950
694 202 820 264 644
1169 229 1174 234 ’
1555 209 1675 259 Con.
1711 209 1761 258 V.
1833 207 1944 259 Nor.
1982 207 2168 259 XXXW.

1632 410 1801 471 Nov,
1848 407 2095 471 XXXIV.

1369 530 1513 608 lmp.
1562 526 1972 589 Andronici
2021 525 2356 587 senioris

796 653 970 695 aurea
1017 632 1193 708 bulla,
1241 651 1354 712 qua
1399 630 1639 711 praedia
1685 629 1964 690 nonnulla
2011 627 2217 688 Irenae
2263 629 2512 704 Augusta

762 799 1013 901 Λόγος
1055 793 1616 897 χρυσόβουλλος
1664 795 1783 868 ἐπί
1832 805 1974 867 τινὶ
2030 792 2470 887 ὃεσποινικῷ

869 923 1281 1031 Σπουὸἀοζειν
1324 949 1443 1031 μὲν
1490 941 1957 1013 ἀποδεικνύναι
2010 943 2087 1009 τὸ
2144 946 2258 1008 νῦν
2312 938 2467 1029 ἡμῖν

702 1051 954 1117 σκοπὸν
997 1053 1103 1115 καὶ
1147 1049 1408 1135 γνώμην
1453 1044 1544 1127 (ὃς
1589 1044 1855 1131 εὔλογον
1900 1047 2006 1111 καὶ
2052 1039 2167 1126 οὔχ
2214 1039 2512 1127 ὑπερβαῖι

703 1147 847 1219 οὐδ’
900 1150 1022 1230 ἔξω
1065 1155 1197 1216 τῶν
1240 1162 1384 1227 τοῖς
1426 1151 1809 1235 βασιλεῦσιν
1842 1148 1912 1227 ἐξ
1941 1149 2143 1223 ἔθους
2184 1148 2290 1211 καὶ
2339 1145 2512 1229 dedo)

702 1260 1124 1340 πραγμένων,
1193 1250 1516 1336 περισσὸν
1560 1246 1749 1334 οἶμαι
1790 1255 1907 1316 καὶ
1963 1250 2304 1326 παντελῶς
2348 1244 2512 1322 dinan

703 1355 933 1439 σχεδὸν
988 1352 1241 1431 εἰδότος
1297 1354 1446 1436 περὶ
1496 1359 1692 1417 τίνων
1748 1353 1866 1433 μὲν
1923 1350 1993 1415 αἱ
2049 1350 2440 1413 κατασκευαὶ
2494 1375 2512 1411 2

701 1459 807 1523 καὶ
856 1453 890 1542 ἢ
938 1460 1088 1537 περὶ
1135 1454 1377 1531 ταύτας
1423 1449 1777 1536 περιουσία
1821 1454 1925 1516 καὶ
1973 1450 2247 1532 δύναμις
2290 1453 2422 1515 τῶν
2467 1450 2512 1511 λ.

703 1562 835 1623 τῶν
889 1557 1091 1641 μηδὲν
1152 1554 1434 1640 ἕκδήλων
1492 1555 1597 1618 καὶ
1646 1555 1915 1618 δικαίων
1959 1551 2390 1617 παντάπασιν
2436 1547 2512 1616 ἀν

705 1658 974 1723 δικαίων
1020 1653 1226 1721 ὄντων
1269 1650 1311 1741 ἢ
1352 1658 1463 1720 καὶ
1507 1653 1784 1737 ἰσχυρῶς
1828 1648 2370 1737 ἀντιλεγομένων,
2415 1654 2512 1717 καὶ

705 1760 810 1822 καὶ
854 1759 1146 1843 χωρῆσαι
1195 1756 1298 1823 δεῖ
1340 1754 1512 1840 πρὸς
1557 1752 1777 1839 ἀγῶνα
1819 1756 1924 1819 καὶ
1968 1757 2310 1838 βοηθῆσαι
2351 1764 2494 1831 τοῖς

706 1859 1147 1942 λεμουμένοις.
1239 1852 1412 1921 ὅπου
1460 1856 1532 1922 δὲ
1573 1854 1661 1942 μὴ
1705 1853 1909 1939 μόνον
1953 1858 2089 1933 πᾶς
2116 1880 2220 1933 τις
2256 1878 2512 1938 συνομο.

707 2047 935 2108 Rogerius
983 2046 1298 2107 MaurocenO,
1351 2054 1399 2094 et
1443 2045 1613 2095 reddat
1660 2044 1955 2107 septuaginta
2004 2058 2166 2092 novem
2217 2044 2364 2092 miliia
2408 2058 2512 2107 yper

707 2130 1068 2194 quatuordecim
1106 2130 1329 2192 millibus,
1367 2135 1641 2193 computato
1678 2129 1852 2177 damno
1891 2129 2017 2176 navis
2053 2143 2139 2191 per
2173 2136 2366 2178 nostros
2388 2137 2511 2192 capta

705 2223 920 2277 pontum.
992 2215 1224 2263 Restituet
1261 2214 1401 2262 nobis
1439 2214 1579 2262 etiam
1617 2221 1799 2274 septem
1835 2213 1980 2261 miliia
2029 2227 2369 2276 yperperorum
2410 2227 2495 2275 pro

706 2299 1191 2362 aliquarumnavium
1229 2299 1441 2346 euntium
1483 2296 1971 2360 Constantinopolim,
2009 2297 2200 2359 quando
2238 2297 2431 2348 Baiuius
2468 2297 2512 2344 d«

706 2397 793 2445 per
842 2397 930 2432 nos
980 2383 1227 2446 inquisitio
1275 2382 1484 2430 veritatis
1532 2382 1589 2428 de
1641 2381 1912 2443 hujusmodi
1962 2380 2104 2430 iacto.
2175 2382 2245 2430 De
2290 2380 2475 2429 damnis

707 2476 898 2516 nostros
936 2466 1076 2515 illatis
1114 2467 1196 2513 fiet
1231 2465 1351 2514 ratio
1390 2473 1437 2513 et
1472 2463 1750 2514 satisfactio.
1822 2463 1858 2512 E
1894 2474 2058 2513 contra
2110 2464 2169 2515 de
2219 2465 2405 2513 damnis
2455 2479 2512 2513 no

707 2554 786 2599 tiet
823 2553 881 2599 ab
919 2551 1210 2611 Imperatore
1245 2548 1465 2598 similiter
1500 2549 1636 2597 ratio.
1707 2548 1895 2596 Insulae
1934 2547 2099 2611 captae
2135 2564 2221 2612 per
2251 2564 2339 2598 nos
2364 2558 2511 2612 tempe

706 2648 795 2681 nos
832 2634 1135 2691 tenebuntur,
1172 2633 1383 2695 exceptis
1418 2632 1676 2696 aliquibus,
1713 2647 1833 2695 quas
1861 2634 2137 2696 imperaturi
2176 2634 2483 2682 dimittemus.

707 2716 1060 2764 observabimus
1097 2730 1183 2778 pet·
1218 2717 1534 2780 decennium,
1582 2725 1629 2765 et
1664 2725 1845 2767 tantum
1883 2718 2017 2779 pina,
2065 2725 2295 2779 quantum
2343 2719 2509 2781 piacue

704 2816 813 2848 vero
851 2807 956 2862 post
996 2799 1173 2849 dictum
1213 2808 1401 2864 tempus
1435 2801 1595 2865 aliqua
1634 2816 1743 2865 pars
1789 2801 1927 2851 veliet
1961 2801 2235 2850 renuntiare
2271 2802 2411 2851 dictis
2448 2811 2512 2850 tre

705 2886 869 2945 alteri,
906 2885 1066 2933 addito
1105 2900 1184 2934 sex
1223 2887 1457 2935 mensium
1495 2870 1726 2947 termino,
1775 2895 1825 2935 ut
1861 2887 2081 2952 quisquis
2120 2886 2344 2934 hincinde
2381 2887 2509 2950 possi

707 2970 891 3018 reverti.
964 2969 1095 3026 Quae
1133 2971 1289 3018 omnia
1328 2970 1600 3032 supradicta
1639 2972 1841 3020 debeant
1886 2972 2159 3034 juramento
2196 2971 2373 3019 firmari
2410 2987 2435 3019 a
2474 2987 2512 3031 p:

707 3063 780 3103 est
816 3055 862 3102 in
900 3052 983 3103 foi.
1020 3053 1138 3103 40.“
1207 3053 1295 3102 Et:
1346 3054 1822 3118 „Constantinopolis
1866 3055 2008 3104 1285.
2065 3056 2253 3103 Pactum
2303 3069 2411 3103 cnm
2463 3056 2511 3103 Ιιι

705 3137 1019 3201 tinopoiitano
1055 3138 1378 3200 subscriptum
1414 3153 1501 3202 per
1536 3139 1663 3189 dom.
1695 3142 1926 3188 loannem
1977 3137 2192 3187 Dandulo'
2243 3139 2420 3187 Ducem
2469 3153 2512 3200 pi

705 3222 920 3271 horanda
955 3230 1152 3282 treugua
1190 3222 1355 3270 decem
1392 3237 1643 3286 annorum,
1678 3240 1786 3273 cum
1824 3222 2126 3272 renovatione
2163 3225 2511 3271 conventionun

707 3305 883 3368 elapsis
919 3304 1132 3365 treuguis
1168 3312 1503 3356 contentorum
1542 3316 1586 3357 et
1624 3323 1731 3357 cum
1768 3308 2038 3356 addictione
2073 3307 2362 3370 atiquorum‚
2398 3313 2446 3354 ut
2482 3320 2506 3353 a

705 3389 793 3438 Et:
843 3389 1069 3451 „Pactum
1121 3390 1216 3439 sive
1253 3398 1450 3451 treugua
1499 3392 1737 3455 praedicta
1775 3392 1901 3440 dom.
1938 3391 2243 3454 Imperatoris
2280 3390 2511 3438 Constant

706 3474 906 3533 firmata,
943 3478 994 3520 ut
1023 3472 1154 3536 jacet
1189 3475 1235 3522 in
1273 3475 1353 3524 iul.
1392 3474 1542 3525 291.“
1614 3476 1697 3525 Et:
1738 3474 2213 3537 „Constantinopolis
2244 3474 2386 3523 1310.
2422 3475 2512 3522 Tre

705 3569 877 3606 norum
912 3570 1023 3605 cum
1059 3558 1348 3621 Imperatore
1385 3559 1913 3621 Constantinopolitano
1949 3561 2037 3608 sub
2076 3559 2256 3607 eisdem
2295 3560 2511 3607 conventi

710 3640 1084 3701 immutabilibus
1121 3643 1358 3692 contentis
1396 3642 1442 3691 in
1481 3643 1880 3706 praecedentibus
1918 3643 2143 3704 treuguiS.
2179 3642 2260 3692 fol.
2299 3642 2449 3692 343ss
2472 3670 2512 3679 -—

705 3725 895 3790 pediem
932 3726 1087 3776 lucem
1123 3727 1346 3777 videbunt
1379 3728 1425 3776 in
1446 3727 1611 3777 Taielii
1639 3735 1685 3777 et
1706 3728 1914 3777 Thomae
1937 3726 2192 3777 Urkunden
2219 3742 2259 3776 z.
2280 3727 2360 3777 iiit.
2383 3728 2512 3777 Hand

693 3812 956 3872 ‚venedigs.

839 3892 853 3918 ¹
901 3895 1065 3955 Hanc,
1114 3902 1163 3944 et,
1196 3909 1322 3958 quae
1356 3902 1626 3959 sequuntur
1660 3897 1874 3961 quinque
1908 3910 2082 3945 aureae
2118 3895 2305 3958 hutiae,
2343 3895 2493 3945 edidit

704 3992 889 4039 graeca,
935 3975 1022 4026 vol.
1061 3978 1101 4026 tt
1138 3994 1185 4042 p.
1209 3980 1270 4028 57
1326 3994 1380 4029 ex
1418 3979 1535 4030 Cod.
1574 3981 1720 4031 Paris,
1756 3996 1852 4042 reg.
1889 3995 1958 4043 gr.
1992 3979 2152 4039 2105,
2207 3980 2288 4043 qui
2336 3981 2512 4044 Niceph

706 4063 934 4111 continet.
1007 4061 1372 4125 Chrysohulium
1407 4063 1542 4126 iilud,
1577 4072 1629 4114 ut
1665 4072 1714 4114 et
1747 4079 1872 4128 quae
1908 4065 2135 4127 deinceps
2172 4064 2469 4123 exhibentur,
2509 4066 2512 4113 1

706 4138 818 4205 suit,'
855 4159 1002 4207 quum
1041 4145 1130 4194 sub
1168 4146 1439 4196 Andronico
1477 4148 1669 4199 seniore
1704 4162 1732 4198 a
1768 4149 1982 4198 canicleo
2019 4156 2165 4201 esset.
2236 4148 2305 4197 Cf.
2335 4148 2511 4198 Cantac

704 4229 933 4358 Videt‘irtnr
966 4235 1127 4278 autem
1162 4230 1282 4280 haec
1317 4231 1616 4296 chrysobulla
1654 4232 1790 4282 initio
1825 4233 2012 4295 imperii
2049 4232 2307 4287 Andronici
2339 4233 2512 4284 vindici

705 4312 790 4361 iim
863 4310 1064 4363 ικαίως.
