2900 4950
1131 252 1249 317 nup.
1285 251 1533 304 menaeus
1567 252 1743 329 θυεερ.
2171 232 2175 237 ’
2490 239 2619 303 329

257 397 512 498 wolon
560 403 1200 501 τριακονθήμεραι
1250 397 1320 502 γ’
1370 399 1499 476 καὶ
1549 402 1643 477 οὐ
1693 404 2065 476 πεισθῶσι
2111 403 2397 477 τελέσαι
2441 410 2622 480 τού-

415 546 591 600 τους
641 516 712 591 οἱ
763 513 1235 611 δικαζόμενοι
1285 517 1333 615 ἢ
1365 518 1621 614 ’τυχὸν
1672 521 1741 593 οἱ
1791 518 2462 618 μεμαρτυρηκότες.

433 665 620 754 Καλή
678 690 800 735 σου
853 663 894 754 ἡ
951 664 1324 757 ὖπόμνησις
1367 672 1481 737 καὶ
1524 666 1807 753 ἀτεχνῶς
1848 672 1965 759 τῆς
2010 674 2131 758 σῆς
2173 673 2622 758 πολυπειρίας

262 794 336 836 τε
377 769 484 835 καὶ
531 767 916 855 φρονήσεως
959 767 1219 850 ἑπαξία.
1309 769 1483 857 πρὸς
1535 767 1738 858 ἄλλην
1779 770 1904 857 γὰρ
1948 774 2055 839 καὶ
2103 771 2310 861 ἄλλην
2351 773 2618 860 μεριζο-

262 875 477 954 μένων
519 867 779 958 γνώμην
824 873 956 936 τῶν
1003 871 1328 938 δικαστῶν
1376 871 1549 952 εἰκὸς
1593 872 1705 940 ἐπὶ
1739 871 1913 939 πολὺ
1945 866 1988 962 ἢ
2014 876 2270 960 μᾶλλον
2303 874 2419 943 διὰ
2448 901 2623 942 παν-

263 972 379 1051 τὸς
419 970 539 1050 τὰς
579 977 965 1056 κινουμένας
1011 972 1194 1051 δίκας
1221 979 1687 1057 κυμαίνεσθαι,
1736 970 1847 1041 ὅτε
1880 970 2050 1060 ὅρκῳ
2081 972 2198 1062 τήν
2229 974 2419 1043 λύσιν
2451 970 2622 1043 ἀλλὰ

263 1071 354 1159 μη
400 1069 616 1151 ἄλλως
660 1073 989 1154 δέξασθαι
1032 1073 1182 1141 δέον
1227 1067 1446 1154 αὐτὰς,
1493 1078 1600 1141 καὶ
1649 1069 2030 1154 ἀθανάτους
2073 1081 2315 1160 μένειν,
2382 1080 2620 1163 μικροῦ

265 1178 375 1242 καὶ
421 1169 714 1254 ἀλύτους.
806 1174 865 1242 εἰ
905 1173 1028 1261 γὰρ
1072 1178 1180 1242 καὶ
1226 1172 1397 1261 πρὸς
1442 1170 1763 1264 ἀλλήλους
1806 1174 2204 1261 ἕτεροδόξως
2251 1178 2478 1262 ἔχουσι
2508 1180 2622 1245 καὶ

269 1269 553 1356 ἀλλοίως
594 1276 916 1361 ἑκατέρων
959 1276 1032 1351 ,αἱ
1072 1274 1365 1362 γνώσεις,
1412 1271 1581 1344 ἀλλά
1622 1302 1697 1363 γε
1731 1282 1839 1345 καὶ
1872 1277 2102 1364 νόμοις
2133 1282 2243 1345 καὶ
2276 1281 2623 1365 λογισμοῖς

272 1376 816 1466 συγκεκρότηνται
845 1377 1155 1464 ἰσχυροῖς,
1207 1373 1297 1458 ὥς
1329 1378 1547 1446 δοκεῖν
1579 1379 1855 1467 ἑκάστην
1887 1374 2423 1467 ἀκαταγωνιστὴν
2454 1374 2626 1451 εἶναι

271 1473 490 1546 αὐτῶν
530 1483 640 1547 καὶ
678 1479 766 1567 μὴ
811 1482 927 1566 τῆς
972 1478 1196 1565 ἑτέρας
1239 1473 1580 1566 ἡττᾶσθαι
1621 1482 1727 1547 καὶ
1774 1476 2190 1549 ὑποπίπτειν
2236 1478 2491 1568 μικρόν.

442 1579 525 1648 α’.
568 1574 791 1664 Ὅμως
824 1579 883 1648 εἰ
911 1578 1021 1647 καὶ
1053 1576 1263 1659 οὕτως
1293 1581 1570 1664 ἔχουσιν,
1601 1578 1691 1662 ὥς
1713 1583 2164 1668 προλέλεκται,
2190 1578 2359 1650 ἀλλὰ
2382 1587 2621 1668 προτί-

266 1688 475 1770 θησιν
528 1679 569 1771 ἦ
623 1682 933 1767 βασιλεία
987 1680 1103 1769 τὴν
1159 1681 1429 1771 πρώτην
1486 1678 1734 1765 αὐτῶν,
1795 1683 1905 1751 καὶ
1960 1683 2166 1772 ταύτῃ
2227 1686 2359 1751 τῶν
2405 1682 2623 1751 ἄλλων

267 1779 721 1870 προστίθεται
770 1784 1053 1868 μᾶλλον,
1124 1787 1234 1851 καὶ
1291 1783 1406 1871 τὴν
1464 1780 1620 1871 παρ’
1685 1785 1920 1874 ἑαυτῆς
1970 1786 2306 1871 χαρίζεται
2361 1785 2623 1873 γνώμην

270 1880 468 1973 αῧτῇ,
513 1886 620 1952 καὶ
663 1876 975 1969 βούλεται
1018 1887 1200 1972 δίκης
1243 1880 1414 1972 ὅρκῳ
1458 1885 1825 1973 μελλούσης
1869 1888 2187 1970 δέχεσθαι
2226 1885 2345 1973 τὴν
2389 1886 2619 1973 τομὴν,

269 1982 426 2073 παρ’
477 1976 556 2053 οὗ
600 1980 679 2054 ἂν
722 1988 833 2053 καὶ
877 1980 1142 2074 ὀφείλοι
1181 1986 1583 2074 τελεσθῆναι
1627 1976 1839 2068 οὗτος,
1887 1988 2023 2055 εἴτε
2052 1986 2238 2072 παρὰ
2268 1987 2620 2074 μαρτύρων

271 2083 687 2177 ἀδιαβλήτων
738 2087 1100 2172 μενόντων,
1159 2088 1294 2154 εἴτε
1346 2090 1454 2154 καὶ
1516 2081 1596 2154 δι’
1659 2084 2322 2175 ἀντιπαραστατικῶν
2383 2088 2621 2175 ἑτέρων

268 2192 648 2277 μαρτυριῶν
673 2183 1220 2277 ἀκαταγωνιστῶν
1251 2189 1707 2275 διαμενουσῶν
1733 2190 1857 2269 ἕως
1881 2191 2128 2271 τέλους,
2152 2190 2286 2257 εἴτε
2308 2192 2415 2257 καὶ
2439 2187 2627 2277 παρὰ

272 2296 398 2360 τοῦ
419 2285 837 2379 διώκοντοςῆ
856 2295 976 2359 τοῦ
1009 2289 1383 2378 φεύγοντος,
1429 2289 1519 2379 μὴ
1552 2291 1649 2370 εἷς
1674 2291 1925 2378 μακρὸν
1954 2296 2486 2377 παρατείνεσθαι
2507 2289 2624 2378 τὴν

269 2397 388 2483 τῆς
417 2391 599 2483 δίκης
642 2392 867 2482 τομὴν,
913 2387 1071 2481 μήδ’
1108 2389 1258 2481 ἄχρι
1300 2399 1589 2481 τριετίας
1632 2387 1674 2481 ἢ
1715 2398 2248 2481 τριακονταετίας
2280 2391 2396 2459 τὸν
2430 2389 2624 2480 ὅρκον

273 2490 729 2584 ἀναρτᾶσθαι,
778 2492 869 2574 ὥς
910 2495 1077 2563 ἔνιοι
1120 2497 1383 2582 λέγουσι
1425 2498 1559 2564 τῶν
1603 2500 1870 2584 κριτῶν,
1933 2492 2102 2564 ἀλλὰ
2145 2496 2625 2581 διαμαρτυρίας

273 2599 677 2665 στέλλεσθαι
716 2596 888 2683 πρὸς
932 2592 1169 2677 αὖτοὺς
1210 2608 1388 2684 τρεῖς
1427 2603 2066 2687 τριακονθημέρους,
2112 2600 2218 2665 καὶ
2265 2599 2623 2685 τηνικαῦτα

273 2693 318 2788 ἢ
358 2703 490 2766 τῶν
530 2697 880 2785 μαρτύρων
926 2692 1393 2766 ἀπειθούντων
1421 2701 1687 2767 τελέσαι
1715 2700 1829 2766 τὸν
1862 2696 2072 2783 ὅρκον,
2123 2697 2196 2766 ὃν
2231 2697 2622 2786 ἐψηφίσατο
2666 2777 2673 2784 ¹

275 2801 507 2867 δοῦναι
550 2796 588 2866 ὅ
631 2798 957 2886 δικαστὴς,
1001 2794 1045 2887 ἢ
1085 2803 1203 2865 τοῦ
1246 2801 1602 2883 μέλλοντος
1647 2801 1975 2881 δέξασθαι
2002 2799 2118 2866 τὸν
2150 2797 2345 2885 ὅρκον
2379 2795 2616 2881 αὐτῶν,

270 2895 317 2990 ἢ
359 2900 599 2969 πάλιν8
639 2905 756 2969 τοῦ
804 2901 1083 2968 διώκτου
1125 2895 1169 2990 ἢ
1210 2904 1327 2967 τοῦ
1374 2900 1732 2989 φεύγοντος
1775 2907 2120 2989 παρομοίᾳ
2151 2907 2495 2987 χρωμένου
2539 2904 2620 2989 τῇ

275 3000 600 3090 ἀπειθείᾳ
652 3005 763 3069 καὶ
816 2999 1343 3089 ὑπερτιθεμένου
1400 2998 1627 3082 αὐτὸν,
1686 3001 2035 3068 παύεσθαι
2077 3000 2194 3088 τὴν
2241 3003 2456 3088 δίκην,
2517 3006 2629 3069 καὶ

276 3104 447 3188 ἔχειν
501 3102 585 3171 τὰ
636 3104 975 3193 νικητήρια
1027 3099 1166 3171 ἀπὸ
1219 3106 1337 3169 τοῦ
1390 3099 1727 3191 κριτηρίου
1780 3105 1900 3169 τοῦ
1959 3105 2080 3170 σοῦ
2122 3096 2167 3190 ἢ
2208 3105 2317 3169 καὶ
2366 3101 2624 3182 παντὸς

277 3205 502 3292 ἑτέρου
560 3205 979 3294 δικαστηρίου
1034 3204 1202 3272 κατὰ
1252 3207 1371 3271 τοῦ
1427 3204 1742 3285 ἑκόντως”
1782 3200 2308 3290 ὑπερτιθεμένου
2358 3207 2467 3271 καὶ
2511 3202 2627 3271 τὸν

278 3304 916 3393 ἀντιπαλαμώμενον
962 3306 1268 3394 ἐπίτηδες
1308 3312 1652 3393 τρίβοντος
1696 3303 1786 3387 ὥς
1829 3306 2067 3374 εἰπεῖν.

453 3408 550 3475 Τὸ
591 3408 713 3494 γὰρ
757 3407 976 3496 παρὸν
1018 3410 1416 3496 πρόσταγμα
1457 3411 1575 3497 τῆς
1613 3409 1961 3495 βασιλείας
2004 3403 2094 3487 ὥς
2121 3405 2350 3475 καινόν
2382 3431 2453 3473 τι
2482 3405 2634 3474 διά-

277 3534 495 3596 ταγμα
538 3510 653 3577 ἐπὶ
697 3509 950 3590 πάσαις
997 3506 1253 3599 ὀφείλει
1293 3515 1442 3590 ταῖς
1490 3511 2029 3598 τοιουτοτρόπως
2071 3508 2474 3595 μελλούσαις
2518 3509 2632 3575 λυ-

278 3615 490 3699 θῆναι
535 3612 747 3691 δίκαις
788 3621 1049 3698 κρατεῖν
1092 3616 1199 3680 καὶ
1246 3612 1357 3680 ἐπὶ
1404 3611 1658 3692 παντὸς
1687 3611 2173 3680 πολιτεύεσθαι
2205 3608 2417 3690 οὕτως
2449 3610 2632 3678 δικα-

281 3719 572 3802 στηρίου,
622 3712 692 3794 ἐξ
733 3708 936 3803 αὐτῆς
981 3715 1146 3802 [τῆς]
1195 3710 1394 3803 ἀρχῆς
1422 3717 1540 3781 τοῦ
1575 3715 1852 3782 εἰσιέναι
1879 3715 2238 3800 μέλλοντος
2273 3706 2636 3796 ὂκτωβρίου

279 3815 485 3902 μηνὸς
526 3817 643 3903 τῆς
685 3814 1027 3904 παρούσης
1072 3817 1149 3903 ιγ’
1200 3815 1650 3903 ἑπινεμήσεως
1691 3820 1810 3883 τοῦ
1845 3814 2072 3904 ,ςφπγ’
2108 3815 2310 3892 ἔτους,
2359 3815 2482 3878 σοῦ
2514 3813 2631 3877 τοῦ

283 3919 848 4005 πρωτοπροέδρου
891 3923 1371 3985 κωνσταντίνου
1416 3919 1526 3984 καὶ
1568 3916 1855 4001 μεγάλου
1902 3916 2331 4000 δρουγγαρίου
2377 3915 2494 3998 τῆς
2525 3917 2635 3997 βί-

282 4020 440 4107 γλης
482 4021 1031 4106 διαπεμπομένου
1075 4018 1247 4104 πρὸς
1289 4015 1513 4085 πάντα
1555 4017 1640 4084 τὰ
1686 4015 2093 4102 δικαστήρια,
2162 4011 2336 4081 ὥστε
2381 4014 2634 4098 ε’ίδησιν

286 4120 545 4202 πάντας
598 4124 828 4209 λαβεῖν
881 4125 998 4207 τῆς
1052 4123 1277 4207 καινῆς
1331 4117 1572 4205 ταύτης
1636 4123 2043 4203 νομοθεσίας
2105 4119 2224 4203 τῆς
2286 4117 2633 4202 βασιλείας

288 4286 341 4293 ρ.-
365 4287 650 4294 -———————-.

423 4377 445 4404 ⁰
481 4379 599 4450 Cod3
636 4371 806 4431 αὐτοῦ
841 4372 872 4440 ἢ
908 4375 1033 4429 παλ.
1173 4375 1195 4403 ⁹
1233 4377 1349 4427 Cod.
1385 4370 1649 4430 έκόντους.
