2900 4950
370 215 489 276 150
1183 225 1300 275 eon.
1341 225 1396 273 ιι.
1468 226 1587 275 mov.
1618 223 1892 273 Lv—Lvu.

369 377 628 460 νόμοις,
689 378 756 440 οἳ
809 384 1127 457 παρεῖχον
1184 370 1415 440 ἄδειαν
1476 372 1825 449 ἰουδαϊκῶς
1871 369 2014 457 ζῆν,
2068 371 2181 435 καὶ
2217 367 2349 455 τὴν
2408 362 2717 455 ἀφωνίαν

369 480 476 544 καὶ
521 471 751 562 ἀργίαν
798 476 1180 543 ἐθέσπισεν.

530 574 759 662 Ἡμεῖς
816 567 930 642 οὖν
989 573 1156 660 ὅπερ
1215 570 1251 639 ὁ
1306 570 1621 659 ἡμέτερος
1663 573 1953 659 παρῆκε3
1995 570 2216 658 πατὴρ
2262 569 2532 656 εὔλογον
2574 577 2718 657 κρί-

370 705 598 758 ναντες
625 673 1123 764 ἀναπληρῶσαι,
1163 678 1366 741 παντὶ
1393 675 1572 761 νόμῳ
1608 670 2012 760 ἀρχαιοτέρῳ
2044 675 2138 759 τῷ
2170 675 2329 758 περὶ
2358 673 2716 758 ἑβραίων

372 784 851 866 νομοθετοῦντι
895 782 1085 863 σιγᾶν
1134 777 1601 860 ἐπιτρέπομεν,
1647 779 1753 843 καὶ
1785 774 1874 863 μὴ
1921 772 2138 852 ἄλλως
2181 768 2421 852 αὐτοὺς
2462 774 2715 857 τολμᾶν

249 957 259 962 ,
371 881 872 960 πολιτεύεσθαι,
919 876 961 966 ἢ
1008 875 1097 957 ὥς
1141 874 1177 965 ἢ
1224 876 1496 962 καθαρὰ
1539 880 1644 944 καὶ
1680 876 2003 962 σωτήριος
2035 878 2169 942 τῶν
2207 901 2300 961 χρ
2317 877 2714 943 ιστιανῶν

371 981 603 1060 πίστις
644 982 969 1066 βούλεται.
1035 980 1092 1046 εἷ
1136 980 1208 1044 δέ
1235 1004 1338 1057 τις
1367 976 1595 1065 ἁλοίη*
1637 982 1770 1046 τῶν
1799 980 1919 1063 μὲν
1946 980 2407 1063 χριστιανικῶν
2438 979 2714 1059 θεσμῶν

373 1077 842 1169 ἀφιστάμενος,
889 1080 1059 1165 πρὸς
1089 1081 1162 1146 δὲ
1189 1078 1275 1146 τὰ
1321 1079 1447 1145 ἰου
1468 1080 1508 1145 δ
1521 1104 1564 1145 α
1581 1087 1607 1147 ί
1620 1107 1671 1146 ω
1688 1106 1722 1146 ν
1753 1078 2417 1166 ἐπαναστρεφόμενος
2447 1077 2572 1163 ἔθη
2603 1078 2710 1143 καὶ

374 1183 687 1269 δόγματα,
733 1185 967 1249 τοῦτον
1010 1181 1177 1248 κατὰ
1217 1181 1373 1260 τοὺς
1416 1184 1570 1266 περὶ
1610 1175 2012 1248 ἀποστατῶν
2042 1180 2446 1266 ἐγκειμένους
2473 1177 2715 1263 νόμους

376 1284 905 1370 εἰσπράττεσθαι
946 1283 1063 1369 τὴν
1106 1289 1450 1370 τιμωρίαν.

1369 1687 1542 1748 NOV.
1589 1687 1728 1748 LVI.

1215 1806 1300 1866 De
1346 1806 1466 1867 oris
1512 1805 1870 1867 maritimis&

1204 1973 1714 2051 ΔΙΑΤΑΞῙΣ
1754 1971 1883 2059 νς’.

970 2110 1154 2202 Περὶ
1206 2110 1625 2205 προθύρων
1679 2106 2131 2182 θαλαττίων.

891 2258 945 2311 Ὁ
985 2256 1195 2316 αὗτὸς
1227 2257 1558 2327 βασιλεὺς
1596 2258 1866 2326 στυλιανῷ
1900 2260 1979 2328 τῷ
2014 2253 2181 2327 αὐτῷ.

548 2363 679 2427 Καὶ
728 2351 920 2438 οὗτος
962 2356 1119 2447 ἡμῖν
1168 2357 1204 2425 ὃ
1250 2359 1503 2445 νόμοςζ
1566 2358 1639 2438 ὃς
1699 2355 2088 2447 ἀφαιρεῖται
2141 2362 2272 2427 τῶν
2327 2361 2716 2428 θαλαττίων

377 2459 634 2550 χωρίων
690 2459 805 2550 τὴν
864 2461 1165 2541 ἐξουσίαν
1208 2463 1342 2529 τῶν
1398 2449 1478 2529 οὗ
1490 2463 1512 2495 ³
1555 2460 1742 2548 παρὰ
1783 2471 1928 2541 τοῖς
1976 2460 2353 2549 προθύροις
2395 2461 2717 2529 θάλασσα

379 2562 613 2652 ὁρᾶται
662 2559 856 2641 (ἀλλὰ
898 2562 1019 2650 γὰρ
1065 2557 1141 2630 οὗ
1186 2563 1389 2646 μόνον
1432 2566 1665 2643 τοῦτο,
1725 2560 1967 2649 ὑπάγει
2011 2564 2084 2631 δὲ
2125 2565 2234 2633 καὶ
2275 2567 2356 2651 τῇ
2400 2566 2560 2650 περὶ
2598 2566 2717 2649 τῆς

379 2662 628 2752 ὕβρεως
674 2660 890 2753 ἀγωγῇ
935 2663 1302 2732 κωλύοντα4
1347 2664 1503 2744 τοὺς
1547 2663 1680 2732 ἐκεῖ
1723 2660 2226 2752 ἀποκεχρῆσθαι
2267 2669 2347 2754 τῇ
2382 2663 2714 2753 ἀλιευτικῇ

376 2773 562 2855 τέχνῃ
609 2771 1248 2852 προθυμουμένους),
1298 2761 1373 2831 οὗ
1421 2767 1646 2833 δίκαια
1690 2766 2068 2853 ἐπιτρέπων
2114 2765 2342 2854 ἐφάνη.
2403 2769 2541 2834 πᾶν
2567 2765 2712 2853 γὰρ,

380 2867 416 2934 ὃ
457 2866 546 2957 μή
594 2862 797 2957 ἀδίκῳ
845 2867 1013 2955 λόγῳ
1059 2868 1230 2954 πρὸς
1288 2867 1590 2947 ἐξουσίαν
1646 2871 1777 2936 τινὶ
1833 2869 2226 2956 περιῆλθεν,
2286 2870 2419 2937 ε’ίτε
2469 2873 2714 2955 γονέων

375 2972 610 3058 κλῆρος
655 2970 794 3049 εἴτε,
833 2968 1059 3037 πόνων
1106 2970 1292 3037 ἰδίων
1347 2974 1561 3058 κτῆμα
1613 2966 1744 3038 εἴθ’
1795 2971 1993 3059 ἑτέρῳ
2037 2969 2172 3038 τινὶ
2210 2970 2300 3058 μὴ
2348 2965 2716 3057 ἀπηγορευ-

373 3078 549 3159 μένῳ
592 3072 842 3159 τρόπῳ,
891 3074 1040 3151 πῶς
1083 3067 1223 3156 οὐχὶ
1268 3075 1375 3140 καὶ
1422 3070 1593 3159 πρὸς
1636 3072 1752 3161 τὴν
1799 3071 2169 3161 ἐπιτροπὴν
2211 3075 2329 3139 τοῦ
2373 3070 2489 3159 τὴν
2531 3070 2715 3151 ἐξου-

377 3181 528 3242 σίαν
574 3172 834 3256 ἔχοντος
878 3168 1310 3255 ἀνακείσεται,
1357 3169 1631 3261 κάκείνῳ
1661 3172 1779 3253 τὰς
1811 3168 2136 3262 ὠφελείας
2163 3171 2336 3240 πολὺ
2364 3172 2714 3259 πρότερον,

377 3271 514 3345 ἀλλ’
565 3273 681 3357 οὐχ
726 3275 924 3361 ἑτέρῳ
970 3277 1280 3360 παρέξεις
1326 3269 1441 3340 οὒκ
1487 3274 1664 3340 ἐστὶν
1710 3264 1824 3342 οὖν
1867 3274 2042 3361 πρὸς
2082 3275 2159 3342 τὸ
2205 3269 2367 3343 εὐθὺ
2403 3268 2715 3360 ἀφορῶν-

374 3401 490 3455 τος
535 3377 737 3459 νόμου
784 3376 1043 3461 ἑτέρους
1100 3375 1384 3460 εἰσάγειν
1428 3373 1600 3458 πρὸς
1642 3374 1758 3462 τὴν
1805 3371 2131 3464 ὠφέλειαν
2177 3364 2254 3443 οὗ
2303 3376 2505 3464 μηδὲν
2547 3371 2714 3444 ὓπε-

373 3476 688 3561 βὰλοντο,
748 3477 856 3540 καὶ
904 3470 1297 3560 ἀποστερεῖν
1341 3475 1625 3555 ἐκείνους
1667 3475 1905 3565 ταύτης
1917 3528 1959 3559 ,.
1996 3483 2063 3547 οἳ
2104 3477 2374 3558 πάντως
2415 3502 2487 3563 γε
2528 3470 2571 3567 ἢ
2612 3483 2716 3545 τί-

373 3600 559 3662 μημα
599 3568 643 3662 ἢ
687 3582 1057 3660 συγγενείας
1101 3571 1425 3663 δίκαιονῆ
1470 3574 1670 3643 ἄλλον
1698 3578 1850 3645 τινὰ
1891 3581 2143 3665 τρόπον
2186 3575 2303 3647 οὐκ
2347 3576 2715 3667 ἀπηγορευ-

373 3684 572 3764 μένον
617 3676 711 3755 είς
754 3674 870 3763 τὴν
912 3678 1030 3742 τοῦ
1071 3683 1315 3764 χωρίου
1358 3678 1795 3764 κατεβάλοντο
1840 3684 2085 3768 κτῆσιν.
2173 3682 2251 3747 τὸ
2296 3682 2370 3748 δὲ
2412 3683 2521 3749 καὶ
2560 3680 2715 3759 τούς

372 3776 543 3867 ὑπὲρ
589 3774 789 3847 αὐτοῦ
835 3777 1135 3864 ἐτησίους
1180 3778 1430 3867 φόρους
1475 3775 1924 3851 ἀπαιτεῖσθαι
1974 3785 2127 3870 μὲν,
2187 3780 2277 3863 ὥς
2333 3777 2509 3871 αὐτῷ
2567 3782 2715 3850 δια-

377 3888 695 3969 φέροντος
738 3884 854 3946 τοῦ
897 3880 1132 3963 τόπου,
1180 3875 1575 3951 ἀπελαύνειν
1622 3880 1685 3949 δ’
1737 3884 1994 3952 ἐκεῖθεν
2023 3884 2139 3952 τὸν
2171 3885 2296 3965 ἔξω
2319 3888 2436 3973 τῆς
2466 3883 2712 3952 ἐκείνου

375 3983 634 4069 γνώμης
673 3982 1076 4068 βουλόμενον
1117 3987 1198 4069 τῇ
1245 3979 1535 4072 ὠφελείᾳ
1574 3989 1871 4072 χρῆσθαι
1911 3986 1999 4075 μὴ
2046 3986 2411 4065 δύνασθαι,
2467 3980 2603 4053 ἀλλ’
2655 3984 2716 4053 εἰ

512 4166 530 4195 ³
566 4171 744 4232 vulgati
780 4173 1000 4240 παρεῖκε
1035 4174 1264 4223 scribunt.
1401 4169 1422 4197 ¹
1458 4175 1622 4224 Zuich.
1661 4182 1709 4223 et
1744 4176 1935 4226 Meet-m.
1973 4167 2172 4236 ἀλλοίη.

512 4251 525 4278 ¹
564 4254 661 4303 Eel.
697 4254 808 4304 Nov.
847 4256 928 4306 30.
1000 4258 1239 4307 Laudatur
1273 4259 1332 4308 ab
1369 4259 1526 4309 Han-m.
1568 4258 1622 4319 11,
1666 4259 1707 4321 1,
1746 4260 1826 4309 54.
1967 4260 1985 4286 ²
2021 4262 2123 4323 Dig.
2162 4261 2334 4323 XLVII,
2377 4261 2454 4321 10,
2498 4258 2557 4310 13
2594 4256 2712 4323 §.7-

377 4336 396 4367 ³
430 4337 586 4390 Malim
623 4322 716 4385 ὦν.
859 4336 879 4364 ¹
917 4340 1055 4389 Forte
1092 4335 1191 4388 τὸν
1223 4338 1345 4389 aemi.
