<?xml version="1.0" encoding="UTF-8"?>
<!DOCTYPE html PUBLIC "-//W3C//DTD XHTML 1.0 Transitional//EN"
    "http://www.w3.org/TR/xhtml1/DTD/xhtml1-transitional.dtd">
<html xmlns="http://www.w3.org/1999/xhtml" xml:lang="en" lang="en">
 <head>
  <title>
</title>
<meta http-equiv="Content-Type" content="text/html;charset=utf-8" />
  <meta name='ocr-system' content='tesseract 3.04.00' />
  <meta name='ocr-capabilities' content='ocr_page ocr_carea ocr_par ocr_line ocrx_word'/>
</head>
<body>
  <div class='ocr_page' id='page_1' title='image "./jusgraecoromanu00linggoog_0249.png"; bbox 0 0 2900 4950; ppageno 0'>
   <div class='ocr_carea' id='block_1_1' title="bbox 1207 219 2539 295">
    <p class='ocr_par' dir='ltr' id='par_1_1' title="bbox 1207 219 2539 295">
     <span class='ocr_line' id='line_1_1' title="bbox 1207 219 2539 295; baseline -0.002 -15"><span class='ocrx_word' id='word_1_1' title='bbox 1207 233 1323 295; x_wconf 76' lang='lat' dir='ltr'><strong>Imp.</strong></span> <span class='ocrx_word' id='word_1_2' title='bbox 1363 232 1554 281; x_wconf 77' lang='lat' dir='ltr'><strong>Leonis,</strong></span> <span class='ocrx_word' id='word_1_3' title='bbox 1650 221 1657 230; x_wconf 68' lang='grc'>’</span> <span class='ocrx_word' id='word_1_4' title='bbox 2427 219 2539 278; x_wconf 71' lang='grc'><strong><em>201</em></strong></span> 
     </span>
    </p>
   </div>
   <div class='ocr_carea' id='block_1_2' title="bbox 207 367 2609 2187">
    <p class='ocr_par' dir='ltr' id='par_1_2' title="bbox 207 367 2609 1173">
     <span class='ocr_line' id='line_1_2' title="bbox 210 367 2554 463; baseline 0 -18"><span class='ocrx_word' id='word_1_5' title='bbox 210 378 325 445; x_wconf 86' lang='grc' dir='ltr'><strong><em>διὰ</em></strong></span> <span class='ocrx_word' id='word_1_6' title='bbox 368 378 560 463; x_wconf 78' lang='grc' dir='ltr'><strong><em>τύχης</em></strong></span> <span class='ocrx_word' id='word_1_7' title='bbox 605 372 852 462; x_wconf 84' lang='grc' dir='ltr'><strong><em>ὁμοίας</em></strong></span> <span class='ocrx_word' id='word_1_8' title='bbox 883 373 1222 463; x_wconf 79' lang='grc' dir='ltr'><strong><em>ὗπῆλθον,</em></strong></span> <span class='ocrx_word' id='word_1_9' title='bbox 1290 381 1394 444; x_wconf 83' lang='grc' dir='ltr'><strong><em>καὶ</em></strong></span> <span class='ocrx_word' id='word_1_10' title='bbox 1443 367 1636 456; x_wconf 73' lang='grc' dir='ltr'><strong><em>οὗτος</em></strong></span> <span class='ocrx_word' id='word_1_11' title='bbox 1681 378 2001 457; x_wconf 81' lang='grc' dir='ltr'><em>πολλάκις</em></span> <span class='ocrx_word' id='word_1_12' title='bbox 2045 378 2189 457; x_wconf 77' lang='grc' dir='ltr'><strong><em>ἑνὸς</em></strong></span> <span class='ocrx_word' id='word_1_13' title='bbox 2234 373 2448 445; x_wconf 78' lang='grc' dir='ltr'><strong><em>αὐτῶν</em></strong></span> <span class='ocrx_word' id='word_1_14' title='bbox 2495 381 2554 446; x_wconf 81' lang='grc' dir='ltr'><strong><em>εἰ</em></strong></span> 
     </span>
     <span class='ocr_line' id='line_1_3' title="bbox 209 477 2552 565; baseline -0 -18"><span class='ocrx_word' id='word_1_15' title='bbox 209 477 386 547; x_wconf 69' lang='grc' dir='ltr'><strong><em>οὕτω</em></strong></span> <span class='ocrx_word' id='word_1_16' title='bbox 441 478 594 565; x_wconf 81' lang='grc' dir='ltr'><strong><em>τύχῃ</em></strong></span> <span class='ocrx_word' id='word_1_17' title='bbox 642 477 827 563; x_wconf 82' lang='grc' dir='ltr'><strong><em>παρὰ</em></strong></span> <span class='ocrx_word' id='word_1_18' title='bbox 870 482 988 544; x_wconf 81' lang='grc' dir='ltr'><strong><em>τοῦ</em></strong></span> <span class='ocrx_word' id='word_1_19' title='bbox 1035 480 1364 546; x_wconf 75' lang='grc' dir='ltr'><strong><em>δεσπότου</em></strong></span> <span class='ocrx_word' id='word_1_20' title='bbox 1412 481 1731 558; x_wconf 88' lang='grc' dir='ltr'><strong><em>λυθέντος</em></strong></span> <span class='ocrx_word' id='word_1_21' title='bbox 1776 482 2106 559; x_wconf 90' lang='grc' dir='ltr'><strong><em>δουλείας,</em></strong></span> <span class='ocrx_word' id='word_1_22' title='bbox 2164 482 2281 546; x_wconf 83' lang='grc' dir='ltr'><strong><em>τοῦ</em></strong></span> <span class='ocrx_word' id='word_1_23' title='bbox 2329 480 2552 565; x_wconf 79' lang='grc' dir='ltr'><strong><em>ἑτέρου</em></strong></span> 
     </span>
     <span class='ocr_line' id='line_1_4' title="bbox 207 576 2553 668; baseline 0 -20"><span class='ocrx_word' id='word_1_24' title='bbox 207 588 448 666; x_wconf 82' lang='grc' dir='ltr'><strong><em>μέρους</em></strong></span> <span class='ocrx_word' id='word_1_25' title='bbox 490 584 609 646; x_wconf 84' lang='grc' dir='ltr'><strong><em>τοῦ</em></strong></span> <span class='ocrx_word' id='word_1_26' title='bbox 655 579 899 663; x_wconf 82' lang='grc' dir='ltr'><strong><em>δεσμοῦ</em></strong></span> <span class='ocrx_word' id='word_1_27' title='bbox 941 579 1030 666; x_wconf 84' lang='grc' dir='ltr'><strong><em>μὴ</em></strong></span> <span class='ocrx_word' id='word_1_28' title='bbox 1064 582 1664 660; x_wconf 81' lang='grc' dir='ltr'><strong><em>συναπολυθέντος,</em></strong></span> <span class='ocrx_word' id='word_1_29' title='bbox 1714 582 1807 660; x_wconf 82' lang='grc' dir='ltr'><strong><em>εἷς</em></strong></span> <span class='ocrx_word' id='word_1_30' title='bbox 1837 576 2193 668; x_wconf 76' lang='grc' dir='ltr'><strong><em>ἀνισότητα</em></strong></span> <span class='ocrx_word' id='word_1_31' title='bbox 2224 583 2553 648; x_wconf 84' lang='grc' dir='ltr'><strong><em>καθιστά-</em></strong></span> 
     </span>
     <span class='ocr_line' id='line_1_5' title="bbox 207 675 2609 770; baseline -0 -20"><span class='ocrx_word' id='word_1_32' title='bbox 207 707 424 768; x_wconf 89' lang='grc' dir='ltr'><strong><em>μενος,</em></strong></span> <span class='ocrx_word' id='word_1_33' title='bbox 473 681 541 748; x_wconf 75' lang='grc' dir='ltr'><strong><em>ἐκ</em></strong></span> <span class='ocrx_word' id='word_1_34' title='bbox 583 679 892 768; x_wconf 83' lang='grc' dir='ltr'><strong><em>τοιαύτης</em></strong></span> <span class='ocrx_word' id='word_1_35' title='bbox 936 682 1151 760; x_wconf 81' lang='grc' dir='ltr'><strong><em>αἰτίας</em></strong></span> <span class='ocrx_word' id='word_1_36' title='bbox 1181 676 1310 747; x_wconf 76' lang='grc' dir='ltr'><strong><em>ὀὐκ</em></strong></span> <span class='ocrx_word' id='word_1_37' title='bbox 1357 677 1577 769; x_wconf 78' lang='grc' dir='ltr'><strong><em>ὀλίγης</em></strong></span> <span class='ocrx_word' id='word_1_38' title='bbox 1622 677 2028 770; x_wconf 73' lang='grc' dir='ltr'><strong><em>ἀμφιβολίας</em></strong></span> <span class='ocrx_word' id='word_1_39' title='bbox 2071 687 2177 749; x_wconf 84' lang='grc' dir='ltr'><strong><em>καὶ</em></strong></span> <span class='ocrx_word' id='word_1_40' title='bbox 2228 682 2552 770; x_wconf 82' lang='grc' dir='ltr'><strong><em>ζητήσεως</em></strong></span> <span class='ocrx_word' id='word_1_41' title='bbox 2604 675 2609 680; x_wconf 50' lang='grc'><em>’</em></span> 
     </span>
     <span class='ocr_line' id='line_1_6' title="bbox 211 779 2548 870; baseline -0.001 -19"><span class='ocrx_word' id='word_1_42' title='bbox 211 783 282 851; x_wconf 74' lang='grc' dir='ltr'><strong><em>ἐκ</em></strong></span> <span class='ocrx_word' id='word_1_43' title='bbox 323 786 441 848; x_wconf 81' lang='grc' dir='ltr'><strong><em>τοῦ</em></strong></span> <span class='ocrx_word' id='word_1_44' title='bbox 483 782 572 870; x_wconf 89' lang='grc' dir='ltr'><strong><em>μὴ</em></strong></span> <span class='ocrx_word' id='word_1_45' title='bbox 616 793 832 865; x_wconf 80' lang='grc' dir='ltr'><strong><em>τυχεῖν</em></strong></span> <span class='ocrx_word' id='word_1_46' title='bbox 877 787 1144 870; x_wconf 83' lang='grc' dir='ltr'><strong><em>νομικῆς</em></strong></span> <span class='ocrx_word' id='word_1_47' title='bbox 1188 785 1575 870; x_wconf 84' lang='grc' dir='ltr'><strong><em>διακρίσεως</em></strong></span> <span class='ocrx_word' id='word_1_48' title='bbox 1621 784 1757 868; x_wconf 69' lang='grc' dir='ltr'><strong><em>ἔριν</em></strong></span> <span class='ocrx_word' id='word_1_49' title='bbox 1803 779 2124 851; x_wconf 77' lang='grc' dir='ltr'><strong><em>ἀνακινῶν</em></strong></span> <span class='ocrx_word' id='word_1_50' title='bbox 2153 788 2548 869; x_wconf 70' lang='grc' dir='ltr'><strong><em>καθορᾶται.</em></strong></span> 
     </span>
     <span class='ocr_line' id='line_1_7' title="bbox 213 874 2553 973; baseline 0.001 -23"><span class='ocrx_word' id='word_1_51' title='bbox 213 880 646 972; x_wconf 80' lang='grc' dir='ltr'><strong><em>ὀφειλόμενον</em></strong></span> <span class='ocrx_word' id='word_1_52' title='bbox 705 874 819 950; x_wconf 71' lang='grc' dir='ltr'><strong><em>οὖν</em></strong></span> <span class='ocrx_word' id='word_1_53' title='bbox 876 888 981 950; x_wconf 81' lang='grc' dir='ltr'><strong><em>καὶ</em></strong></span> <span class='ocrx_word' id='word_1_54' title='bbox 1041 888 1236 950; x_wconf 83' lang='grc' dir='ltr'><strong><em>τοῦτο</em></strong></span> <span class='ocrx_word' id='word_1_55' title='bbox 1297 887 1619 969; x_wconf 77' lang='grc' dir='ltr'><strong><em>νομισθὲν</em></strong></span> <span class='ocrx_word' id='word_1_56' title='bbox 1675 890 1767 971; x_wconf 76' lang='grc' dir='ltr'><strong><em>τῷ</em></strong></span> <span class='ocrx_word' id='word_1_57' title='bbox 1823 881 2114 972; x_wconf 79' lang='grc' dir='ltr'><strong><em>ἡμετέρῳ</em></strong></span> <span class='ocrx_word' id='word_1_58' title='bbox 2172 886 2394 971; x_wconf 80' lang='grc' dir='ltr'><strong><em>κράτει</em></strong></span> <span class='ocrx_word' id='word_1_59' title='bbox 2435 890 2553 973; x_wconf 86' lang='grc' dir='ltr'><strong><em>τῆς</em></strong></span> 
     </span>
     <span class='ocr_line' id='line_1_8' title="bbox 212 977 2551 1075; baseline 0.001 -24"><span class='ocrx_word' id='word_1_60' title='bbox 212 985 672 1072; x_wconf 78' lang='grc' dir='ltr'><strong><em>προσηκούσης</em></strong></span> <span class='ocrx_word' id='word_1_61' title='bbox 714 997 930 1069; x_wconf 80' lang='grc' dir='ltr'><strong><em>τυχεῖν</em></strong></span> <span class='ocrx_word' id='word_1_62' title='bbox 976 986 1354 1065; x_wconf 84' lang='grc' dir='ltr'><strong><em>διαλύσεως,</em></strong></span> <span class='ocrx_word' id='word_1_63' title='bbox 1401 985 1516 1054; x_wconf 86' lang='grc' dir='ltr'><strong><em>τὸν</em></strong></span> <span class='ocrx_word' id='word_1_64' title='bbox 1550 981 1632 1053; x_wconf 74' lang='grc' dir='ltr'><strong><em>δι’</em></strong></span> <span class='ocrx_word' id='word_1_65' title='bbox 1669 977 1746 1052; x_wconf 79' lang='grc' dir='ltr'><strong><em>οὗ</em></strong></span> <span class='ocrx_word' id='word_1_66' title='bbox 1775 987 2319 1075; x_wconf 83' lang='grc' dir='ltr'><strong><em>ῥυθμισθήσεται</em></strong></span> <span class='ocrx_word' id='word_1_67' title='bbox 2351 988 2551 1072; x_wconf 83' lang='grc' dir='ltr'><strong><em>νόμον</em></strong></span> 
     </span>
     <span class='ocr_line' id='line_1_9' title="bbox 213 1083 1461 1173; baseline 0.001 -21"><span class='ocrx_word' id='word_1_68' title='bbox 213 1083 592 1172; x_wconf 73' lang='grc' dir='ltr'><strong><em>ἀπείληφε·</em></strong></span> <span class='ocrx_word' id='word_1_69' title='bbox 652 1093 721 1153; x_wconf 91' lang='grc' dir='ltr'><strong><em>τί</em></strong></span> <span class='ocrx_word' id='word_1_70' title='bbox 763 1088 835 1153; x_wconf 85' lang='grc' dir='ltr'><strong><em>δὲ</em></strong></span> <span class='ocrx_word' id='word_1_71' title='bbox 877 1087 954 1152; x_wconf 87' lang='grc' dir='ltr'><strong><em>τὸ</em></strong></span> <span class='ocrx_word' id='word_1_72' title='bbox 1000 1094 1461 1173; x_wconf 84' lang='grc' dir='ltr'><strong><em>νομοθέτημα,-</em></strong></span> 
     </span>
    </p>

    <p class='ocr_par' dir='ltr' id='par_1_3' title="bbox 214 1184 2558 2187">
     <span class='ocr_line' id='line_1_10' title="bbox 387 1184 2555 1275; baseline 0.002 -23"><span class='ocrx_word' id='word_1_73' title='bbox 387 1187 753 1272; x_wconf 81' lang='grc' dir='ltr'><strong><em>Κελεύομεν</em></strong></span> <span class='ocrx_word' id='word_1_74' title='bbox 809 1188 888 1254; x_wconf 87' lang='grc' dir='ltr'><strong><em>τὸ</em></strong></span> <span class='ocrx_word' id='word_1_75' title='bbox 943 1193 1058 1274; x_wconf 80' lang='grc' dir='ltr'><strong><em>τῆς</em></strong></span> <span class='ocrx_word' id='word_1_76' title='bbox 1116 1189 1416 1267; x_wconf 83' lang='grc' dir='ltr'><strong><em>δουλείας</em></strong></span> <span class='ocrx_word' id='word_1_77' title='bbox 1473 1184 1972 1275; x_wconf 78' lang='grc' dir='ltr'><strong><em>ἀπηλλαγμένον</em></strong></span> <span class='ocrx_word' id='word_1_78' title='bbox 2026 1195 2252 1275; x_wconf 85' lang='grc' dir='ltr'><strong><em>μέρος,</em></strong></span> <span class='ocrx_word' id='word_1_79' title='bbox 2315 1218 2394 1256; x_wconf 90' lang='grc' dir='ltr'><strong><em>αν</em></strong></span> <span class='ocrx_word' id='word_1_80' title='bbox 2437 1190 2555 1272; x_wconf 91' lang='grc' dir='ltr'><strong><em>τὴν</em></strong></span> 
     </span>
     <span class='ocr_line' id='line_1_11' title="bbox 212 1287 2555 1416; baseline 0.002 -63.107"><span class='ocrx_word' id='word_1_81' title='bbox 212 1288 387 1374; x_wconf 85' lang='grc' dir='ltr'><strong><em>πρὸς</em></strong></span> <span class='ocrx_word' id='word_1_82' title='bbox 430 1287 508 1354; x_wconf 87' lang='grc' dir='ltr'><strong><em>τὸ</em></strong></span> <span class='ocrx_word' id='word_1_83' title='bbox 550 1290 997 1376; x_wconf 80' lang='grc' dir='ltr'><strong><em>καταλειφθὲν</em></strong></span> <span class='ocrx_word' id='word_1_84' title='bbox 1044 1290 1375 1356; x_wconf 86' lang='grc' dir='ltr'><strong><em>δουλεύειν</em></strong></span> <span class='ocrx_word' id='word_1_85' title='bbox 1422 1290 1785 1377; x_wconf 77' lang='grc' dir='ltr'><strong><em>συνάφειαν</em></strong></span> <span class='ocrx_word' id='word_1_86' title='bbox 1818 1287 2063 1416; x_wconf 67' lang='lat' dir='ltr'><em>QywzQ,</em></span> <span class='ocrx_word' id='word_1_87' title='bbox 2110 1289 2276 1356; x_wconf 83' lang='grc' dir='ltr'><strong><em>κατὰ</em></strong></span> <span class='ocrx_word' id='word_1_88' title='bbox 2306 1289 2420 1356; x_wconf 89' lang='grc' dir='ltr'><strong><em>τὸν</em></strong></span> <span class='ocrx_word' id='word_1_89' title='bbox 2451 1317 2555 1357; x_wconf 88' lang='grc' dir='ltr'><strong><em>νε-</em></strong></span> 
     </span>
     <span class='ocr_line' id='line_1_12' title="bbox 214 1390 2556 1476; baseline 0.001 -20"><span class='ocrx_word' id='word_1_90' title='bbox 214 1396 746 1474; x_wconf 83' lang='grc' dir='ltr'><strong><em>νομοθετημένον</em></strong></span> <span class='ocrx_word' id='word_1_91' title='bbox 790 1390 1038 1456; x_wconf 75' lang='grc' dir='ltr'><strong><em>τύπον’</em></strong></span> <span class='ocrx_word' id='word_1_92' title='bbox 1082 1392 1197 1457; x_wconf 73' lang='grc' dir='ltr'><strong><em>ἐπὶ</em></strong></span> <span class='ocrx_word' id='word_1_93' title='bbox 1239 1394 1371 1457; x_wconf 83' lang='grc' dir='ltr'><strong><em>τῶν</em></strong></span> <span class='ocrx_word' id='word_1_94' title='bbox 1417 1390 1489 1470; x_wconf 76' lang='grc' dir='ltr'><strong><em>ἐξ</em></strong></span> <span class='ocrx_word' id='word_1_95' title='bbox 1522 1391 1902 1476; x_wconf 72' lang='grc' dir='ltr'><strong><em>ἐλευθερίας</em></strong></span> <span class='ocrx_word' id='word_1_96' title='bbox 1931 1394 2041 1458; x_wconf 86' lang='grc' dir='ltr'><strong><em>καὶ</em></strong></span> <span class='ocrx_word' id='word_1_97' title='bbox 2072 1392 2373 1470; x_wconf 86' lang='grc' dir='ltr'><strong><em>δουλείας</em></strong></span> <span class='ocrx_word' id='word_1_98' title='bbox 2403 1416 2556 1458; x_wconf 83' lang='grc' dir='ltr'><strong><em>συν-</em></strong></span> 
     </span>
     <span class='ocr_line' id='line_1_13' title="bbox 215 1487 2555 1580; baseline 0.001 -22"><span class='ocrx_word' id='word_1_99' title='bbox 215 1491 677 1575; x_wconf 83' lang='grc' dir='ltr'><strong><em>αρμοζομένων</em></strong></span> <span class='ocrx_word' id='word_1_100' title='bbox 725 1492 797 1557; x_wconf 88' lang='grc' dir='ltr'><strong><em>τὸ</em></strong></span> <span class='ocrx_word' id='word_1_101' title='bbox 843 1499 1248 1558; x_wconf 84' lang='grc' dir='ltr'><strong><em>συνοικέσιον</em></strong></span> <span class='ocrx_word' id='word_1_102' title='bbox 1293 1487 1724 1579; x_wconf 81' lang='grc' dir='ltr'><strong><em>ἀδιάῤῥηκτον</em></strong></span> <span class='ocrx_word' id='word_1_103' title='bbox 1770 1491 1953 1575; x_wconf 72' lang='grc' dir='ltr'><strong><em>ἔχειν.</em></strong></span> <span class='ocrx_word' id='word_1_104' title='bbox 2044 1493 2148 1559; x_wconf 81' lang='grc' dir='ltr'><strong><em>δεῖ</em></strong></span> <span class='ocrx_word' id='word_1_105' title='bbox 2188 1491 2310 1577; x_wconf 80' lang='grc' dir='ltr'><strong><em>γὰρ</em></strong></span> <span class='ocrx_word' id='word_1_106' title='bbox 2354 1487 2397 1580; x_wconf 78' lang='grc' dir='ltr'><em>ἢ</em></span> <span class='ocrx_word' id='word_1_107' title='bbox 2439 1497 2555 1580; x_wconf 85' lang='grc' dir='ltr'><strong><em>τῆς</em></strong></span> 
     </span>
     <span class='ocr_line' id='line_1_14' title="bbox 216 1588 2557 1681; baseline 0 -22"><span class='ocrx_word' id='word_1_108' title='bbox 216 1594 564 1678; x_wconf 84' lang='grc' dir='ltr'><strong><em>διδομένης</em></strong></span> <span class='ocrx_word' id='word_1_109' title='bbox 605 1592 986 1677; x_wconf 73' lang='grc' dir='ltr'><strong><em>ἐλευθερίας</em></strong></span> <span class='ocrx_word' id='word_1_110' title='bbox 1029 1588 1206 1678; x_wconf 75' lang='grc' dir='ltr'><strong><em>αὖτῷ</em></strong></span> <span class='ocrx_word' id='word_1_111' title='bbox 1248 1593 1338 1681; x_wconf 87' lang='grc' dir='ltr'><strong><em>μὴ</em></strong></span> <span class='ocrx_word' id='word_1_112' title='bbox 1384 1589 1911 1674; x_wconf 79' lang='grc' dir='ltr'><strong><em>ἀντιποιεῖσθαι,</em></strong></span> <span class='ocrx_word' id='word_1_113' title='bbox 1961 1588 2099 1659; x_wconf 73' lang='grc' dir='ltr'><strong><em>ἀλλ’</em></strong></span> <span class='ocrx_word' id='word_1_114' title='bbox 2147 1593 2220 1673; x_wconf 74' lang='grc' dir='ltr'><strong><em>ἐξ</em></strong></span> <span class='ocrx_word' id='word_1_115' title='bbox 2260 1595 2412 1659; x_wconf 79' lang='grc' dir='ltr'><strong><em>ἴσου</em></strong></span> <span class='ocrx_word' id='word_1_116' title='bbox 2440 1593 2557 1659; x_wconf 85' lang='grc' dir='ltr'><strong><em>τὸν</em></strong></span> 
     </span>
     <span class='ocr_line' id='line_1_15' title="bbox 221 1690 2558 1782; baseline 0 -22"><span class='ocrx_word' id='word_1_117' title='bbox 221 1694 523 1761; x_wconf 88' lang='grc' dir='ltr'><strong><em>δούλειον</em></strong></span> <span class='ocrx_word' id='word_1_118' title='bbox 567 1690 1046 1779; x_wconf 81' lang='grc' dir='ltr'><strong><em>ὖποβεβηκέναι</em></strong></span> <span class='ocrx_word' id='word_1_119' title='bbox 1092 1696 1279 1780; x_wconf 84' lang='grc' dir='ltr'><strong><em>ζυγὸν</em></strong></span> <span class='ocrx_word' id='word_1_120' title='bbox 1308 1698 1402 1782; x_wconf 74' lang='grc' dir='ltr'><strong><em>τῷ</em></strong></span> <span class='ocrx_word' id='word_1_121' title='bbox 1434 1696 1634 1782; x_wconf 77' lang='grc' dir='ltr'><strong><em>ἑτέρῳ</em></strong></span> <span class='ocrx_word' id='word_1_122' title='bbox 1663 1701 1866 1779; x_wconf 85' lang='grc' dir='ltr'><strong><em>μέρει,</em></strong></span> <span class='ocrx_word' id='word_1_123' title='bbox 1915 1692 2099 1780; x_wconf 75' lang='grc' dir='ltr'><strong><em>ἄχρις</em></strong></span> <span class='ocrx_word' id='word_1_124' title='bbox 2130 1690 2209 1762; x_wconf 74' lang='grc' dir='ltr'><strong><em>ἂν</em></strong></span> <span class='ocrx_word' id='word_1_125' title='bbox 2238 1690 2275 1781; x_wconf 86' lang='grc' dir='ltr'><em>ἡ</em></span> <span class='ocrx_word' id='word_1_126' title='bbox 2309 1697 2558 1774; x_wconf 87' lang='grc' dir='ltr'><strong><em>τέλειος</em></strong></span> 
     </span>
     <span class='ocr_line' id='line_1_16' title="bbox 215 1791 2551 1883; baseline 0 -21"><span class='ocrx_word' id='word_1_127' title='bbox 215 1791 426 1881; x_wconf 82' lang='grc' dir='ltr'><strong><em>ἡμέρα</em></strong></span> <span class='ocrx_word' id='word_1_128' title='bbox 480 1798 595 1861; x_wconf 82' lang='grc' dir='ltr'><strong><em>τοῦ</em></strong></span> <span class='ocrx_word' id='word_1_129' title='bbox 648 1802 799 1880; x_wconf 82' lang='grc' dir='ltr'><strong><em>βίου</em></strong></span> <span class='ocrx_word' id='word_1_130' title='bbox 859 1795 1222 1883; x_wconf 85' lang='grc' dir='ltr'><strong><em>συναντήσῃ</em></strong></span> <span class='ocrx_word' id='word_1_131' title='bbox 1268 1800 1401 1862; x_wconf 77' lang='grc' dir='ltr'><strong><em>τῶν</em></strong></span> <span class='ocrx_word' id='word_1_132' title='bbox 1442 1796 1559 1883; x_wconf 90' lang='grc' dir='ltr'><strong><em>τὴν</em></strong></span> <span class='ocrx_word' id='word_1_133' title='bbox 1604 1796 1953 1883; x_wconf 85' lang='grc' dir='ltr'><strong><em>κυριότητα</em></strong></span> <span class='ocrx_word' id='word_1_134' title='bbox 1997 1795 2263 1883; x_wconf 82' lang='grc' dir='ltr'><strong><em>λαχόντι</em></strong></span> <span class='ocrx_word' id='word_1_135' title='bbox 2302 1800 2420 1862; x_wconf 80' lang='grc' dir='ltr'><strong><em>τοῦ</em></strong></span> <span class='ocrx_word' id='word_1_136' title='bbox 2463 1795 2551 1883; x_wconf 84' lang='grc' dir='ltr'><strong><em>μὴ</em></strong></span> 
     </span>
     <span class='ocr_line' id='line_1_17' title="bbox 219 1891 2557 1985; baseline -0.001 -21"><span class='ocrx_word' id='word_1_137' title='bbox 219 1891 578 1985; x_wconf 80' lang='grc' dir='ltr'><strong><em>ἆφειμένου</em></strong></span> <span class='ocrx_word' id='word_1_138' title='bbox 633 1900 749 1982; x_wconf 89' lang='grc' dir='ltr'><strong><em>τῆς</em></strong></span> <span class='ocrx_word' id='word_1_139' title='bbox 793 1898 1092 1975; x_wconf 90' lang='grc' dir='ltr'><strong><em>δουλείας</em></strong></span> <span class='ocrx_word' id='word_1_140' title='bbox 1135 1895 1541 1982; x_wconf 82' lang='grc' dir='ltr'><strong><em>προσώπου,</em></strong></span> <span class='ocrx_word' id='word_1_141' title='bbox 1601 1891 1644 1983; x_wconf 80' lang='grc' dir='ltr'><em>ἢ</em></span> <span class='ocrx_word' id='word_1_142' title='bbox 1687 1897 1800 1963; x_wconf 76' lang='grc' dir='ltr'><strong><em>ἐάν</em></strong></span> <span class='ocrx_word' id='word_1_143' title='bbox 1844 1922 1971 1982; x_wconf 87' lang='grc' dir='ltr'><strong><em>περ</em></strong></span> <span class='ocrx_word' id='word_1_144' title='bbox 2015 1896 2092 1963; x_wconf 89' lang='grc' dir='ltr'><strong><em>τὸ</em></strong></span> <span class='ocrx_word' id='word_1_145' title='bbox 2138 1891 2397 1980; x_wconf 71' lang='grc' dir='ltr'><strong><em>ἀξίωμα</em></strong></span> <span class='ocrx_word' id='word_1_146' title='bbox 2440 1901 2557 1983; x_wconf 81' lang='grc' dir='ltr'><strong><em>τῆς</em></strong></span> 
     </span>
     <span class='ocr_line' id='line_1_18' title="bbox 219 1993 2557 2085; baseline -0.003 -18"><span class='ocrx_word' id='word_1_147' title='bbox 219 1999 601 2085; x_wconf 65' lang='grc' dir='ltr'><strong><em>ἐλευθερίας</em></strong></span> <span class='ocrx_word' id='word_1_148' title='bbox 645 1993 760 2064; x_wconf 75' lang='grc' dir='ltr'><strong><em>οὐκ</em></strong></span> <span class='ocrx_word' id='word_1_149' title='bbox 805 1993 1197 2083; x_wconf 83' lang='grc' dir='ltr'><strong><em>ἇποδύηται,</em></strong></span> <span class='ocrx_word' id='word_1_150' title='bbox 1263 1996 1377 2082; x_wconf 66' lang='grc' dir='ltr'><strong><em>ἢν3</em></strong></span> <span class='ocrx_word' id='word_1_151' title='bbox 1417 1994 1587 2082; x_wconf 77' lang='grc' dir='ltr'><strong><em>ὗπὲρ</em></strong></span> <span class='ocrx_word' id='word_1_152' title='bbox 1632 2001 1749 2063; x_wconf 83' lang='grc' dir='ltr'><strong><em>τοῦ</em></strong></span> <span class='ocrx_word' id='word_1_153' title='bbox 1797 1996 2095 2082; x_wconf 69' lang='grc' dir='ltr'><strong><em>συζύγου”</em></strong></span> <span class='ocrx_word' id='word_1_154' title='bbox 2112 2004 2350 2083; x_wconf 85' lang='grc' dir='ltr'><strong><em>μέρους</em></strong></span> <span class='ocrx_word' id='word_1_155' title='bbox 2396 1994 2557 2081; x_wconf 83' lang='grc' dir='ltr'><strong><em>ὃμο-</em></strong></span> 
     </span>
     <span class='ocr_line' id='line_1_19' title="bbox 216 2093 2558 2187; baseline 0 -23"><span class='ocrx_word' id='word_1_156' title='bbox 216 2097 482 2187; x_wconf 80' lang='grc' dir='ltr'><strong><em>λογήσει</em></strong></span> <span class='ocrx_word' id='word_1_157' title='bbox 534 2099 730 2187; x_wconf 83' lang='grc' dir='ltr'><strong><em>τιμὴν</em></strong></span> <span class='ocrx_word' id='word_1_158' title='bbox 787 2101 1329 2166; x_wconf 87' lang='grc' dir='ltr'><strong><em>συντελέσασθαι.</em></strong></span> <span class='ocrx_word' id='word_1_159' title='bbox 1420 2098 1481 2165; x_wconf 78' lang='grc' dir='ltr'><strong><em>εἰ</em></strong></span> <span class='ocrx_word' id='word_1_160' title='bbox 1536 2100 1608 2164; x_wconf 86' lang='grc' dir='ltr'><strong><em>δὲ</em></strong></span> <span class='ocrx_word' id='word_1_161' title='bbox 1661 2101 1858 2164; x_wconf 81' lang='grc' dir='ltr'><strong><em>τοῦτο</em></strong></span> <span class='ocrx_word' id='word_1_162' title='bbox 1902 2100 2021 2183; x_wconf 86' lang='grc' dir='ltr'><strong><em>μὲν</em></strong></span> <span class='ocrx_word' id='word_1_163' title='bbox 2068 2093 2289 2165; x_wconf 80' lang='grc' dir='ltr'><strong><em>ὀπίσω</em></strong></span> <span class='ocrx_word' id='word_1_164' title='bbox 2333 2099 2558 2183; x_wconf 80' lang='grc' dir='ltr'><strong><em>ῥίψειε</em></strong></span> 
     </span>
    </p>
   </div>
   <div class='ocr_carea' id='block_1_3' title="bbox 218 2195 2697 2289">
    <p class='ocr_par' dir='ltr' id='par_1_4' title="bbox 218 2195 2697 2289">
     <span class='ocr_line' id='line_1_20' title="bbox 218 2195 2697 2289; baseline -0.002 -21"><span class='ocrx_word' id='word_1_165' title='bbox 218 2202 603 2289; x_wconf 85' lang='grc' dir='ltr'><strong><em>φροντίδος,</em></strong></span> <span class='ocrx_word' id='word_1_166' title='bbox 663 2195 968 2288; x_wconf 78' lang='grc' dir='ltr'><strong><em>ἀφορμὴν</em></strong></span> <span class='ocrx_word' id='word_1_167' title='bbox 1027 2202 1099 2267; x_wconf 80' lang='grc' dir='ltr'><strong><em>δὲ</em></strong></span> <span class='ocrx_word' id='word_1_168' title='bbox 1142 2198 1219 2265; x_wconf 87' lang='grc' dir='ltr'><strong><em>τὸ</em></strong></span> <span class='ocrx_word' id='word_1_169' title='bbox 1263 2199 1506 2267; x_wconf 76' lang='grc' dir='ltr'><strong><em>οἰκεῖον</em></strong></span> <span class='ocrx_word' id='word_1_170' title='bbox 1548 2199 1948 2284; x_wconf 83' lang='grc' dir='ltr'><strong><em>ποιούμενος</em></strong></span> <span class='ocrx_word' id='word_1_171' title='bbox 1992 2199 2220 2267; x_wconf 72' lang='grc' dir='ltr'><strong><em>ἄνετον</em></strong></span> <span class='ocrx_word' id='word_1_172' title='bbox 2265 2198 2435 2285; x_wconf 86' lang='grc' dir='ltr'><strong><em>πρὸς</em></strong></span> <span class='ocrx_word' id='word_1_173' title='bbox 2479 2200 2557 2264; x_wconf 86' lang='grc' dir='ltr'><strong><em>τὸ</em></strong></span> <span class='ocrx_word' id='word_1_174' title='bbox 2680 2247 2697 2263; x_wconf 95' lang='grc'><strong>.</strong></span> 
     </span>
    </p>
   </div>
   <div class='ocr_carea' id='block_1_4' title="bbox 214 2296 2649 3099">
    <p class='ocr_par' dir='ltr' id='par_1_5' title="bbox 214 2296 2649 3099">
     <span class='ocr_line' id='line_1_21' title="bbox 219 2296 2649 2423; baseline -0.001 -54"><span class='ocrx_word' id='word_1_175' title='bbox 219 2302 464 2369; x_wconf 76' lang='grc' dir='ltr'><strong><em>οἰκεῖον</em></strong></span> <span class='ocrx_word' id='word_1_176' title='bbox 522 2304 736 2390; x_wconf 83' lang='grc' dir='ltr'><strong><em>σχῆμα</em></strong></span> <span class='ocrx_word' id='word_1_177' title='bbox 779 2304 895 2367; x_wconf 86' lang='grc' dir='ltr'><strong><em>τοῦ</em></strong></span> <span class='ocrx_word' id='word_1_178' title='bbox 937 2308 1089 2386; x_wconf 83' lang='grc' dir='ltr'><strong><em>βίου</em></strong></span> <span class='ocrx_word' id='word_1_179' title='bbox 1136 2296 1539 2387; x_wconf 80' lang='grc' dir='ltr'><strong><em>ἀναρπάζειν</em></strong></span> <span class='ocrx_word' id='word_1_180' title='bbox 1555 2308 1942 2423; x_wconf 86' lang='grc' dir='ltr'><strong><em>πειραθείη</em></strong></span> <span class='ocrx_word' id='word_1_181' title='bbox 1986 2300 2064 2368; x_wconf 88' lang='grc' dir='ltr'><strong><em>τὸ</em></strong></span> <span class='ocrx_word' id='word_1_182' title='bbox 2107 2302 2556 2389; x_wconf 82' lang='grc' dir='ltr'><strong><em>καταλειφθὲν</em></strong></span> <span class='ocrx_word' id='word_1_183' title='bbox 2638 2343 2649 2360; x_wconf 64' lang='grc' dir='ltr'><strong><em>ι</em></strong></span> 
     </span>
     <span class='ocr_line' id='line_1_22' title="bbox 218 2398 2559 2490; baseline -0 -19.984"><span class='ocrx_word' id='word_1_184' title='bbox 218 2404 314 2485; x_wconf 84' lang='grc' dir='ltr'><strong><em>εἰς</em></strong></span> <span class='ocrx_word' id='word_1_185' title='bbox 369 2404 670 2471; x_wconf 86' lang='grc' dir='ltr'><strong><em>δουλείαν</em></strong></span> <span class='ocrx_word' id='word_1_186' title='bbox 712 2409 939 2490; x_wconf 86' lang='grc' dir='ltr'><strong><em>μέρος,</em></strong></span> <span class='ocrx_word' id='word_1_187' title='bbox 1003 2402 1091 2490; x_wconf 87' lang='grc' dir='ltr'><strong><em>μὴ</em></strong></span> <span class='ocrx_word' id='word_1_188' title='bbox 1146 2404 1349 2487; x_wconf 88' lang='grc' dir='ltr'><strong><em>μόνον</em></strong></span> <span class='ocrx_word' id='word_1_189' title='bbox 1395 2402 1464 2470; x_wconf 73' lang='grc' dir='ltr'><strong><em>ἐκ</em></strong></span> <span class='ocrx_word' id='word_1_190' title='bbox 1506 2405 1623 2484; x_wconf 67' lang='grc' dir='ltr'><strong><em>τῖς</em></strong></span> <span class='ocrx_word' id='word_1_191' title='bbox 1667 2398 2035 2482; x_wconf 80' lang='grc' dir='ltr'><strong><em>αὐθαδείας</em></strong></span> <span class='ocrx_word' id='word_1_192' title='bbox 2076 2401 2317 2490; x_wconf 85' lang='grc' dir='ltr'><strong><em>ταύτης</em></strong></span> <span class='ocrx_word' id='word_1_193' title='bbox 2356 2405 2559 2489; x_wconf 82' lang='grc' dir='ltr'><strong><em>μηδὲν</em></strong></span> 
     </span>
     <span class='ocr_line' id='line_1_23' title="bbox 218 2500 2561 2597; baseline -0.001 -24"><span class='ocrx_word' id='word_1_194' title='bbox 218 2505 510 2586; x_wconf 81' lang='grc' dir='ltr'><strong><em>εξανύειν</em></strong></span> <span class='ocrx_word' id='word_1_195' title='bbox 564 2500 726 2593; x_wconf 69' lang='grc' dir='ltr'><strong><em>μηδ’</em></strong></span> <span class='ocrx_word' id='word_1_196' title='bbox 788 2505 968 2589; x_wconf 82' lang='grc' dir='ltr'><strong><em>ἰσχὺν</em></strong></span> <span class='ocrx_word' id='word_1_197' title='bbox 1026 2505 1191 2588; x_wconf 79' lang='grc' dir='ltr'><strong><em>ἐχειν</em></strong></span> <span class='ocrx_word' id='word_1_198' title='bbox 1250 2504 1632 2591; x_wconf 75' lang='grc' dir='ltr'><strong><em>ἐλευθερίαν</em></strong></span> <span class='ocrx_word' id='word_1_199' title='bbox 1679 2506 1877 2593; x_wconf 79' lang='grc' dir='ltr'><strong><em>ἑτέρῳ</em></strong></span> <span class='ocrx_word' id='word_1_200' title='bbox 1918 2506 2343 2597; x_wconf 86' lang='grc' dir='ltr'><strong><em>χαρίζεσθαι,</em></strong></span> <span class='ocrx_word' id='word_1_201' title='bbox 2393 2501 2561 2572; x_wconf 78' lang='grc' dir='ltr'><strong><em>ἄλλα</em></strong></span> 
     </span>
     <span class='ocr_line' id='line_1_24' title="bbox 214 2596 2562 2694; baseline -0.001 -20"><span class='ocrx_word' id='word_1_202' title='bbox 214 2611 323 2675; x_wconf 84' lang='grc' dir='ltr'><strong><em>καὶ</em></strong></span> <span class='ocrx_word' id='word_1_203' title='bbox 370 2603 569 2674; x_wconf 74' lang='grc' dir='ltr'><strong><em>αὐτὸν</em></strong></span> <span class='ocrx_word' id='word_1_204' title='bbox 616 2596 945 2674; x_wconf 57' lang='grc' dir='ltr'><strong><em>ἐκεῖνον’</em></strong></span> <span class='ocrx_word' id='word_1_205' title='bbox 901 2633 980 2693; x_wconf 88' lang='grc' dir='ltr'><strong><em>ης</em></strong></span> <span class='ocrx_word' id='word_1_206' title='bbox 1026 2607 1253 2692; x_wconf 82' lang='grc' dir='ltr'><strong><em>ἐλαβεν</em></strong></span> <span class='ocrx_word' id='word_1_207' title='bbox 1299 2606 1647 2673; x_wconf 76' lang='grc' dir='ltr'><strong><em>ἐκπίπτειν</em></strong></span> <span class='ocrx_word' id='word_1_208' title='bbox 1690 2611 1884 2694; x_wconf 87' lang='grc' dir='ltr'><strong><em>τιμῆς</em></strong></span> <span class='ocrx_word' id='word_1_209' title='bbox 1924 2610 2032 2674; x_wconf 87' lang='grc' dir='ltr'><strong><em>καὶ</em></strong></span> <span class='ocrx_word' id='word_1_210' title='bbox 2078 2607 2283 2674; x_wconf 84' lang='grc' dir='ltr'><strong><em>πάλιν</em></strong></span> <span class='ocrx_word' id='word_1_211' title='bbox 2312 2603 2562 2673; x_wconf 78' lang='grc' dir='ltr'><strong><em>ὑποκύ-</em></strong></span> 
     </span>
     <span class='ocr_line' id='line_1_25' title="bbox 218 2704 2559 2829; baseline -0 -54"><span class='ocrx_word' id='word_1_212' title='bbox 218 2732 413 2776; x_wconf 90' lang='grc' dir='ltr'><strong><em>πτειν</em></strong></span> <span class='ocrx_word' id='word_1_213' title='bbox 456 2712 549 2796; x_wconf 81' lang='grc' dir='ltr'><strong><em>τῷ</em></strong></span> <span class='ocrx_word' id='word_1_214' title='bbox 596 2709 760 2796; x_wconf 76' lang='grc' dir='ltr'><strong><em>ζυγῷ</em></strong></span> <span class='ocrx_word' id='word_1_215' title='bbox 805 2711 922 2796; x_wconf 88' lang='grc' dir='ltr'><strong><em>τῆς</em></strong></span> <span class='ocrx_word' id='word_1_216' title='bbox 967 2708 1284 2789; x_wconf 85' lang='grc' dir='ltr'><strong><em>δουλείας,</em></strong></span> <span class='ocrx_word' id='word_1_217' title='bbox 1331 2704 1448 2775; x_wconf 89' lang='grc' dir='ltr'><strong><em>α’τε</em></strong></span> <span class='ocrx_word' id='word_1_218' title='bbox 1472 2708 1569 2829; x_wconf 37' lang='grc' dir='ltr'><strong><em>1,δὴ</em></strong></span> <span class='ocrx_word' id='word_1_219' title='bbox 1614 2707 1836 2795; x_wconf 78' lang='grc' dir='ltr'><strong><em>γνώμῃ</em></strong></span> <span class='ocrx_word' id='word_1_220' title='bbox 1884 2716 2404 2795; x_wconf 86' lang='grc' dir='ltr'><strong><em>περιυβρίσαντα</em></strong></span> <span class='ocrx_word' id='word_1_221' title='bbox 2438 2732 2559 2792; x_wconf 87' lang='grc' dir='ltr'><strong><em>μο-</em></strong></span> 
     </span>
     <span class='ocr_line' id='line_1_26' title="bbox 217 2804 2558 2898; baseline 0 -22"><span class='ocrx_word' id='word_1_222' title='bbox 217 2813 440 2898; x_wconf 81' lang='grc' dir='ltr'><strong><em>χθηρᾷ</em></strong></span> <span class='ocrx_word' id='word_1_223' title='bbox 481 2809 764 2897; x_wconf 86' lang='grc' dir='ltr'><strong><em>χρηστὴν</em></strong></span> <span class='ocrx_word' id='word_1_224' title='bbox 819 2812 926 2876; x_wconf 86' lang='grc' dir='ltr'><strong><em>καὶ</em></strong></span> <span class='ocrx_word' id='word_1_225' title='bbox 975 2804 1345 2895; x_wconf 77' lang='grc' dir='ltr'><strong><em>εὖεργέτιδα</em></strong></span> <span class='ocrx_word' id='word_1_226' title='bbox 1385 2812 1503 2876; x_wconf 82' lang='grc' dir='ltr'><strong><em>τοῦ</em></strong></span> <span class='ocrx_word' id='word_1_227' title='bbox 1554 2809 1724 2876; x_wconf 82' lang='grc' dir='ltr'><strong><em>ἶδίου</em></strong></span> <span class='ocrx_word' id='word_1_228' title='bbox 1771 2810 2101 2876; x_wconf 87' lang='grc' dir='ltr'><strong><em>δεσπότου</em></strong></span> <span class='ocrx_word' id='word_1_229' title='bbox 2146 2816 2558 2897; x_wconf 88' lang='grc' dir='ltr'><strong><em>προαίρεσιν,</em></strong></span> 
     </span>
     <span class='ocr_line' id='line_1_27' title="bbox 219 2906 2560 2999; baseline 0 -21"><span class='ocrx_word' id='word_1_230' title='bbox 219 2914 327 2978; x_wconf 85' lang='grc' dir='ltr'><strong><em>καὶ</em></strong></span> <span class='ocrx_word' id='word_1_231' title='bbox 370 2910 488 2997; x_wconf 81' lang='grc' dir='ltr'><strong><em>τὴν</em></strong></span> <span class='ocrx_word' id='word_1_232' title='bbox 533 2911 778 2979; x_wconf 77' lang='grc' dir='ltr'><strong><em>ἐκείνου</em></strong></span> <span class='ocrx_word' id='word_1_233' title='bbox 823 2917 1035 2998; x_wconf 88' lang='grc' dir='ltr'><strong><em>κρίσιν</em></strong></span> <span class='ocrx_word' id='word_1_234' title='bbox 1082 2906 1551 2998; x_wconf 82' lang='grc' dir='ltr'><strong><em>ἇπονοηθέντα</em></strong></span> <span class='ocrx_word' id='word_1_235' title='bbox 1594 2910 1781 2995; x_wconf 84' lang='grc' dir='ltr'><strong><em>παρὰ</em></strong></span> <span class='ocrx_word' id='word_1_236' title='bbox 1826 2911 2082 2997; x_wconf 81' lang='grc' dir='ltr'><strong><em>φαῦλον</em></strong></span> <span class='ocrx_word' id='word_1_237' title='bbox 2113 2911 2560 2999; x_wconf 83' lang='grc' dir='ltr'><strong><em>ποιήσασθαι,</em></strong></span> 
     </span>
     <span class='ocr_line' id='line_1_28' title="bbox 218 3007 1716 3099; baseline -0.002 -20"><span class='ocrx_word' id='word_1_238' title='bbox 218 3011 297 3099; x_wconf 83' lang='grc' dir='ltr'><strong><em>ἣν</em></strong></span> <span class='ocrx_word' id='word_1_239' title='bbox 343 3012 531 3099; x_wconf 75' lang='grc' dir='ltr'><strong><em>ἐχρῆν</em></strong></span> <span class='ocrx_word' id='word_1_240' title='bbox 575 3008 656 3079; x_wconf 75' lang='grc' dir='ltr'><strong><em>δι’</em></strong></span> <span class='ocrx_word' id='word_1_241' title='bbox 708 3012 934 3091; x_wconf 75' lang='grc' dir='ltr'><strong><em>αἰδοῦς</em></strong></span> <span class='ocrx_word' id='word_1_242' title='bbox 979 3009 1159 3099; x_wconf 74' lang='grc' dir='ltr'><strong><em>ἄγειν</em></strong></span> <span class='ocrx_word' id='word_1_243' title='bbox 1203 3015 1312 3079; x_wconf 84' lang='grc' dir='ltr'><strong><em>καὶ</em></strong></span> <span class='ocrx_word' id='word_1_244' title='bbox 1358 3007 1716 3097; x_wconf 73' lang='grc' dir='ltr'><strong><em>εὐλαβείας.</em></strong></span> 
     </span>
    </p>
   </div>
   <div class='ocr_carea' id='block_1_5' title="bbox 833 3179 934 3187">
    <p class='ocr_par' dir='ltr' id='par_1_6' title="bbox 833 3179 934 3187">
     <span class='ocr_line' id='line_1_29' title="bbox 833 3179 934 3187; baseline 0.01 -1"><span class='ocrx_word' id='word_1_245' title='bbox 833 3179 934 3187; x_wconf 49' lang='lat'><strong><em>0³——</em></strong></span> 
     </span>
    </p>
   </div>
   <div class='ocr_carea' id='block_1_6' title="bbox 225 3258 2566 3418">
    <p class='ocr_par' dir='ltr' id='par_1_7' title="bbox 225 3258 2566 3418">
     <span class='ocr_line' id='line_1_30' title="bbox 359 3258 2566 3330; baseline -0.001 -13"><span class='ocrx_word' id='word_1_246' title='bbox 359 3266 379 3293; x_wconf 89' lang='lat'>²</span> <span class='ocrx_word' id='word_1_247' title='bbox 415 3265 528 3317; x_wconf 90' lang='lat' dir='ltr'><strong>Scil.</strong></span> <span class='ocrx_word' id='word_1_248' title='bbox 566 3269 679 3318; x_wconf 84' lang='lat' dir='ltr'><strong>Nov.</strong></span> <span class='ocrx_word' id='word_1_249' title='bbox 723 3269 831 3319; x_wconf 87' lang='lat'><strong>100.</strong></span> <span class='ocrx_word' id='word_1_250' title='bbox 1012 3268 1033 3295; x_wconf 75' lang='lat'><strong>³</strong></span> <span class='ocrx_word' id='word_1_251' title='bbox 1069 3268 1218 3319; x_wconf 84' lang='lat' dir='ltr'>Codd.</span> <span class='ocrx_word' id='word_1_252' title='bbox 1257 3276 1304 3318; x_wconf 82' lang='lat' dir='ltr'><strong><em>et</em></strong></span> <span class='ocrx_word' id='word_1_253' title='bbox 1338 3268 1437 3318; x_wconf 83' lang='lat' dir='ltr'><strong>Ecl.</strong></span> <span class='ocrx_word' id='word_1_254' title='bbox 1475 3258 1589 3327; x_wconf 74' lang='grc' dir='ltr'><strong><em>τήν.</em></strong></span> <span class='ocrx_word' id='word_1_255' title='bbox 1667 3268 1765 3317; x_wconf 82' lang='lat' dir='ltr'><strong><em>Sed</em></strong></span> <span class='ocrx_word' id='word_1_256' title='bbox 1800 3268 1993 3317; x_wconf 86' lang='lat' dir='ltr'>omnino</span> <span class='ocrx_word' id='word_1_257' title='bbox 2031 3258 2096 3326; x_wconf 71' lang='grc' dir='ltr'><strong><em>ἣν</em></strong></span> <span class='ocrx_word' id='word_1_258' title='bbox 2133 3267 2477 3330; x_wconf 82' lang='lat' dir='ltr'>reponendum,</span> <span class='ocrx_word' id='word_1_259' title='bbox 2516 3275 2566 3315; x_wconf 82' lang='lat' dir='ltr'><strong><em>ut</em></strong></span> 
     </span>
     <span class='ocr_line' id='line_1_31' title="bbox 225 3342 2187 3418; baseline -0.001 -17"><span class='ocrx_word' id='word_1_260' title='bbox 225 3353 376 3402; x_wconf 75' lang='lat' dir='ltr'><strong>oratio</strong></span> <span class='ocrx_word' id='word_1_261' title='bbox 415 3353 485 3402; x_wconf 72' lang='lat' dir='ltr'><strong><em>sic</em></strong></span> <span class='ocrx_word' id='word_1_262' title='bbox 522 3354 782 3417; x_wconf 78' lang='lat' dir='ltr'>procedat:</span> <span class='ocrx_word' id='word_1_263' title='bbox 823 3349 908 3402; x_wconf 83' lang='grc' dir='ltr'><strong><em>δεῖ</em></strong></span> <span class='ocrx_word' id='word_1_264' title='bbox 941 3387 951 3398; x_wconf 91' lang='grc'><strong><em>.</em></strong></span> <span class='ocrx_word' id='word_1_265' title='bbox 980 3388 991 3398; x_wconf 93' lang='grc'><em>.</em></span> <span class='ocrx_word' id='word_1_266' title='bbox 1020 3388 1030 3399; x_wconf 93' lang='grc'><strong>.</strong></span> <span class='ocrx_word' id='word_1_267' title='bbox 1074 3350 1506 3402; x_wconf 75' lang='grc' dir='ltr'><strong><em>συντελέσασθαι</em></strong></span> <span class='ocrx_word' id='word_1_268' title='bbox 1541 3345 1707 3417; x_wconf 76' lang='grc' dir='ltr'><strong><em>τιμὴν</em></strong></span> <span class='ocrx_word' id='word_1_269' title='bbox 1741 3342 1807 3411; x_wconf 66' lang='grc' dir='ltr'><strong><em>ἣν</em></strong></span> <span class='ocrx_word' id='word_1_270' title='bbox 1843 3345 2187 3418; x_wconf 75' lang='grc' dir='ltr'><strong><em>ὁμολογήσει.</em></strong></span> 
     </span>
    </p>
   </div>
  </div>
 </body>
</html>
