2900 4950
1140 195 1254 258 imp.
1294 194 1440 245 Alexii
1479 193 1726 244 comneni.
2466 178 2597 242 347

265 338 349 426 „5
388 340 699 429 βασιλεὺς
742 341 1065 410 δίδοσθαι
1105 342 1226 425 μὲν
1268 339 1387 428 τὴν
1431 337 1974 408 ἀποκατάστασιν
2003 349 2149 418 τοῖς
2177 335 2455 426 ἀφῆλιξ-’,ιὶ
2480 342 2599 461 τοῦ

266 446 641 530 σωματικοῦ
688 438 882 537 ὅρκου
929 436 1046 508 οὐκ
1089 436 1366 523 ἀνένευε,
1415 443 1644 563 φειδοῖ
1687 443 1759 508 δὲ
1800 445 1916 508 τοῦ
1963 438 2157 527 ὅρκου
2199 439 2438 527 ταύτην
2483 465 2599 507 av-

263 546 379 626 τὸς
421 545 681 616 διδόναι
725 538 798 610 ού
848 535 1311 630 συγκατένευε“
1329 564 1343 579 ·
1390 546 1539 622 πῶς
1584 570 1665 610 αν
1695 542 2005 630 δικαστὴς
2048 541 2365 621 ἐλάσσων,
2413 566 2450 606 ο
2479 548 2601 626 βα-

268 646 487 727 σιλεὺς
525 652 945 732 χαρίσασθαι
986 638 1102 711 ούκ
1145 644 1478 732 ἐθάῤῥησε
1519 645 1637 711 τὸν
1684 644 1887 728 μείζω
1941 645 2222 730 βασιλέα
2264 647 2376 710 καὶ
2420 643 2629 734 dana-t

267 749 426 837 στὴν
490 745 998 832 εὐλαβούμενος,
1057 742 1565 832 ἀπερισκέπτως
1622 743 1832 825 οὸτως
1876 741 2349 832 ἀποθαῤῥήσει
2392 742 2605 831 δωρή-

267 856 559 931 σασθαι,
605 852 712 917 καὶ
757 850 979 934 μεῖζον
1022 848 1233 935 ἑαυτῷ
1278 847 1601 935 περιόψει
1641 847 1878 934 κράτος
1920 851 2038 914 τοῦ
2081 847 2440 932 βασιλέως,
2497 838 2598 932 ἐφ’

268 947 371 1031 οἷς
415 949 545 1037 ἄρα
587 955 681 1037 τῷ
726 956 850 1037 νέῳ
893 948 1009 1037 τὴν
1052 949 1219 1017 κατὰ
1247 954 1415 1018 θεοῦ
1441 948 1859 1036 χαρίσασθαι
1886 950 2132 1036 τόλμην
2172 947 2603 1035 βερόύληται,ο

267 1059 557 1137 καίτοιγε
599 1051 716 1137 τὴν
758 1051 923 1118 κατὰ
964 1055 1097 1118 τῶν
1144 1052 1244 1131 δὶς
1286 1058 1677 1138 κεκριμένων
1709 1046 2250 1118 ἀποκατάστασιν
2281 1061 2425 1129 τοῖς
2454 1044 2604 1117 ἀτε-

269 1155 450 1221 λέσιν
496 1148 570 1219 ού
620 1149 856 1219 δίδωσι
901 1152 1238 1240 δικαστὴς,
1295 1153 1607 1240 βασιλεὺς
1662 1155 1734 1220 δὲ
1776 1152 2017 1239 ταύτην
2063 1152 2221 1238 ἐλέῳ
2265 1156 2395 1218 τῶν
2441 1157 2604 1218 νέων

264 1253 602 1339 χαρίζεται
625 1257 755 1331 (καὶ
782 1256 955 1340 λέγει
974 1257 1170 1321 τοῦτο
1197 1255 1365 1322 διάτ.
1390 1259 1510 1322 τοῦ
1532 1253 1684 1322 κώδ.
1711 1255 1779 1323 ἐν
1799 1262 1890 1341 βι.
1908 1259 1954 1290 ²⁰
1978 1254 2017 1321 ι’
2044 1258 2174 1321 τῶν
2196 1255 2603 1339 βασιλικῶν),

272 1356 566 1424 ἐνταῦθα
610 1357 682 1423 δὲ
724 1355 802 1422 τὸ
845 1358 1050 1423 πλέον
1097 1357 1227 1437 ἕξει
1267 1360 1386 1423 τοῦ
1428 1358 1757 1443 βασιλέως
1801 1353 1837 1422 ὅ
1884 1356 2231 1442 δικαστής,·
2275 1354 2387 1423 καὶ
2431 1351 2604 1421 ὅπου

271 1467 778 1545 περιφρονεῒται
820 1457 985 1536 θεὸς
1013 1460 1120 1524 καὶ
1147 1457 1224 1526 τὸ
1252 1455 1440 1545 ἅγιον
1465 1457 1702 1525 τούτου
1745 1459 2202 1544 μυκτηρίζεται
2227 1454 2456 1541 ὄνομα,
2506 1455 2607 1523 ἑν-

268 1562 494 1628 ταῦθα
536 1558 612 1626 τὸ
654 1565 965 1646 μέγιστον
1011 1565 1197 1647 σχοίη
1240 1563 1360 1626 τοῦ
1403 1561 1733 1645 βασιλέως
1791 1556 1827 1626 ὃ
1873 1559 2172 1647 ἰδιώτης,
2229 1562 2336 1626 καὶ
2397 1556 2433 1625 ὃ
2486 1558 2607 1644 μὲν

270 1660 516 1740 ἐκεῖνος
558 1662 793 1728 δοῦναι
836 1655 952 1727 οὐκ
996 1661 1371 1746 ἐτόλμησεν,
1420 1651 1615 1741 οὗτος
1648 1657 2190 1748 ἀνερυθριάστως
2227 1660 2607 1747 χαρίζηται,·

268 1765 375 1830 καὶ
420 1771 522 1842 τίς
565 1758 918 1847 ἀνάσχοιτο
960 1766 1078 1850 τῆς
1123 1757 1410 1841 ἀτοπίας
1451 1766 1570 1829 τοῦ
1614 1764 2036 1850 πράγματος,
2105 1762 2473 1847 ἄνθρωπος
2516 1756 2607 1829 ὢν

268 1868 376 1933 καὶ
422 1864 592 1952 λόγῳ
636 1864 1025 1949 τιμώμενος,
1071 1866 1180 1931 καὶ
1222 1867 1340 1929 τοῦ
1383 1868 1552 1932 θεοῦ
1596 1867 1826 1952 κλῆσιν
1866 1862 1974 1932 ὅτι
2016 1867 2183 1932 ποτὲ
2229 1864 2409 1932 ἐστὶν
2439 1861 2610 1942 ὅλως

270 1967 494 2046 εἰδὼς,
559 1970 670 2034 καὶ
712 1972 817 2045 τίς
869 1962 907 2053 ἦ
955 1965 1213 2032 ἐκεῖθεν
1259 1959 1597 2043 ἀντίδοσις
1651 1970 1784 2033 τῶν
1843 1965 2136 2033 ἐνταῦθα
2190 1970 2609 2051 βεβιωμένων

273 2069 385 2138 διὰ
427 2072 544 2155 τῆς
584 2064 904 2155 ἡμετέρας
948 2067 1376 2144 διδασκαλίας
1419 2066 1862 2153 παραλαβών,·
1910 2068 1969 2134 εἰ
2013 2068 2219 2134 δὲκαὶ
2252 2062 2610 2151 ἀντιλέγειν

269 2173 374 2249 τὶς
418 2171 583 2248 ἰ’σως
628 2168 979 2253 ἐπιχειρῶν
1023 2173 1412 2235 συντίθεται
1453 2170 1574 2253 μὲν
1618 2170 1727 2235 καὶ
1770 2164 2001 2248 αὐτὸς,
2053 2166 2321 2256 ἰδιώτην
2363 2168 2451 2256 μὴ
2499 2165 2613 2234 δύ-

272 2278 529 2339 νασθαι
574 2273 805 2337 δοῦναι
846 2270 963 2357 τὴν
1006 2268 1173 2336 κατὰ
1217 2273 1596 2354 σωματικοῦ
1642 2266 1836 2356 ὅρκου
1882 2264 2444 2350 ἀποκατάστασιν,
2489 2277 2613 2356 βα-

273 2374 450 2442 σιλεῖ
494 2373 564 2440 δὲ
607 2371 724 2460 τὴν
766 2370 1077 2459 τοιαύτην
1123 2370 1425 2452 ἐξουσίαν
1470 2382 1856 2456 προσεῖναι,
1921 2367 2228 2440 κάκεῖθεν
2288 2372 2454 2455 ἔχειν
2496 2370 2612 2439 τὸν

272 2481 419 2544 νέον
460 2474 539 2542 τὸ
586 2475 849 2562 ἰσχυρὸν
906 2474 1000 2554 εἰς
1052 2473 1169 2562 τὴν
1225 2477 1342 2541 τοῦ
1399 2478 1777 2558 σωματικοῦ
1837 2469 2032 2560 ὅρκου
2079 2469 2433 2558 ἀθέτησιν,
2497 2468 2614 2541 ούκ

275 2574 427 2646 οἶδα
493 2579 552 2647 εἰ
619 2581 774 2662 περὶ
842 2579 1171 2664 βασιλέως
1238 2565 1434 2656 οὗτος
1502 2578 1674 2662 λέγει
1744 2573 1779 2642 ὃ
1849 2575 2218 2662 ἄνθρωπος
2284 2573 2453 2645 ἀλλὰ
2520 2575 2610 2665 μὴ

272 2681 591 2767 τυράννου
648 2682 755 2747 καὶ
816 2675 1203 2747 ἀποστάτου
1267 2680 1376 2744 καὶ
1432 2681 1550 2766 τῆς
1604 2684 1802 2758 θείας
1854 2679 2072 2764 χειρὸς
2134 2674 2615 2768 ἀφηνιάζοντος

274 2779 594 2866 ἄντικρυς.
686 2781 745 2848 εἰ
787 2780 909 2867 γάρ
951 2782 1250 2866 βασιλεῖς
1292 2778 1405 2846 διὰ
1433 2780 1601 2847 θεὸν
1628 2779 2075 2865 βασιλεύουσι,
2121 2777 2428 2849 κάκεῖθεν
2456 2778 2615 2870 ἡμῖν

273 2882 353 2948 τὸ
399 2882 891 2962 ἐξουσιαστικὸν
935 2884 1044 2948 καὶ
1090 2876 1207 2948 οὐκ
1251 2879 1559 2960 ἄλλοθεν,
1606 2888 1708 2960 τίς
1753 2876 1831 2949 ἂν
1879 2883 1977 2970 εἴη
2014 2882 2395 2968 πάντολμος
2420 2891 2618 2971 βασι-

275 2983 456 3063 λεὺς,
515 2982 589 3061 ὃς
641 2985 751 3049 καὶ
809 2977 970 3049 αὐτὸ
1013 2982 1091 3048 τὸ
1137 2981 1419 3070 ἐννόημα
1471 2978 1561 3061 ὡς
1605 2979 1906 3069 ἄντικρυς
1951 2984 2139 3069 ἔργου
2185 2981 2260 3051 οὗ
2306 2987 2612 3073 δυσωπη-

277 3084 570 3172 θήσεται
613 3078 1075 3169 ἀποτέλεσμας
1122 3078 1261 3150 ἀλλ’
1297 3077 1449 3150 οῦδὲ
1480 3082 1617 3169 πρὸ
1646 3087 1762 3172 τῆς
1791 3084 2137 3172 παρούσης
2163 3084 2404 3172 ταύτης
2433 3082 2618 3175 ἡμῶν

273 3184 764 3273 χρυσοβούλλου
826 3188 1085 3274 γραφῆς
1142 3179 1331 3270 οἶμαί
1384 3210 1552 3252 ποτε
1608 3181 1651 3273 ἢ
1705 3184 2016 3273 δικαστὴν
2079 3181 2123 3275 ἢ
2182 3190 2463 3274 βασιλέα
2526 3188 2621 3268 εἰς

280 3283 610 3356 ἀπόνοιαν
651 3287 977 3376 τοσαύτην
1021 3287 1266 3367 ἐλθεῖν,
1316 3282 1406 3366 ὥς
1451 3282 1534 3353 δι’
1580 3280 2184 3369 ἀποκαταστάσεως
2229 3283 2619 3376 ἀνατρέπειν

279 3388 475 3480 ὅρκου
522 3389 713 3458 δόσιν
757 3393 1135 3476 σωματικοῦ
1180 3391 1287 3457 καὶ
1333 3388 1942 3479 ἐνεσχηματισμένῳ
1998 3391 2167 3460 ἐλέει
2206 3395 2324 3480 τῆς
2363 3387 2623 3481 ἡλικίας

279 3493 614 3582 πρόδηλον
647 3491 933 3579 εἰσάγειν
963 3488 1271 3579 ἀσεβείας
1312 3486 1672 3578 ὖπεροχήν·
1716 3494 1824 3559 καὶ
1870 3496 1983 3561 νῦν
2024 3493 2193 3579 μετὰ
2220 3494 2336 3581 τὴν
2366 3498 2623 3580 παροῦ-

281 3618 403 3662 σαν
458 3592 644 3682 ἡμῶν
700 3594 943 3684 ταύτην
998 3589 1138 3662 ἀπὸ
1197 3594 1614 3681 διαγνώσεως
1667 3603 2229 3686 μεμεριμνημένης
2273 3592 2622 3686 ἀπόφασιν

282 3691 400 3763 οῦκ
443 3694 523 3764 ἄν
566 3721 735 3764 ποτε
779 3697 931 3765 οὕτε
975 3696 1286 3784 δικαστὴς
1330 3695 1482 3764 οὔτε
1523 3696 1834 3783 βασιλεὺς
1878 3699 2398 3786 δυσσεβέστατον
2431 3721 2626 3765 κακο-

284 3799 511 3879 δοξίας
555 3798 767 3884 ἑαυτῷ
811 3797 1163 3883 προσάψει
1207 3798 1509 3885 ἔγκλημα,
1557 3797 1671 3864 διὰ
1713 3799 1980 3885 θάλψιν
2021 3804 2153 3868 τῶν
2183 3806 2515 3885 νεωτέρων
2544 3797 2622 3865 τὸ

283 3906 482 3968 θεῖον
526 3897 921 3986 ὑβρίζεσθαι
961 3898 1049 3986 μὴ
1096 3894 1596 3983 ἀπαρνούμενος
1641 3896 1867 3983 ὄνομα.

454 4000 1001 4088 Παρεγγυώμεθα
1055 4000 1178 4088 γὰρ
1236 3997 1457 4066 ἅπασι
1512 4000 1855 4079 δικασταῖς
1912 4000 2212 4081 ἰδιώταις
2263 4006 2371 4068 καὶ
2427 4008 2623 4087 βασι-

286 4240 413 4289 verbi
447 4237 810 4309 παραγραφή.
980 4238 1022 4268 ²⁰
1058 4241 1175 4291 Cod.
1213 4234 1313 4301 δῆτ
1348 4233 1408 4290 ἐν
1440 4241 1516 4304 βι.
1554 4233 1684 4290 πόδ’.
1762 4242 2070 4307 Intelligeuda
2104 4242 2288 4295 videtur
2322 4260 2364 4295 c.
2401 4244 2433 4296 3
2471 4244 2523 4296 C.
2562 4245 2620 4307 ΙΙ,

287 4322 356 4374 26
392 4324 553 4384 (nasu.
587 4327 641 4389 x,
676 4327 729 4391 9,
763 4327 813 4388 3)
849 4334 932 4378 aut
966 4343 1009 4377 ο.
1052 4327 1073 4376 1
1116 4326 1169 4377 c,
1207 4327 1266 4391 11,
1302 4327 1370 4378 4ss
1404 4325 1567 4391 (nasu.
1605 4328 1660 4391 x,
1697 4326 1777 4392 29,
1818 4328 1885 4389 ι).
