2900 4950
354 281 435 342 64
1249 293 1366 343 con.
1406 295 1440 343 ι.
1511 294 1624 343 Nov.
1657 293 1810 343 xxxi.

352 444 644 528 γαμικῶν
686 440 932 525 κερδῶν
978 439 1345 519 ἐκπίπτειν,
1391 441 1501 507 καὶ
1545 437 1630 505 τὰ
1666 438 1934 522 δεύτερα
1960 442 2095 506 τῶν
2123 439 2422 526 μητέρων
2454 441 2522 509 ἐν
2550 452 2698 522 τοῖς

356 543 552 621 ἰδίοις
594 546 845 619 τέκνοις
890 540 1072 623 ἔχειν.
1140 540 1308 625 μετὰ
1353 542 1424 607 δὲ
1466 539 1585 628 τὴν
1630 535 1830 605 αὐτοῦ
1860 538 2163 628 τελευτὴν
2192 536 2699 627 ὑπεισέρχονται

351 644 417 710 οἱ
474 643 543 709 ἐκ
596 647 712 709 τοῦ
772 641 1042 727 πρώτου
1099 647 1511 712 συνοικεσίου
1566 646 1908 723 τεχθέντες
1963 641 2205 718 παῖδες
2261 640 2381 709 σὺν
2425 653 2568 721 τοῖς
2628 643 2697 710 ἐκ

353 746 657 829 δευτέρου
717 750 1129 810 συνοικεσίου
1185 750 1487 827 τεχθεῒσι
1542 745 1781 810 παισὶν
1838 742 1932 819 εἷς
1983 740 2102 828 τὴν
2163 738 2436 809 ἅπασαν
2492 738 2696 810 αὐτοῦ

351 851 744 930 περιουσίαν
790 839 1179 930 άδελφικῶς.
1268 844 1355 930 μὴ
1404 844 1665 925 ἔχοντος
1708 842 1937 910 ἄδειαν
1995 845 2112 907 τοῦ
2155 843 2415 926 πατρὸς
2458 870 2696 928 περαι-

349 953 518 1030 τέρω
563 949 680 1011 τοῦ
728 946 1080 1031 φαλκιδίου
1124 944 1578 1024 καταδικάζειν
1621 943 1775 1023 τοὺς
1820 944 1888 1010 ἐκ
1927 947 2046 1009 τοῦ
2091 942 2363 1025 πρώτου
2401 969 2696 1014 συνοικε-

353 1053 503 1112 σῖου
546 1047 798 1124 παῖδας
843 1040 1077 1114 αὐτοῦ·
1138 1046 1197 1113 εἰ
1243 1047 1314 1111 δέ
1355 1069 1427 1131 γε
1469 1045 1779 1132 βούλοιτο
1823 1044 2098 1123 τούτους
2155 1046 2689 1132 φιλοτιμεῖσθαι,

352 1146 581 1216 ἄδειαν
628 1147 840 1230 ἐχέτω.

505 1245 655 1314 Ὅτι
697 1248 968 1314 πάντων
1009 1251 1142 1314 τῶν
1203 1249 1467 1314 παίδων
1522 1244 2181 1333 προτελευτησάντων
2224 1248 2342 1332 τῆς
2394 1247 2693 1331 δευτερο-

347 1348 732 1436 γαμησάσης
786 1349 1059 1436 μητρός,
1136 1343 1520 1436 ἆναγραπτὴ
1589 1354 1840 1433 γίνεται
1901 1344 1941 1435 ἡ
1998 1347 2250 1414 τούτων
2310 1355 2686 1433 περιουσία.

349 1452 457 1516 καὶ
517 1451 576 1517 εἰ
630 1452 750 1534 μὲν
805 1449 1050 1531 τύχωσι
1102 1454 1234 1517 τῶν
1292 1446 1612 1517 ἀνιόντων
1668 1451 1873 1528 τινὲς,
1941 1454 2244 1515 τουτέστι
2298 1447 2606 1515 πάππων
2649 1444 2691 1537 ἢ

351 1550 816 1635 προπάππων,
864 1554 980 1615 τοῦ
1013 1551 1310 1617 ἐναντίου
1343 1554 1506 1636 λέγω
1536 1557 1791 1635 μέρους,
1837 1553 1942 1616 καὶ
1974 1549 2265 1635 μάλιστα
2296 1544 2693 1635 ἀναθρεψά-

348 1675 564 1735 μενος,
611 1652 1116 1735 συμμεριζέσθω
1161 1651 1328 1734 μετὰ
1369 1657 1487 1739 τῆς
1526 1652 1772 1739 μητρὸς
1815 1655 1947 1718 τῶν
1979 1652 2241 1717 παίδων
2288 1649 2357 1728 ἐξ
2389 1651 2537 1734 ἰ’σης
2580 1653 2689 1718 καὶ

351 1746 455 1818 ἐπ’
492 1752 640 1838 ἴσης
666 1757 904 1836 μοίρας
945 1756 1024 1839 τῇ
1067 1755 1201 1817 τῶν
1240 1752 1901 1840 προτελευτήσάντων
1947 1752 2208 1817 παίδων
2250 1757 2466 1837 μητρί.
2528 1752 2587 1818 εἰ
2619 1752 2693 1819 δέ

349 1875 424 1936 γε
465 1855 597 1918 τῶν
643 1852 711 1919 ἐκ
754 1855 1040 1939 πλαγίου
1070 1853 1226 1940 τύχῃ
1273 1850 1846 1940 ἀναθρεψάμενος,
1893 1858 2230 1917 τουτέστιν
2263 1846 2554 1939 ἀδελφὸς
2580 1853 2694 1919 καὶ

352 1949 649 2036 ἀνεψιὸς,
697 1960 891 2032 θεῖος
933 1958 1041 2021 καὶ
1088 1954 1464 2042 ἐξάδελφος,
1520 1957 1905 2040 λαμβανέτω
1950 1953 2026 2018 τὸ
2071 1959 2293 2039 τρίτον
2335 1960 2534 2039 μέρος
2576 1958 2693 2040 τῆς

351 2062 744 2140 περιουσίας
786 2059 903 2122 τοῦ
946 2055 1454 2141 τελευτήσαντος
1500 2046 1722 2134 οὗτος,
1780 2054 1859 2120 τὸ
1905 2055 1977 2121 δὲ
2032 2054 2690 2138 καταλιμπανόμενον

348 2151 405 2260 ἡ,
455 2156 665 2243 μήτηρ
697 2158 1242 2278 ηκληρονομείτω
1307 2163 1506 2224 τοῦτο
1573 2158 1647 2223 δὲ
1703 2161 2100 2243 σημείωσαι,
2169 2152 2328 2222 ὅταν
2384 2150 2499 2221 ούκ
2564 2180 2693 2222 ωσι

351 2259 593 2336 παῖδες
634 2261 767 2323 τῶν
812 2259 1075 2326 παίδων
1118 2257 1230 2324 καὶ
1270 2259 1360 2344 μὴ
1407 2259 1732 2346 διάθηται
1776 2254 1811 2323 ὅ
1857 2268 2022 2335 παῖς
2068 2253 2104 2322 ὃ
2133 2256 2539 2343 τελευτήσας.
2631 2256 2691 2324 εἰ

351 2358 425 2423 δὲ
466 2360 582 2444 τῆς
627 2356 922 2436 ἐντελοῦς
963 2358 1243 2441 τύχωσιν
1287 2358 1546 2445 ἡλικίας
1590 2360 1654 2426 οἱ
1699 2359 1939 2437 παῖδες
1977 2361 2086 2424 καὶ
2130 2358 2502 2443 βούλωνται
2545 2360 2691 2424 δια-

349 2463 630 2538 θέσθαι,
676 2456 765 2545 μή
809 2460 1299 2527 κωλυέσθωσαν
1344 2460 1672 2547 διαθήκας
1715 2470 1972 2541 ποιεῖν,
2030 2459 2260 2540 καθὼς
2309 2462 2417 2527 καὶ
2462 2456 2690 2540 αύτοῒς

350 2560 625 2627 δίδωσιν
670 2558 899 2626 ἄδειαν
947 2557 982 2625 ὃ
1030 2559 1249 2642 νόμος.

512 2656 584 2727 Ὁ
651 2656 902 2739 αὐτὸς
967 2656 1307 2746 εὐσεβὴς
1372 2663 1570 2728 λέων
1634 2663 2032 2747 βασιλεὺς
2096 2663 2506 2747 στυλιανῷ
2578 2665 2687 2749 τῷ

349 2757 1003 2847 ύπερφυεστάτῳ
1047 2768 1481 2847 μαγίστρῳ
1525 2767 1685 2829 τῶν
1728 2769 1987 2831 θείων
2033 2760 2449 2851 ὀφφικίων
2494 2765 2685 2847 περὶ

348 2865 506 2928 τῶν
573 2862 1081 2948 ἑπιγαμικῶν
1148 2867 1665 2949 συμφωνιῶν.
1758 2865 1922 2943 εἴτις
1961 2864 2081 2951 τὴν
2125 2864 2358 2931 ἑαυτοῦ
2403 2863 2686 2950 γαμετὴν

351 2958 680 3050 ἀποβάλῃ,
728 2968 1232 3048 παρακρατείτω
1263 2962 1347 3029 τὰ
1378 2963 1632 3044 ἑαυτοῦ,
1679 2963 1830 3053 ἤτοι
1857 2966 1973 3053 τὴν
2007 2965 2141 3050 πρὸ
2171 2964 2381 3050 γάμου
2413 2964 2683 3051 δωρεάν.

347 3067 455 3130 καὶ
502 3064 562 3131 εἰ
601 3066 722 3148 μὲν
766 3066 1019 3142 παῖδας
1062 3064 1193 3146 ἔχει
1237 3063 1309 3144 ἐξ
1349 3060 1550 3132 αὐτοῦ
1606 3070 1723 3133 τοῦ
1781 3074 2219 3146 συνοικεσίου,
2281 3066 2476 3149 ἐχέτω
2519 3065 2687 3133 κατὰ

348 3166 741 3233 δεσποτείαν
807 3165 875 3233 ἐκ
937 3169 1055 3252 τῆς
1114 3165 1391 3251 προικὸς
1454 3167 1622 3234 κατὰ
1679 3164 2030 3253 ἀναλογίαν
2085 3167 2232 3246 ἑνὸς
2286 3168 2535 3245 παιδὸς
2591 3167 2688 3247 εἷς

345 3268 580 3353 κλῆρον
627 3266 933 3348 δηλονότι
972 3265 1062 3352 μὴ
1108 3268 1808 3356 προδευτερογαμήσας
1850 3264 1888 3334 ὅ
1931 3267 2181 3333 τούτων
2223 3266 2466 3352 γονεύς.

510 3364 595 3433 ‘H
636 3370 906 3452 δευτέρα
947 3366 1102 3454 γυνὴ
1132 3363 1174 3454 ἢ
1202 3367 1286 3434 τὰ
1327 3375 1736 3454 γεγραμμένα
1767 3364 1927 3455 αὐτῇ
1975 3367 2311 3452 λαμβάνει,
2357 3362 2400 3455 ἢ
2441 3378 2684 3452 μοῖραν

348 3467 495 3545 ἑνὸς
538 3468 783 3546 παιδὸς
827 3471 958 3533 τῶν
1003 3468 1347 3554 προγόνων
1403 3466 1633 3554 αὐτῆς·
1691 3469 1768 3534 τὸ
1827 3469 1898 3534 δὲ
1948 3468 2140 3552 χρέος
2195 3472 2465 3554 πρῶτον
2508 3465 2685 3536 ἀπο-

353 3569 634 3648 δίδοται,
681 3571 791 3635 καὶ
834 3565 1044 3648 οὕτως
1087 3570 1406 3655 λαμβάνει
1450 3565 1490 3654 ἡ
1533 3568 1688 3656 γυνὴ
1732 3563 1776 3654 ἢ
1815 3567 1900 3635 τὰ
1940 3575 2351 3656 γεγραμμένα
2386 3567 2636 3658 ἢκαθιί
2651 3597 2686 3651 ς

348 3672 584 3757 ἔλαβον
625 3671 693 3737 οἱ
736 3672 977 3749 παῖδες
1018 3671 1129 3738 καὶ
1171 3670 1248 3737 τὸ
1290 3674 1525 3756 βρῶμα
1569 3665 1768 3757 αὐτῆς
1813 3672 1937 3750 ἕως
1980 3672 2331 3739 ἐνιαυτοῦῆ

481 3858 501 3886 ²
538 3860 812 3910 Bonefidius
846 3861 932 3910 JO.
976 3876 1019 3924 p.
1047 3862 1075 3910 7
1101 3858 1214 3909 -12
1252 3859 1329 3908 hic
1365 3875 1419 3909 ex
1442 3860 1660 3910 Cedreno
1693 3862 1828 3911 locos
1865 3863 2098 3927 quosdam
2137 3862 2391 3923 congessit,
2429 3860 2479 3909 in
2502 3861 2680 3922 quibus

347 3950 447 3994 tum
485 3945 658 3994 Leonis
695 3945 905 3994 Armenii
934 3945 1170 4009 judicium
1210 3944 1268 3992 de
1304 3943 1521 3994 adultero
1571 3953 1617 3995 et
1665 3947 1905 4011 praefecto
1953 3948 2245 4009 negligente,
2293 3952 2394 3992 tum
2430 3944 2678 4006 Theophili

348 4029 539 4078 saevitia
588 4029 636 4078 in
688 4030 917 4090 imagines
966 4037 1012 4078 ct
1061 4029 1324 4078 monachos
1372 4038 1691 4092 memoratur,
1750 4032 2040 4081 connubium
2093 4028 2248 4078 Persis
2298 4042 2407 4076 cum
2455 4028 2680 4078 Romanis

347 4114 407 4163 ah
445 4127 502 4161 eo
539 4128 824 4162 concessum
862 4128 969 4162 esse
1006 4122 1252 4176 narratur,
1301 4112 1511 4162 edictum
1545 4114 1606 4162 de
1643 4114 1920 4176 capiliorum
1957 4122 2155 4162 tonsura
2190 4112 2249 4160 ab
2286 4126 2343 4160 co
2381 4113 2678 4174 propositum

348 4196 567 4257 refertur,
605 4196 812 4260 denique
848 4198 1085 4246 sententia
1119 4198 1178 4246 ab
1211 4198 1316 4260 ipso
1354 4197 1403 4245 in
1439 4197 1610 4246 ducem
1635 4197 1862 4260 injustum
1900 4197 1994 4245 luta
2019 4196 2284 4259 exponitur.
2357 4196 2491 4253 Quae
2521 4199 2681 4247 omnin

346 4283 411 4331 ita
447 4296 615 4345 purum
634 4282 932 4332 Novellarum
967 4281 1239 4331 collectioni
1275 4282 1575 4344 conveniunt,
1614 4289 1666 4329 ut
1698 4294 1755 4330 ea
1781 4282 1909 4330 nein
1929 4288 2069 4331 notas
2103 4279 2297 4343 quidem
2333 4282 2680 4333 transscribere

345 4364 590 4416 voluerim.
